3234 5084
268 457 394 509 canu.
411 456 451 506 nn
465 454 577 507 anano.
595 454 687 508 amar
701 456 739 506 rr
752 456 824 507 osu.
842 455 987 508 minnan.
999 457 1070 509 aar.
1083 459 1106 508 1.
1190 439 1259 508 uls

143 576 235 653 illius
259 573 370 673 gentis
395 571 546 660 indoles,
565 597 654 672 quoe
670 597 863 671 supremam
889 571 1098 673 imperialem
1119 572 1264 672 dignite-

143 710 208 767 tem
232 691 322 768 uelut
346 714 444 764 sacro
467 687 615 788 quodam
638 686 731 762 cultu
755 687 1042 787 prosequebatur,
1075 688 1194 790 illique
1222 716 1264 766 ea

143 808 243 882 etiam
274 803 469 891 deserebat,
502 829 590 903 quae
622 802 708 877 iuris
741 801 905 878 ecclcsiae
941 820 1040 892 sunt,
1084 805 1195 879 effecit
1226 822 1265 880 ut

143 922 254 1022 graeci
279 918 519 994 assentationis
545 918 667 1016 spiritu
696 917 788 992 ducti
814 920 986 1018 coeperint
1015 919 1217 1019 pedetentim
1243 948 1264 994 a

144 1048 314 1149 primaevo
338 1043 490 1116 instituto
522 1041 731 1129 desciscere,
759 1058 861 1143 alque
884 1070 926 1117 ex
950 1044 1157 1145 praescripto
1182 1045 1264 1119 civi-

146 1161 228 1235 lium
252 1159 365 1257 legum
391 1183 467 1231 sese
485 1183 600 1255 gerere
619 1156 652 1231 in
671 1156 736 1231 boc
755 1157 953 1257 praesertim
971 1159 1123 1256 negotio,
1144 1159 1179 1231 in
1196 1185 1265 1260 quo

145 1277 348 1377 cupiditales
370 1299 523 1372 magnam
545 1273 628 1347 adeo
653 1273 719 1346 sibi
745 1289 874 1373 partam
891 1273 1076 1348 vindicant.
1097 1274 1149 1347 Ab
1166 1275 1263 1349 initio

147 1391 286 1492 quidem
300 1389 433 1478 timide,
454 1405 572 1490 postea
583 1414 662 1464 vero
674 1388 858 1477 audacius,
879 1415 957 1464 cum
973 1389 1179 1465 consuetudo
1197 1391 1264 1465 ium

148 1505 235 1581 ultas
260 1505 390 1578 radices
415 1503 541 1602 egisset
548 1533 559 1591 ;
586 1504 693 1579 donec
718 1503 816 1601 longe
841 1502 975 1605 lateque
1000 1505 1202 1595 obtinuerit,
1232 1523 1267 1580 et

148 1630 381 1730 quadantenus
401 1629 572 1728 pessimus
589 1654 662 1702 mos
681 1628 947 1729 praescripserit,
969 1629 1265 1706 dissimulantibus

149 1745 265 1845 prius,
299 1744 421 1819 deinde
443 1771 524 1820 vero
548 1743 768 1845 probantibus
794 1745 960 1845 supremis
987 1744 1080 1818 illius
1104 1746 1266 1822 ecclesiae

149 1857 353 1960 pastoribus.

225 1974 332 2073 blagis
357 1989 469 2050 autem
494 1998 535 2048 ac
559 1976 668 2073 magis
692 1973 821 2049 abusus
846 1976 1011 2050 eiusmodi
1037 1975 1202 2051 increbuit
1226 2003 1289 2079 exp

149 2116 216 2190 quo
241 2116 309 2165 seo.
330 2091 417 2163 lllll.
446 2090 628 2191 imperator
648 2089 888 2166 Constantinus
912 2093 1029 2166 Basilii
1055 2092 1147 2167 filius
1168 2120 1268 2193 repu-

149 2206 242 2281 diata
266 2205 372 2280 Maria
396 2232 533 2280 mmena
557 2205 708 2305 legitima
732 2234 853 2296 uxore,
875 2206 1079 2282 Theodotum
1097 2208 1269 2283 cubicula-

151 2321 236 2395 riam
259 2320 375 2408 duxit3
397 2321 489 2422 quod
514 2321 680 2396 nefarium
702 2321 855 2411 lacinus,
876 2322 954 2397 licet
970 2350 1088 2399 omnes
1106 2325 1266 2399 severiori

151 2438 352 2540 disciplinae
376 2441 548 2514 studentes
573 2439 839 2527 detestarentur,
865 2455 1008 2513 attamen
1026 2466 1046 2514 a
1064 2466 1130 2531 non
1149 2440 1268 2539 paucis
1304 2516 1316 2544 ι

152 2554 283 2652 ignavis
307 2555 476 2657 episcopis
501 2554 677 2656 probatum
702 2554 766 2628 fuit
797 2555 886 2650 (16).
914 2553 1024 2629 Huius
1057 2555 1269 2655 imperatoris

152 2669 353 2769 exemplum,
382 2687 419 2745 ut
442 2670 515 2744 lieri
540 2670 636 2758 solet,
661 2668 824 2769 plurimos
849 2667 968 2742 babuit
986 2668 1180 2744 imitatores.
1200 2670 1270 2743 lla·

153 2787 225 2860 iora
236 2787 383 2888 denique
396 2803 494 2861 nacta
511 2802 563 2860 est
582 2784 749 2860 eiusmodi
767 2783 974 2859 consuetudo
995 2811 1056 2859 seu
1080 2784 1270 2883 corruptela

154 2900 357 2974 incrementa
389 2916 468 3000 post
495 2900 682 2974 luctuosam
712 2899 861 2974 schisma
895 2897 1004 2973 Pbotii
1037 2914 1071 2973 ct
1094 2899 1269 2975 Michaelis

156 3012 364 3101 Caerularii3
397 3042 438 3088 ex
469 3041 509 3090 eo
533 3017 623 3088 enim
655 3032 829 3116 tempore,
861 3014 1013 3089 historici
1044 3042 1161 3090 omnes
1192 3041 1271 3093 oon-

157 3156 261 3204 sensu
286 3129 435 3209 unanimi
461 3130 661 3232 exprobrant
688 3132 818 3228 graecis
847 3130 1064 3205 divortiomm
1090 3130 1270 3205 effraenem

156 3245 347 3334 licentiam,
375 3271 442 3318 non
468 3245 577 3319 solum
602 3246 636 3317 in
662 3272 744 3320 casu
769 3245 951 3335 adulterii,
976 3273 1090 3320 verum
1108 3246 1210 3319 etiam
1226 3245 1270 3320 ob

157 3360 242 3437 olias
259 3362 358 3460 longe
375 3361 521 3437 minores
537 3387 659 3436 causas
676 3364 764 3458 (Π).
786 3361 884 3449 Quod
901 3362 1039 3463 quidem
1056 3361 1182 3436 malum
1199 3362 1271 3436 dis·

177 3624 180 3631 “
233 3615 283 3678 (tu)
299 3614 338 3664 cl.
356 3614 488 3666 Barouioun
507 3613 539 3665 ad
559 3626 600 3663 an.
615 3618 670 3666 795.
683 3626 709 3666 n.
723 3616 797 3665 xbll.
812 3626 881 3678 seqq.
896 3627 954 3664 corn
972 3613 1038 3664 node
1058 3612 1141 3676 Pogii,
1153 3611 1197 3675 oui
1209 3623 1269 3663 ,rem

158 3695 233 3745 uum
247 3694 299 3745 lusa
319 3695 407 3755 relect,
420 3697 453 3753 et,
465 3706 565 3758 magnas
585 3694 610 3743 in
630 3694 734 3745 eeclesia
751 3693 937 3758 constantinop.
954 3695 1052 3757 propter
1071 3693 1118 3743 hoc
1134 3691 1216 3743 scelus
1230 3704 1271 3743 ex·

157 3775 224 3825 oras
243 3773 386 3826 discordias.
405 3775 498 3825 Unicus
520 3772 553 3824 ab
572 3773 643 3824 initio
662 3772 752 3824 restitit
771 3773 924 3825 &mantici
942 3773 1034 3837 ungiuo
1055 3785 1076 3823 s.
1091 3772 1162 3823 Plato
1187 3783 1271 3822 mons·

157 3852 234 3915 chus,
246 3853 290 3917 qui
301 3855 348 3906 hac
366 3856 419 3919 insa
432 3854 463 3906 de
482 3867 557 3906 csuss
575 3854 638 3905 iram
657 3854 683 3905 tn
701 3866 728 3904 se
739 3853 873 3904 concitavit
885 3854 1055 3918 impastorts,
1067 3866 1082 3903 s
1092 3865 1143 3916 qno
1153 3864 1204 3903 uns
1214 3864 1273 3902 cum

159 3932 285 3983 monacbis
306 3933 358 3984 suis
378 3934 404 3984 in
429 3946 551 3984 carcerem
569 3932 694 3984 coniectus
716 3945 746 3983 oc
767 3945 842 3996 prope
867 3932 994 3983 manmena
1019 3932 1066 3983 tusc
1088 3931 1120 3982 ds
1139 3942 1213 3981 osum
1234 3931 1273 3982 est

161 4011 227 4061 mma
245 4024 387 4075 nemesus,
399 4017 472 4077 mont
487 4012 561 4065 reieci
579 4013 722 4065 Theodorus
738 4012 835 4064 studita
855 4012 922 4077 apud
939 4012 1053 4064 eumdem
1072 4012 1204 4064 Baroaintn
1222 4012 1271 4063 lou

161 4091 204 4141 cit
217 4090 256 4141 sd.
268 4093 328 4142 Luc.
343 4094 404 4144 tom.
417 4096 483 4145 xltl.

237 4171 287 4236 (17)
303 4172 399 4223 Etenim
418 4176 512 4238 prasci
532 4175 662 4226 rmensttas
681 4187 769 4226 osusm
786 4186 844 4225 cum
855 4172 946 4224 damno
960 4173 1038 4238 portis
1053 4186 1124 4236 rese,
1138 4172 1274 4225 sensuro

159 4265 200 4316 op.
216 4252 242 4303 et
261 4251 308 4302 loc.
324 4252 366 4303 cit.
382 4253 427 4304 bae
446 4256 496 4306 tres
516 4257 671 4306 recensemur
687 4254 720 4305 nd
740 4253 875 4306 nivardum
894 4252 1048 4305 iaciendum:

239 4337 262 4381 1.
279 4332 425 4395 impotentis
442 4333 525 4385 mariti
544 4336 609 4385 intra
630 4333 823 4385 matrimonium.

239 4418 262 4462 2.
279 4411 412 4474 Amplexus
432 4412 496 4462 vilae
517 4413 665 4463 monasticae
685 4412 786 4465 sllerim
806 4413 946 4476 coniugum.
