3234 5084
291 401 361 472 184
412 424 474 474 uu.
496 424 543 475 ur.
565 423 652 475 sacr.
674 423 806 474 narrar.
825 423 866 473 un
884 423 997 475 nuiss.
1020 422 1114 477 narn.
1132 423 1255 476 cuusr.

289 568 391 641 gnam
416 540 645 630 revocavisse,
672 542 794 642 iusque
819 542 999 643 antiquum
1016 542 1130 617 debito
1148 542 1276 617 honore
1291 567 1410 642 prose·

291 672 431 756 quutum
444 682 521 729 cum
534 655 759 730 sanctioribus
773 682 902 729 morum
918 657 1103 757 praeceptis
1118 683 1178 757 pro
1192 673 1343 756 tempore
1355 683 1406 731 re-

290 770 536 845 conciliavisse.
555 769 728 844 Rationem
744 770 844 870 por'ro
859 770 1049 844 redditurus
1069 796 1173 872 quare
1186 772 1287 845 ceteri
1300 771 1409 845 Eran-

290 885 430 982 gelistae
454 885 557 957 huius
582 884 788 984 exceptionis
815 883 941 957 nullam
970 886 1146 959 iniecerint
1171 885 1405 973 mentionem,

291 1026 331 1073 ac
352 999 445 1073 solus
471 1025 500 1071 s.
521 998 709 1073 Matthaeus
735 1026 809 1071 eam
836 999 974 1087 relerat,
1004 999 1185 1100 respondet
1208 986 1300 1100 quod
1326 1000 1409 1073 llat-
1455 1084 1459 1091 ¹

292 1115 410 1187 thaeus
429 1114 471 1186 ad
490 1112 618 1191 incolas
640 1114 851 1187 Palaestinae
873 1141 972 1188 suum
991 1114 1150 1188 direxerit
1166 1112 1406 1212 Evangelium,

292 1230 423 1302 hlarcus
447 1255 526 1302 vero
553 1246 586 1302 et
610 1230 738 1315 Lucas,
767 1229 825 1328 qui
853 1228 1067 1328 potissimum
1094 1229 1137 1302 ad
1163 1228 1306 1326 gentiles
1331 1256 1410 1303 eru·

292 1342 433 1421 diendos
463 1370 565 1443 opera
595 1369 659 1417 sua
688 1342 925 1429 instituerunt,
960 1343 1052 1416 haud
1083 1343 1225 1443 proinde
1256 1371 1297 1417 ea
1328 1370 1409 1418 cura

292 1458 403 1532 allecti
429 1457 572 1545 luerint,
599 1484 687 1557 quae
712 1457 837 1530 iudaioi
864 1456 1027 1531 historiae
1052 1457 1226 1558 scriptoris
1253 1459 1409 1558 proposi-

293 1588 362 1646 tum
388 1572 511 1646 direxit
531 1574 622 1668 (ll).

366 1689 409 1760 Et
438 1687 522 1761 haec
553 1687 665 1788 quoad
692 1703 816 1760 textum
842 1687 959 1761 llatth.
979 1688 1016 1759 ll.
1040 1690 1097 1760 32.
1123 1715 1223 1789 quem
1249 1688 1291 1761 ad
1319 1674 1409 1763 solos

294 1802 436 1877 iudaeos
460 1804 534 1901 ipse
560 1819 712 1903 spectare
737 1818 908 1889 autumat;
929 1801 971 1874 ad
1003 1801 1144 1875 alterum
1173 1829 1253 1877 vero
1284 1818 1409 1879 textum

296 1918 412 1991 hlatth.
435 1918 519 1999 xlx,
543 1920 576 1989 9.
598 1917 689 2018 quod
715 1917 851 2004 attinet,
881 1916 1166 1992 constituit'idem
1191 1934 1319 1994 auctor:
1334 1920 1411 1993 «Eo

295 2033 370 2107 loco
395 2058 470 2132 cap.
490 2033 576 2104 xlx
600 2033 635 2104 in
661 2031 829 2133 colloquio
858 2057 934 2106 cum
966 2032 1157 2132 pharisaeis
1186 2033 1254 2108 duo
1279 2051 1411 2109 contra-

298 2148 348 2219 ria
373 2174 413 2219 ex
439 2146 581 2220 adverso
607 2146 766 2246 posuisse
790 2147 970 2221 Dominum
992 2177 1000 2235 ;
1034 2148 1180 2247 priscam
1205 2148 1305 2221 atah
1335 2149 1413 2248 ipso

296 2261 413 2334 mundi
440 2262 581 2336 Auctore
606 2262 786 2362 prolectam
812 2262 936 2360 legem,
966 2277 999 2335 et
1024 2288 1099 2334 eum
1117 2264 1176 2362 qui
1195 2262 1305 2336 medio
1327 2279 1411 2336 tem-

298 2402 378 2475 pore
404 2366 638 2475 invaluit,'per
662 2377 765 2451 hlosis
791 2376 1033 2474 indulgentiam
1059 2402 1254 2450 concessum
1280 2377 1409 2475 magis,

297 2483 401 2592 quam
417 2493 583 2566 sancitum
602 2517 749 2580 morem;
772 2508 841 2564 tum
860 2491 1055 2564 exhibuisse
1073 2490 1232 2579 formam,
1253 2490 1412 2591 adquam

299 2625 499 2681 sectatorum
531 2607 677 2708 purioris
707 2634 746 2681 ac
782 2606 1027 2681 excellentioris
1058 2606 1167 2680 cultus
1200 2607 1413 2680 matrimonia

298 2723 461 2820 exigenda
479 2722 548 2797 sint
568 2723 742 2819 (lh).oEx
761 2722 815 2795 his
834 2722 934 2795 insert
952 2720 1061 2795 solum
1080 2721 1297 2821 posteriorem
1321 2722 1413 2795 hunc

298 2837 456 2911 Matthaei
482 2854 607 2912 textum
632 2837 676 2911 ad
700 2836 807 2935 legem
834 2837 1053 2911 christianam
1079 2836 1245 2938 pertinere
1279 2838 1313 2910 in
1344 2864 1412 2938 que

298 2949 352 3022 ius
378 2975 475 3023 omne
500 2951 637 3049 perlecti
664 2950 799 3025 divortii
826 2951 995 3024 sublatum
1022 2967 1087 3025 est.

372 3064 494 3139 Contra
518 3091 598 3139 vero
624 3066 720 3164 leger
736 3066 852 3139 Matth.
874 3066 983 3140 locum
1002 3067 1087 3139 xlx.
1112 3068 1159 3139 ita
1179 3056 1414 3166 exposuit,ut

284 3179 455 3261 ,ostendat
479 3182 591 3255 lesum
617 3182 847 3257 tantummodo
873 3181 978 3279 legem
1005 3181 1108 3255 hlosis
1134 3181 1352 3281 explicuisse,
1374 3207 1414 3255 ac

299 3296 441 3396 proinde
465 3296 545 3369 dum
571 3297 662 3370 iuxta
688 3296 776 3372 hanc
800 3296 907 3395 legem
940 3296 1071 3371 iudaeis
1097 3297 1275 3371 divortium
1309 3325 1328 3370 e
1357 3322 1414 3370 ca-

300 3414 369 3513 pite
393 3412 547 3486 adulterii
575 3414 778 3523 permissum
796 3441 873 3488 esse
890 3415 1088 3501 affirmavit,
1111 3440 1324 3514 nequaquam
1346 3439 1414 3486 una

300 3529 514 3627 permisisse,
536 3530 623 3602 utin
642 3557 705 3604 sua
722 3555 858 3631 quoque
874 3529 947 3628 lege
966 3528 1123 3602 fidelihus
1142 3518 1355 3602 matrimonia
1379 3528 1414 3599 in
1461 3520 1467 3528 ⁵
1525 3583 1527 3587 a

300 3671 382 3719 casu
406 3644 637 3720 fornicationis
664 3648 797 3746 penitus
823 3632 1007 3721 dissolvere
1025 3646 1134 3725 liceat.
1156 3638 1277 3718 Lucum
1301 3660 1422 3718 autem*

300 3763 417 3838 llatth.
434 3765 471 3835 V.
490 3765 547 3836 31.
567 3764 625 3835 32.
643 3763 780 3836 minime
798 3762 995 3863 parallelum
1010 3788 1086 3836 esse
1099 3759 1173 3835 loco
1186 3761 1302 3834 hlatth.
1322 3760 1410 3833 xlx.

304 3896 436 3967 censet,
465 3880 650 3978 statuitque
675 3879 785 3952 lesum
810 3878 917 3975 legem
943 3878 1126 3951 mosaicam
1152 3875 1332 3949 emendare
1356 3901 1416 3949 vo—

300 3992 441 4081 lentem,
470 3991 512 4065 de
538 3993 749 4067 matrimonio
774 3991 1003 4091 adstruxisse,
1033 3992 1123 4090 quod
1147 3989 1319 4064 vinculum
1347 4015 1417 4063 ma·

270 4194 291 4253 h
374 4197 425 4258 (tt)
440 4199 477 4247 lta
489 4198 514 4248 in
527 4200 570 4249 cit.
581 4211 622 4263 op.
635 4201 672 4250 Dc
682 4198 788 4250 runcato
798 4202 914 4262 contenit
929 4198 1068 4250 christiani
1083 4194 1262 4249 indissolubili
1277 4194 1415 4247 commeat.

300 4279 435 4343 caesata,
447 4290 503 4341 pag,
517 4284 597 4329 tata.

374 4358 424 4418 (to)
440 4357 502 4407 lbid.
517 4372 571 4421 pag.
585 4367 619 4409 tr.
636 4368 670 4409 tt.
