3234 5084
334 449 402 505 ent.
420 454 467 503 ur.
485 453 525 503 nn
539 451 637 504 seusu
651 454 741 503 rain.
761 452 941 504 cromeras.
958 453 1053 503 narn.
1071 453 1142 503 aar.
1159 454 1182 502 r.
1254 432 1323 503 285

280 572 427 645 Tertium
453 571 580 670 pariter
603 567 725 644 falsum
746 565 1011 670 deprehenditur
1030 597 1071 643 ex
1096 567 1211 644 tenore
1229 583 1326 646 cano

209 688 263 759 nis
282 688 338 757 lX.
363 685 398 757 in
413 711 480 783 quo
497 685 643 772 dicitur,
668 711 735 757 non
754 712 855 784 posse
872 684 1045 757 mulierem
1065 684 1159 758 alteri
1181 685 1323 774 nubere,

209 803 276 874 nisi
296 801 390 901 prius
409 826 508 899 quem
528 800 724 898 reliquerat,
746 800 789 873 de
806 800 919 874 seculo
939 800 1081 886 exierit,
1102 816 1135 873 et
1159 827 1198 873 ex
1218 827 1326 900 poena

208 932 387 1014 perpetuae
412 915 780 987 excommunicationis.

279 1028 442 1114 Quartum
455 1028 603 1116 demum,
620 1028 710 1127 quod
729 1027 772 1101 ab
790 1028 993 1103 adversariis
1007 1029 1230 1116 desideratur,
1248 1055 1326 1103 cen·

206 1142 322 1215 cilium
347 1142 586 1215 illiberitanum
609 1143 860 1242 aequivalenter
887 1143 1007 1230 edixit,
1029 1143 1109 1215 dum
1127 1142 1326 1216 mulieribus

206 1258 396 1344 interdicit,
417 1283 459 1330 ne
475 1258 607 1331 virente
626 1257 769 1331 dimisso
788 1259 878 1346 viro,
907 1257 1001 1330 alteri
1029 1258 1213 1345 nuberent,
1235 1258 1325 1330 iuxta

207 1371 291 1444 illud
311 1372 487 1472 Apostoli:
518 1371 612 1458 Quod
632 1375 664 1445 si
682 1373 885 1459 discesserit,
910 1400 1038 1460 manere
1059 1375 1247 1472 innuptam,
1269 1388 1327 1444 cat

210 1490 281 1560 niro
306 1513 365 1562 sae
388 1489 606 1562 reconciliari.

711 1723 748 1820 p.
777 1723 817 1792 x.

610 1952 645 1998 De
660 1948 771 1999 concilio
784 1949 922 1999 arelatensi.

279 2160 376 2236 Haud
391 2161 495 2235 multo
513 2177 591 2261 post
602 2160 781 2235 concilium
797 2162 1037 2235 illiberitanum
1052 2162 1254 2236 celebratum
1272 2180 1326 2237 est

207 2275 241 2348 in
259 2277 375 2351 Galliis
391 2303 487 2352 eene.
511 2276 716 2364 arelatense,
744 2302 866 2375 nempe
885 2304 942 2350 an.
970 2279 1052 2350 314.
1078 2277 1142 2351 snb
1167 2278 1327 2352 Constare

206 2391 275 2463 tino
300 2392 498 2491 imperatore
522 2391 558 2463 in
582 2416 687 2464 causa
705 2390 901 2463 Caeciliani.
922 2394 962 2462 ln
980 2391 1046 2465 hcc
1070 2392 1213 2468 coneilio
1235 2420 1327 2493 repe

206 2505 311 2579 rimus
336 2506 487 2580 eamdem
513 2505 713 2578 catholicam
740 2503 929 2579 doctrinam
955 2532 1030 2578 can.
1060 2507 1102 2579 X.
1131 2506 1186 2580 his
1211 2507 1325 2581 verbis

204 2621 433 2696 adstructam:
467 2623 549 2695 «De
574 2621 649 2709 his,
676 2622 735 2721 qui
757 2621 916 2718 coniuges
937 2648 1018 2695 suas
1036 2621 1072 2693 in
1090 2622 1254 2696 adulterio
1271 2622 1327 2694 de

206 2738 438 2834 prehendunt,
462 2752 495 2811 ct
521 2737 624 2810 iidem
649 2752 729 2811 sunt
753 2737 984 2810 adolescentes
1007 2736 1143 2826 fideles,
1164 2754 1197 2811 et
1213 2737 1327 2836 prohi-

207 2850 327 2924 bentur
356 2850 501 2939 nubere,
536 2851 663 2952 placuit
694 2868 732 2925 ut
757 2851 980 2951 inquantum
1012 2853 1121 2951 possit
1145 2852 1325 2927 consilium

207 2965 259 3038 eie
283 2966 401 3055 detur,
430 2994 472 3040 ne
496 2966 686 3041 viventibus
712 2966 876 3041 uxoribus
903 2967 999 3056 suis,
1033 2967 1110 3042 licet
1134 2969 1323 3055 adulteris,

207 3080 294 3155 alias
321 3082 488 3183 accipiant
507 3085 597 3179 (se).
618 3113 636 3154 »

279 3198 374 3272 Duae
401 3214 511 3297 partes
537 3199 594 3273 hic
624 3225 732 3273 mnan
762 3199 1016 3300 complectitur;
1049 3200 1153 3274 altera
1181 3200 1329 3275 declarat

206 3315 281 3402 ius,
309 3315 415 3389 altera
439 3342 519 3391 vero
544 3316 680 3390 modum
699 3342 760 3390 seu
779 3317 940 3391 rationem
963 3317 1163 3390 servandam
1181 3317 1216 3388 in
1233 3317 1325 3391 illius

207 3432 414 3505 executione.
438 3432 557 3519 Quoad
580 3433 635 3506 ius
656 3433 798 3506 traditur
824 3433 915 3505 iuxta
939 3432 1167 3529 evangelicam
1193 3447 1226 3504 et
1250 3459 1327 3532 apo

205 3547 358 3621 stolicam
376 3548 561 3624 doctrinam
582 3547 789 3649 prohibitum
806 3575 884 3621 esse
901 3548 1003 3622 aliam
1020 3547 1142 3621 ducere
1160 3572 1319 3636 uxorem,

207 3661 358 3735 adultera
379 3663 546 3751 dimissa,
575 3663 655 3736 dum
681 3663 765 3736 haec
791 3663 824 3733 in
850 3663 937 3736 rivis
962 3662 1077 3759 degit:
1107 3677 1138 3734 et
1154 3662 1326 3761 probiben-

209 3777 404 3850 tcrcubere.
429 3778 546 3864 Quoad
567 3777 728 3854 rationem
752 3777 933 3850 inducendi
951 3776 1182 3850 adolescentes
1209 3776 1327 3850 fideles
1426 3839 1438 3859 ,

208 3892 250 3965 ad
269 3893 357 3966 hane
374 3894 559 3967 doctrinam
579 3911 694 3968 sancte
714 3894 933 3982 servandam,
958 3909 1109 3968 statuunt
1125 3892 1228 3968 huius
1247 3919 1327 3966 con-

207 4007 277 4080 cilii
304 4023 479 4107 putreant
503 4036 563 4109 per
588 4009 777 4095 consilium,
806 4036 867 4082 seu
893 4037 954 4107 per
985 4009 1249 4083 exhortationem
1274 4009 1325 4081 eis

209 4126 390 4200 suadeatur
406 4154 449 4200 ne
467 4152 526 4224 per
543 4153 648 4203 novas
666 4126 802 4227 nuptias
828 4124 953 4199 Christi
971 4126 1157 4199 doctrinam
1175 4152 1215 4199 ac
1233 4149 1328 4224 prae

269 4413 331 4478 ⁴(tet)
347 4413 416 4476 Apud
433 4413 543 4464 Hardnin
570 4417 629 4464 tom.
645 4418 663 4465 Ι.
680 4415 727 4464 ccl.
742 4421 794 4464 265.
