<?xml version="1.0" encoding="UTF-8"?>
<!DOCTYPE html PUBLIC "-//W3C//DTD XHTML 1.0 Transitional//EN"
    "http://www.w3.org/TR/xhtml1/DTD/xhtml1-transitional.dtd">
<html xmlns="http://www.w3.org/1999/xhtml" xml:lang="en" lang="en">
 <head>
  <title>
</title>
<meta http-equiv="Content-Type" content="text/html;charset=utf-8" />
  <meta name='ocr-system' content='tesseract 3.04.00' />
  <meta name='ocr-capabilities' content='ocr_page ocr_carea ocr_par ocr_line ocrx_word'/>
</head>
<body>
  <div class='ocr_page' id='page_1' title='image "./dematrimoniochr03perrgoog_0454.png"; bbox 0 0 3234 5084; ppageno 0'>
   <div class='ocr_carea' id='block_1_1' title="bbox 346 402 1313 474">
    <p class='ocr_par' dir='ltr' id='par_1_1' title="bbox 346 402 1313 474">
     <span class='ocr_line' id='line_1_1' title="bbox 346 402 1313 474; baseline 0.001 -3"><span class='ocrx_word' id='word_1_1' title='bbox 346 402 412 472; x_wconf 76' lang='lat' dir='ltr'>rat</span> <span class='ocrx_word' id='word_1_2' title='bbox 487 425 548 473; x_wconf 84' lang='lat' dir='ltr'>un.</span> <span class='ocrx_word' id='word_1_3' title='bbox 572 424 617 472; x_wconf 94' lang='grc' dir='ltr'>ιιι.</span> <span class='ocrx_word' id='word_1_4' title='bbox 639 423 725 472; x_wconf 83' lang='lat' dir='ltr'>arur.</span> <span class='ocrx_word' id='word_1_5' title='bbox 746 422 875 472; x_wconf 81' lang='grc' dir='ltr'>ιιιιιιιι.</span> <span class='ocrx_word' id='word_1_6' title='bbox 897 422 936 472; x_wconf 82' lang='lat' dir='ltr'>nn</span> <span class='ocrx_word' id='word_1_7' title='bbox 950 422 1062 473; x_wconf 84' lang='lat' dir='ltr'>rnnrss.</span> <span class='ocrx_word' id='word_1_8' title='bbox 1078 423 1174 472; x_wconf 79' lang='lat' dir='ltr'>narr.</span> <span class='ocrx_word' id='word_1_9' title='bbox 1190 420 1313 474; x_wconf 81' lang='lat' dir='ltr'>cumsr.</span> 
     </span>
    </p>
   </div>
   <div class='ocr_carea' id='block_1_2' title="bbox 265 536 1455 3843">
    <p class='ocr_par' dir='ltr' id='par_1_2' title="bbox 343 536 1455 870">
     <span class='ocr_line' id='line_1_2' title="bbox 344 536 1455 638; baseline 0.001 -24"><span class='ocrx_word' id='word_1_10' title='bbox 344 540 387 614; x_wconf 92' lang='lat' dir='ltr'>ad</span> <span class='ocrx_word' id='word_1_11' title='bbox 407 536 606 638; x_wconf 73' lang='lat' dir='ltr'>&#39;dignitatem</span> <span class='ocrx_word' id='word_1_12' title='bbox 632 556 764 614; x_wconf 90' lang='lat' dir='ltr'>evectus</span> <span class='ocrx_word' id='word_1_13' title='bbox 789 557 840 615; x_wconf 87' lang='lat' dir='ltr'>est</span> <span class='ocrx_word' id='word_1_14' title='bbox 865 541 1084 627; x_wconf 79' lang='lat' dir='ltr'>sacramenti,</span> <span class='ocrx_word' id='word_1_15' title='bbox 1113 557 1150 614; x_wconf 96' lang='lat' dir='ltr'>ut</span> <span class='ocrx_word' id='word_1_16' title='bbox 1180 541 1330 615; x_wconf 81' lang='lat' dir='ltr'>indidem</span> <span class='ocrx_word' id='word_1_17' title='bbox 1364 558 1455 615; x_wconf 91' lang='lat' dir='ltr'>tam-</span> 
     </span>
     <span class='ocr_line' id='line_1_3' title="bbox 343 654 1451 754; baseline 0.002 -26"><span class='ocrx_word' id='word_1_18' title='bbox 343 682 445 754; x_wconf 91' lang='lat' dir='ltr'>quam</span> <span class='ocrx_word' id='word_1_19' title='bbox 462 681 502 726; x_wconf 81' lang='lat' dir='ltr'>ex</span> <span class='ocrx_word' id='word_1_20' title='bbox 520 654 720 728; x_wconf 87' lang='lat' dir='ltr'>inexhausto</span> <span class='ocrx_word' id='word_1_21' title='bbox 745 655 834 728; x_wconf 81' lang='lat' dir='ltr'>sonte</span> <span class='ocrx_word' id='word_1_22' title='bbox 859 656 1019 753; x_wconf 78' lang='lat' dir='ltr'>coniuges</span> <span class='ocrx_word' id='word_1_23' title='bbox 1044 655 1201 728; x_wconf 83' lang='lat' dir='ltr'>hauriant</span> <span class='ocrx_word' id='word_1_24' title='bbox 1224 655 1379 730; x_wconf 88' lang='lat' dir='ltr'>subsidia</span> <span class='ocrx_word' id='word_1_25' title='bbox 1406 658 1451 730; x_wconf 84' lang='lat' dir='ltr'>ad</span> 
     </span>
     <span class='ocr_line' id='line_1_4' title="bbox 344 766 1013 870; baseline 0 -27"><span class='ocrx_word' id='word_1_26' title='bbox 344 766 539 870; x_wconf 79' lang='lat' dir='ltr'>perferenda</span> <span class='ocrx_word' id='word_1_27' title='bbox 563 768 664 843; x_wconf 84' lang='lat' dir='ltr'>onera</span> <span class='ocrx_word' id='word_1_28' title='bbox 689 770 818 843; x_wconf 85' lang='lat' dir='ltr'>adnexa</span> <span class='ocrx_word' id='word_1_29' title='bbox 843 771 1013 868; x_wconf 79' lang='lat' dir='ltr'>coniugio.</span> 
     </span>
    </p>

    <p class='ocr_par' dir='ltr' id='par_1_3' title="bbox 337 884 1451 1873">
     <span class='ocr_line' id='line_1_5' title="bbox 415 884 1448 984; baseline 0.003 -27"><span class='ocrx_word' id='word_1_30' title='bbox 415 885 512 970; x_wconf 84' lang='lat' dir='ltr'>Quod</span> <span class='ocrx_word' id='word_1_31' title='bbox 531 885 560 956; x_wconf 91' lang='lat' dir='ltr'>si</span> <span class='ocrx_word' id='word_1_32' title='bbox 578 885 737 981; x_wconf 83' lang='lat' dir='ltr'>coniuges</span> <span class='ocrx_word' id='word_1_33' title='bbox 755 911 794 957; x_wconf 88' lang='lat' dir='ltr'>ea</span> <span class='ocrx_word' id='word_1_34' title='bbox 812 884 923 958; x_wconf 87' lang='lat' dir='ltr'>media</span> <span class='ocrx_word' id='word_1_35' title='bbox 936 884 1122 982; x_wconf 76' lang='lat' dir='ltr'>negligant,</span> <span class='ocrx_word' id='word_1_36' title='bbox 1139 886 1169 958; x_wconf 88' lang='lat' dir='ltr'>si</span> <span class='ocrx_word' id='word_1_37' title='bbox 1186 887 1448 984; x_wconf 77' lang='lat' dir='ltr'>parvipendant,</span> 
     </span>
     <span class='ocr_line' id='line_1_6' title="bbox 344 996 1449 1097; baseline 0.002 -25"><span class='ocrx_word' id='word_1_38' title='bbox 344 1001 373 1072; x_wconf 91' lang='lat' dir='ltr'>si</span> <span class='ocrx_word' id='word_1_39' title='bbox 400 996 516 1072; x_wconf 85' lang='lat' dir='ltr'>malint</span> <span class='ocrx_word' id='word_1_40' title='bbox 534 1016 671 1072; x_wconf 88' lang='lat' dir='ltr'>naturae</span> <span class='ocrx_word' id='word_1_41' title='bbox 688 1000 779 1073; x_wconf 86' lang='lat' dir='ltr'>vitiis</span> <span class='ocrx_word' id='word_1_42' title='bbox 797 1000 987 1097; x_wconf 81' lang='lat' dir='ltr'>indulgere,</span> <span class='ocrx_word' id='word_1_43' title='bbox 1009 999 1075 1073; x_wconf 91' lang='lat' dir='ltr'>sibi</span> <span class='ocrx_word' id='word_1_44' title='bbox 1100 1026 1165 1073; x_wconf 90' lang='lat' dir='ltr'>non</span> <span class='ocrx_word' id='word_1_45' title='bbox 1188 1004 1299 1074; x_wconf 88' lang='lat' dir='ltr'>autem</span> <span class='ocrx_word' id='word_1_46' title='bbox 1323 1001 1449 1076; x_wconf 83' lang='lat' dir='ltr'>Christi</span> 
     </span>
     <span class='ocr_line' id='line_1_7' title="bbox 343 1112 1448 1214; baseline 0.004 -28"><span class='ocrx_word' id='word_1_47' title='bbox 343 1112 494 1209; x_wconf 80' lang='lat' dir='ltr'>religioni</span> <span class='ocrx_word' id='word_1_48' title='bbox 520 1113 715 1187; x_wconf 85' lang='lat' dir='ltr'>adscribant</span> <span class='ocrx_word' id='word_1_49' title='bbox 737 1140 825 1214; x_wconf 92' lang='lat' dir='ltr'>quae</span> <span class='ocrx_word' id='word_1_50' title='bbox 850 1113 926 1187; x_wconf 90' lang='lat' dir='ltr'>illos</span> <span class='ocrx_word' id='word_1_51' title='bbox 952 1115 1169 1188; x_wconf 83' lang='lat' dir='ltr'>circumstant</span> <span class='ocrx_word' id='word_1_52' title='bbox 1193 1114 1294 1188; x_wconf 90' lang='lat' dir='ltr'>mala.</span> <span class='ocrx_word' id='word_1_53' title='bbox 1316 1117 1448 1190; x_wconf 86' lang='lat' dir='ltr'>Namsi</span> 
     </span>
     <span class='ocr_line' id='line_1_8' title="bbox 344 1227 1451 1329; baseline 0.004 -30"><span class='ocrx_word' id='word_1_54' title='bbox 344 1254 396 1300; x_wconf 88' lang='lat' dir='ltr'>ras</span> <span class='ocrx_word' id='word_1_55' title='bbox 413 1227 502 1300; x_wconf 82' lang='lat' dir='ltr'>bene</span> <span class='ocrx_word' id='word_1_56' title='bbox 515 1228 643 1326; x_wconf 81' lang='lat' dir='ltr'>riteque</span> <span class='ocrx_word' id='word_1_57' title='bbox 659 1227 900 1327; x_wconf 87' lang='lat' dir='ltr'>perpendatur,</span> <span class='ocrx_word' id='word_1_58' title='bbox 921 1227 1046 1327; x_wconf 90' lang='lat' dir='ltr'>patebit</span> <span class='ocrx_word' id='word_1_59' title='bbox 1063 1228 1209 1301; x_wconf 81' lang='lat' dir='ltr'>maxima</span> <span class='ocrx_word' id='word_1_60' title='bbox 1225 1229 1342 1302; x_wconf 89' lang='lat' dir='ltr'>saltem</span> <span class='ocrx_word' id='word_1_61' title='bbox 1361 1257 1451 1329; x_wconf 87' lang='lat' dir='ltr'>quae</span> 
     </span>
     <span class='ocr_line' id='line_1_9' title="bbox 342 1342 1450 1441; baseline 0 -26"><span class='ocrx_word' id='word_1_62' title='bbox 342 1359 582 1439; x_wconf 76' lang='lat' dir='ltr'>exaggerantur</span> <span class='ocrx_word' id='word_1_63' title='bbox 606 1343 816 1416; x_wconf 89' lang='lat' dir='ltr'>incommoda</span> <span class='ocrx_word' id='word_1_64' title='bbox 831 1369 870 1415; x_wconf 86' lang='lat' dir='ltr'>cx</span> <span class='ocrx_word' id='word_1_65' title='bbox 889 1342 1135 1441; x_wconf 86' lang='lat' dir='ltr'>cupiditatibus.</span> <span class='ocrx_word' id='word_1_66' title='bbox 1150 1368 1216 1416; x_wconf 88' lang='lat' dir='ltr'>uon</span> <span class='ocrx_word' id='word_1_67' title='bbox 1235 1344 1318 1417; x_wconf 84' lang='lat' dir='ltr'>satis</span> <span class='ocrx_word' id='word_1_68' title='bbox 1339 1344 1450 1417; x_wconf 89' lang='lat' dir='ltr'>domi·</span> 
     </span>
     <span class='ocr_line' id='line_1_10' title="bbox 337 1457 1451 1557; baseline 0.004 -28"><span class='ocrx_word' id='word_1_69' title='bbox 337 1458 385 1530; x_wconf 76' lang='lat' dir='ltr'>&#39;tis</span> <span class='ocrx_word' id='word_1_70' title='bbox 399 1484 438 1530; x_wconf 91' lang='lat' dir='ltr'>ac</span> <span class='ocrx_word' id='word_1_71' title='bbox 451 1457 614 1555; x_wconf 84' lang='lat' dir='ltr'>repressis</span> <span class='ocrx_word' id='word_1_72' title='bbox 628 1458 791 1554; x_wconf 83' lang='lat' dir='ltr'>originem</span> <span class='ocrx_word' id='word_1_73' title='bbox 805 1457 949 1530; x_wconf 87' lang='lat' dir='ltr'>trahere.</span> <span class='ocrx_word' id='word_1_74' title='bbox 960 1457 1031 1531; x_wconf 85' lang='lat' dir='ltr'>Hae</span> <span class='ocrx_word' id='word_1_75' title='bbox 1042 1459 1231 1544; x_wconf 77' lang='lat' dir='ltr'>vincantur,</span> <span class='ocrx_word' id='word_1_76' title='bbox 1246 1475 1280 1531; x_wconf 88' lang='lat' dir='ltr'>ot</span> <span class='ocrx_word' id='word_1_77' title='bbox 1290 1474 1451 1557; x_wconf 86' lang='lat' dir='ltr'>superata</span> 
     </span>
     <span class='ocr_line' id='line_1_11' title="bbox 341 1569 1448 1670; baseline 0.002 -27"><span class='ocrx_word' id='word_1_78' title='bbox 341 1586 437 1643; x_wconf 90' lang='lat' dir='ltr'>erunt</span> <span class='ocrx_word' id='word_1_79' title='bbox 449 1574 620 1667; x_wconf 77' lang='lat' dir='ltr'>magnaei</span> <span class='ocrx_word' id='word_1_80' title='bbox 635 1587 728 1670; x_wconf 89' lang='lat' dir='ltr'>parte</span> <span class='ocrx_word' id='word_1_81' title='bbox 744 1571 909 1644; x_wconf 88' lang='lat' dir='ltr'>eiusmodi</span> <span class='ocrx_word' id='word_1_82' title='bbox 929 1569 1159 1658; x_wconf 86' lang='lat' dir='ltr'>incommoda,</span> <span class='ocrx_word' id='word_1_83' title='bbox 1176 1587 1234 1644; x_wconf 88' lang='lat' dir='ltr'>aut</span> <span class='ocrx_word' id='word_1_84' title='bbox 1250 1571 1367 1646; x_wconf 86' lang='lat' dir='ltr'>saltem</span> <span class='ocrx_word' id='word_1_85' title='bbox 1380 1598 1448 1648; x_wconf 91' lang='lat' dir='ltr'>non</span> 
     </span>
     <span class='ocr_line' id='line_1_12' title="bbox 341 1684 1450 1781; baseline 0.005 -25"><span class='ocrx_word' id='word_1_86' title='bbox 341 1684 429 1757; x_wconf 88' lang='lat' dir='ltr'>adeo</span> <span class='ocrx_word' id='word_1_87' title='bbox 437 1684 614 1781; x_wconf 81' lang='lat' dir='ltr'>urgebunt,</span> <span class='ocrx_word' id='word_1_88' title='bbox 630 1701 666 1756; x_wconf 94' lang='lat' dir='ltr'>nt</span> <span class='ocrx_word' id='word_1_89' title='bbox 680 1684 859 1780; x_wconf 78' lang='lat' dir='ltr'>confugere</span> <span class='ocrx_word' id='word_1_90' title='bbox 873 1684 1017 1758; x_wconf 92' lang='lat' dir='ltr'>debeant</span> <span class='ocrx_word' id='word_1_91' title='bbox 1028 1685 1185 1781; x_wconf 77' lang='lat' dir='ltr'>coniuges</span> <span class='ocrx_word' id='word_1_92' title='bbox 1198 1685 1240 1758; x_wconf 90' lang='lat' dir='ltr'>ad</span> <span class='ocrx_word' id='word_1_93' title='bbox 1254 1686 1378 1760; x_wconf 83' lang='lat' dir='ltr'>vinculi</span> <span class='ocrx_word' id='word_1_94' title='bbox 1397 1712 1450 1761; x_wconf 90' lang='lat' dir='ltr'>so-</span> 
     </span>
     <span class='ocr_line' id='line_1_13' title="bbox 342 1799 1052 1873; baseline 0.013 -4"><span class='ocrx_word' id='word_1_95' title='bbox 342 1799 515 1873; x_wconf 85' lang='lat' dir='ltr'>lutionem.</span> <span class='ocrx_word' id='word_1_96' title='bbox 1049 1804 1052 1811; x_wconf 38' lang='lat'><em>¹</em></span> 
     </span>
    </p>

    <p class='ocr_par' dir='ltr' id='par_1_4' title="bbox 339 1914 1449 2691">
     <span class='ocr_line' id='line_1_14' title="bbox 392 1914 1449 2016; baseline 0.003 -29"><span class='ocrx_word' id='word_1_97' title='bbox 392 1915 564 1988; x_wconf 42' lang='lat' dir='ltr'>xvCeterum</span> <span class='ocrx_word' id='word_1_98' title='bbox 590 1916 654 1990; x_wconf 91' lang='lat' dir='ltr'>hoc</span> <span class='ocrx_word' id='word_1_99' title='bbox 680 1914 868 2016; x_wconf 68' lang='lat' dir='ltr'>ipso&#39;quod</span> <span class='ocrx_word' id='word_1_100' title='bbox 895 1915 1088 1989; x_wconf 87' lang='lat' dir='ltr'>christiana</span> <span class='ocrx_word' id='word_1_101' title='bbox 1105 1916 1222 2014; x_wconf 78' lang='lat' dir='ltr'>religio</span> <span class='ocrx_word' id='word_1_102' title='bbox 1251 1915 1374 1990; x_wconf 85' lang='lat' dir='ltr'>multas</span> <span class='ocrx_word' id='word_1_103' title='bbox 1403 1917 1449 1990; x_wconf 92' lang='lat' dir='ltr'>ob</span> 
     </span>
     <span class='ocr_line' id='line_1_15' title="bbox 341 2029 1449 2130; baseline 0.003 -28"><span class='ocrx_word' id='word_1_104' title='bbox 341 2055 463 2103; x_wconf 87' lang='lat' dir='ltr'>causas</span> <span class='ocrx_word' id='word_1_105' title='bbox 487 2029 607 2103; x_wconf 88' lang='lat' dir='ltr'>doceat</span> <span class='ocrx_word' id='word_1_106' title='bbox 631 2030 703 2102; x_wconf 88' lang='lat' dir='ltr'>fieri</span> <span class='ocrx_word' id='word_1_107' title='bbox 730 2054 831 2128; x_wconf 85' lang='lat' dir='ltr'>posse</span> <span class='ocrx_word' id='word_1_108' title='bbox 855 2029 998 2103; x_wconf 83' lang='lat' dir='ltr'>divortia</span> <span class='ocrx_word' id='word_1_109' title='bbox 1022 2029 1134 2130; x_wconf 89' lang='lat' dir='ltr'>quoad</span> <span class='ocrx_word' id='word_1_110' title='bbox 1160 2045 1269 2103; x_wconf 88' lang='lat' dir='ltr'>torum</span> <span class='ocrx_word' id='word_1_111' title='bbox 1291 2046 1326 2104; x_wconf 92' lang='lat' dir='ltr'>et</span> <span class='ocrx_word' id='word_1_112' title='bbox 1345 2031 1449 2105; x_wconf 90' lang='lat' dir='ltr'>coba-</span> 
     </span>
     <span class='ocr_line' id='line_1_16' title="bbox 340 2143 1448 2244; baseline 0.005 -30"><span class='ocrx_word' id='word_1_113' title='bbox 340 2143 550 2231; x_wconf 90' lang='lat' dir='ltr'>bitationem,</span> <span class='ocrx_word' id='word_1_114' title='bbox 572 2146 672 2218; x_wconf 82' lang='lat' dir='ltr'>sires</span> <span class='ocrx_word' id='word_1_115' title='bbox 690 2171 730 2218; x_wconf 89' lang='lat' dir='ltr'>eo</span> <span class='ocrx_word' id='word_1_116' title='bbox 747 2144 975 2244; x_wconf 80' lang='lat' dir='ltr'>pervenirent,</span> <span class='ocrx_word' id='word_1_117' title='bbox 1002 2159 1040 2217; x_wconf 95' lang='lat' dir='ltr'>ut</span> <span class='ocrx_word' id='word_1_118' title='bbox 1063 2166 1202 2219; x_wconf 87' lang='lat' dir='ltr'>necesse</span> <span class='ocrx_word' id='word_1_119' title='bbox 1226 2147 1309 2219; x_wconf 88' lang='lat' dir='ltr'>loret</span> <span class='ocrx_word' id='word_1_120' title='bbox 1331 2147 1448 2221; x_wconf 87' lang='lat' dir='ltr'>caniu-</span> 
     </span>
     <span class='ocr_line' id='line_1_17' title="bbox 339 2259 1448 2358; baseline 0.004 -28"><span class='ocrx_word' id='word_1_121' title='bbox 339 2283 399 2354; x_wconf 84' lang='lat' dir='ltr'>ges</span> <span class='ocrx_word' id='word_1_122' title='bbox 423 2259 466 2329; x_wconf 92' lang='lat' dir='ltr'>ad</span> <span class='ocrx_word' id='word_1_123' title='bbox 492 2275 618 2332; x_wconf 86' lang='lat' dir='ltr'>certum</span> <span class='ocrx_word' id='word_1_124' title='bbox 644 2260 850 2333; x_wconf 75' lang='lat' dir='ltr'>incertumve</span> <span class='ocrx_word' id='word_1_125' title='bbox 873 2274 1006 2358; x_wconf 90' lang='lat' dir='ltr'>tempus</span> <span class='ocrx_word' id='word_1_126' title='bbox 1032 2260 1175 2334; x_wconf 76' lang='lat' dir='ltr'>invicem</span> <span class='ocrx_word' id='word_1_127' title='bbox 1198 2261 1367 2358; x_wconf 88' lang='lat' dir='ltr'>separari,</span> <span class='ocrx_word' id='word_1_128' title='bbox 1387 2260 1448 2334; x_wconf 94' lang='lat' dir='ltr'>da-</span> 
     </span>
     <span class='ocr_line' id='line_1_18' title="bbox 339 2371 1447 2472; baseline 0.005 -29"><span class='ocrx_word' id='word_1_129' title='bbox 339 2388 393 2445; x_wconf 90' lang='lat' dir='ltr'>tur</span> <span class='ocrx_word' id='word_1_130' title='bbox 417 2371 510 2446; x_wconf 91' lang='lat' dir='ltr'>locus</span> <span class='ocrx_word' id='word_1_131' title='bbox 536 2373 681 2465; x_wconf 86' lang='lat' dir='ltr'>leniendi</span> <span class='ocrx_word' id='word_1_132' title='bbox 706 2374 852 2461; x_wconf 87' lang='lat' dir='ltr'>doloris,</span> <span class='ocrx_word' id='word_1_133' title='bbox 880 2400 920 2447; x_wconf 86' lang='lat' dir='ltr'>oc</span> <span class='ocrx_word' id='word_1_134' title='bbox 944 2375 1017 2448; x_wconf 82' lang='lat' dir='ltr'>rias</span> <span class='ocrx_word' id='word_1_135' title='bbox 1034 2400 1151 2448; x_wconf 88' lang='lat' dir='ltr'>omnes</span> <span class='ocrx_word' id='word_1_136' title='bbox 1168 2374 1379 2472; x_wconf 67' lang='lat' dir='ltr'>pemntandi</span> <span class='ocrx_word' id='word_1_137' title='bbox 1403 2376 1447 2449; x_wconf 85' lang='lat' dir='ltr'>ad</span> 
     </span>
     <span class='ocr_line' id='line_1_19' title="bbox 339 2487 1449 2586; baseline 0.005 -27"><span class='ocrx_word' id='word_1_138' title='bbox 339 2487 528 2560; x_wconf 83' lang='lat' dir='ltr'>animorum</span> <span class='ocrx_word' id='word_1_139' title='bbox 553 2488 821 2561; x_wconf 83' lang='lat' dir='ltr'>conciliationem</span> <span class='ocrx_word' id='word_1_140' title='bbox 840 2513 880 2561; x_wconf 88' lang='lat' dir='ltr'>ac</span> <span class='ocrx_word' id='word_1_141' title='bbox 900 2487 1142 2585; x_wconf 87' lang='lat' dir='ltr'>resipiscendi;</span> <span class='ocrx_word' id='word_1_142' title='bbox 1163 2489 1365 2586; x_wconf 84' lang='lat' dir='ltr'>quinetiam</span> <span class='ocrx_word' id='word_1_143' title='bbox 1387 2491 1449 2564; x_wconf 88' lang='lat' dir='ltr'>sti·</span> 
     </span>
     <span class='ocr_line' id='line_1_20' title="bbox 339 2601 1443 2691; baseline 0.004 -18"><span class='ocrx_word' id='word_1_144' title='bbox 339 2601 452 2691; x_wconf 86' lang='lat' dir='ltr'>mulus</span> <span class='ocrx_word' id='word_1_145' title='bbox 477 2602 613 2676; x_wconf 81' lang='lat' dir='ltr'>additur</span> <span class='ocrx_word' id='word_1_146' title='bbox 629 2618 675 2674; x_wconf 64' lang='lat' dir='ltr'>&#39;ut</span> <span class='ocrx_word' id='word_1_147' title='bbox 698 2602 918 2675; x_wconf 85' lang='lat' dir='ltr'>dissidiorum</span> <span class='ocrx_word' id='word_1_148' title='bbox 943 2624 1068 2675; x_wconf 68' lang='lat' dir='ltr'>caune</span> <span class='ocrx_word' id='word_1_149' title='bbox 1090 2627 1110 2673; x_wconf 87' lang='lat' dir='ltr'>a</span> <span class='ocrx_word' id='word_1_150' title='bbox 1134 2602 1245 2676; x_wconf 87' lang='lat' dir='ltr'>medio</span> <span class='ocrx_word' id='word_1_151' title='bbox 1275 2602 1443 2678; x_wconf 71' lang='lat' dir='ltr'>tollanmr.</span> 
     </span>
    </p>

    <p class='ocr_par' dir='ltr' id='par_1_5' title="bbox 265 2716 1448 3843">
     <span class='ocr_line' id='line_1_21' title="bbox 410 2716 1448 2816; baseline 0.004 -29"><span class='ocrx_word' id='word_1_152' title='bbox 410 2717 556 2789; x_wconf 88' lang='lat' dir='ltr'>Beatitas</span> <span class='ocrx_word' id='word_1_153' title='bbox 583 2717 686 2790; x_wconf 90' lang='lat' dir='ltr'>huius</span> <span class='ocrx_word' id='word_1_154' title='bbox 711 2716 828 2789; x_wconf 91' lang='lat' dir='ltr'>mundi</span> <span class='ocrx_word' id='word_1_155' title='bbox 848 2742 986 2816; x_wconf 60' lang='lat' dir='ltr'>semper⁴</span> <span class='ocrx_word' id='word_1_156' title='bbox 996 2716 1193 2815; x_wconf 85' lang='lat' dir='ltr'>imperfecta</span> <span class='ocrx_word' id='word_1_157' title='bbox 1208 2732 1276 2802; x_wconf 90' lang='lat' dir='ltr'>est,</span> <span class='ocrx_word' id='word_1_158' title='bbox 1296 2744 1357 2791; x_wconf 90' lang='lat' dir='ltr'>neo</span> <span class='ocrx_word' id='word_1_159' title='bbox 1373 2745 1448 2791; x_wconf 90' lang='lat' dir='ltr'>um·</span> 
     </span>
     <span class='ocr_line' id='line_1_22' title="bbox 339 2829 1447 2930; baseline 0.003 -28"><span class='ocrx_word' id='word_1_160' title='bbox 339 2858 440 2929; x_wconf 85' lang='lat' dir='ltr'>quam</span> <span class='ocrx_word' id='word_1_161' title='bbox 458 2830 557 2929; x_wconf 91' lang='lat' dir='ltr'>plene</span> <span class='ocrx_word' id='word_1_162' title='bbox 574 2830 717 2903; x_wconf 84' lang='lat' dir='ltr'>obtineri</span> <span class='ocrx_word' id='word_1_163' title='bbox 736 2846 856 2928; x_wconf 91' lang='lat' dir='ltr'>potest.</span> <span class='ocrx_word' id='word_1_164' title='bbox 879 2829 1055 2903; x_wconf 89' lang='lat' dir='ltr'>llludimur</span> <span class='ocrx_word' id='word_1_165' title='bbox 1070 2855 1159 2904; x_wconf 78' lang='lat' dir='ltr'>rana</span> <span class='ocrx_word' id='word_1_166' title='bbox 1176 2857 1236 2929; x_wconf 87' lang='lat' dir='ltr'>spe</span> <span class='ocrx_word' id='word_1_167' title='bbox 1253 2857 1355 2930; x_wconf 85' lang='lat' dir='ltr'>quarn</span> <span class='ocrx_word' id='word_1_168' title='bbox 1371 2858 1447 2905; x_wconf 85' lang='lat' dir='ltr'>sae-</span> 
     </span>
     <span class='ocr_line' id='line_1_23' title="bbox 336 2944 1447 3045; baseline 0.008 -33"><span class='ocrx_word' id='word_1_169' title='bbox 336 2945 493 3041; x_wconf 85' lang='lat' dir='ltr'>pissime,</span> <span class='ocrx_word' id='word_1_170' title='bbox 510 2944 590 3015; x_wconf 93' lang='lat' dir='ltr'>dum</span> <span class='ocrx_word' id='word_1_171' title='bbox 605 2944 647 3016; x_wconf 90' lang='lat' dir='ltr'>ad</span> <span class='ocrx_word' id='word_1_172' title='bbox 661 2969 735 3016; x_wconf 88' lang='lat' dir='ltr'>eam</span> <span class='ocrx_word' id='word_1_173' title='bbox 753 2945 1001 3045; x_wconf 87' lang='lat' dir='ltr'>assequendam</span> <span class='ocrx_word' id='word_1_174' title='bbox 1014 2971 1122 3019; x_wconf 86' lang='lat' dir='ltr'>novus</span> <span class='ocrx_word' id='word_1_175' title='bbox 1136 2972 1245 3020; x_wconf 86' lang='lat' dir='ltr'>rerum</span> <span class='ocrx_word' id='word_1_176' title='bbox 1259 2945 1342 3020; x_wconf 89' lang='lat' dir='ltr'>ordo</span> <span class='ocrx_word' id='word_1_177' title='bbox 1353 2972 1447 3021; x_wconf 82' lang='lat' dir='ltr'>exeo</span> 
     </span>
     <span class='ocr_line' id='line_1_24' title="bbox 337 3057 1444 3161; baseline 0.005 -34"><span class='ocrx_word' id='word_1_178' title='bbox 337 3057 472 3153; x_wconf 83' lang='lat' dir='ltr'>gitatur.</span> <span class='ocrx_word' id='word_1_179' title='bbox 495 3057 565 3129; x_wconf 85' lang='lat' dir='ltr'>Hac</span> <span class='ocrx_word' id='word_1_180' title='bbox 589 3058 716 3129; x_wconf 89' lang='lat' dir='ltr'>ratione</span> <span class='ocrx_word' id='word_1_181' title='bbox 736 3058 848 3157; x_wconf 85' lang='lat' dir='ltr'>plnres</span> <span class='ocrx_word' id='word_1_182' title='bbox 866 3057 1097 3159; x_wconf 87' lang='lat' dir='ltr'>decipiuntur,</span> <span class='ocrx_word' id='word_1_183' title='bbox 1117 3077 1150 3133; x_wconf 84' lang='lat' dir='ltr'>et</span> <span class='ocrx_word' id='word_1_184' title='bbox 1165 3060 1246 3133; x_wconf 92' lang='lat' dir='ltr'>dum</span> <span class='ocrx_word' id='word_1_185' title='bbox 1262 3060 1330 3134; x_wconf 82' lang='lat' dir='ltr'>sibi</span> <span class='ocrx_word' id='word_1_186' title='bbox 1346 3062 1444 3161; x_wconf 89' lang='lat' dir='ltr'>qnasi</span> 
     </span>
     <span class='ocr_line' id='line_1_25' title="bbox 265 3169 1446 3269; baseline 0.008 -29"><span class='ocrx_word' id='word_1_187' title='bbox 265 3204 267 3207; x_wconf 96' lang='lat'>·</span> <span class='ocrx_word' id='word_1_188' title='bbox 337 3170 380 3242; x_wconf 88' lang='lat' dir='ltr'>de</span> <span class='ocrx_word' id='word_1_189' title='bbox 406 3169 528 3269; x_wconf 90' lang='lat' dir='ltr'>adepta</span> <span class='ocrx_word' id='word_1_190' title='bbox 547 3170 612 3242; x_wconf 91' lang='lat' dir='ltr'>iarn</span> <span class='ocrx_word' id='word_1_191' title='bbox 631 3169 787 3244; x_wconf 79' lang='lat' dir='ltr'>felicitate</span> <span class='ocrx_word' id='word_1_192' title='bbox 813 3171 1088 3261; x_wconf 85' lang='lat' dir='ltr'>adblandiuntur,</span> <span class='ocrx_word' id='word_1_193' title='bbox 1108 3173 1299 3247; x_wconf 84' lang='lat' dir='ltr'>miseriores</span> <span class='ocrx_word' id='word_1_194' title='bbox 1316 3200 1354 3248; x_wconf 88' lang='lat' dir='ltr'>se</span> <span class='ocrx_word' id='word_1_195' title='bbox 1370 3201 1446 3249; x_wconf 90' lang='lat' dir='ltr'>esse</span> 
     </span>
     <span class='ocr_line' id='line_1_26' title="bbox 336 3285 1446 3388; baseline 0.005 -31"><span class='ocrx_word' id='word_1_196' title='bbox 336 3285 562 3384; x_wconf 81' lang='lat' dir='ltr'>experimento</span> <span class='ocrx_word' id='word_1_197' title='bbox 596 3285 742 3358; x_wconf 87' lang='lat' dir='ltr'>discunt.</span> <span class='ocrx_word' id='word_1_198' title='bbox 773 3288 891 3386; x_wconf 91' lang='lat' dir='ltr'>ltaque</span> <span class='ocrx_word' id='word_1_199' title='bbox 923 3314 1082 3388; x_wconf 89' lang='lat' dir='ltr'>suprema</span> <span class='ocrx_word' id='word_1_200' title='bbox 1115 3287 1256 3362; x_wconf 69' lang='lat' dir='ltr'>nemius</span> <span class='ocrx_word' id='word_1_201' title='bbox 1285 3304 1337 3362; x_wconf 87' lang='lat' dir='ltr'>est</span> <span class='ocrx_word' id='word_1_202' title='bbox 1365 3316 1446 3364; x_wconf 87' lang='lat' dir='ltr'>con-</span> 
     </span>
     <span class='ocr_line' id='line_1_27' title="bbox 336 3399 1446 3502; baseline 0.003 -31"><span class='ocrx_word' id='word_1_203' title='bbox 336 3399 512 3487; x_wconf 87' lang='lat' dir='ltr'>sectanda,</span> <span class='ocrx_word' id='word_1_204' title='bbox 531 3425 618 3499; x_wconf 87' lang='lat' dir='ltr'>quae</span> <span class='ocrx_word' id='word_1_205' title='bbox 635 3425 702 3472; x_wconf 90' lang='lat' dir='ltr'>non</span> <span class='ocrx_word' id='word_1_206' title='bbox 720 3399 888 3473; x_wconf 89' lang='lat' dir='ltr'>obtinetur</span> <span class='ocrx_word' id='word_1_207' title='bbox 903 3401 972 3474; x_wconf 87' lang='lat' dir='ltr'>nisi</span> <span class='ocrx_word' id='word_1_208' title='bbox 989 3402 1148 3475; x_wconf 83' lang='lat' dir='ltr'>virtutum</span> <span class='ocrx_word' id='word_1_209' title='bbox 1166 3403 1315 3477; x_wconf 86' lang='lat' dir='ltr'>omnium</span> <span class='ocrx_word' id='word_1_210' title='bbox 1333 3405 1446 3502; x_wconf 82' lang='lat' dir='ltr'>exqui-</span> 
     </span>
     <span class='ocr_line' id='line_1_28' title="bbox 335 3514 1445 3617; baseline 0.004 -28"><span class='ocrx_word' id='word_1_211' title='bbox 335 3515 400 3589; x_wconf 85' lang='lat' dir='ltr'>sito</span> <span class='ocrx_word' id='word_1_212' title='bbox 417 3514 524 3600; x_wconf 85' lang='lat' dir='ltr'>cultu,</span> <span class='ocrx_word' id='word_1_213' title='bbox 539 3529 572 3587; x_wconf 91' lang='lat' dir='ltr'>et</span> <span class='ocrx_word' id='word_1_214' title='bbox 584 3515 619 3586; x_wconf 87' lang='lat' dir='ltr'>in</span> <span class='ocrx_word' id='word_1_215' title='bbox 631 3515 738 3587; x_wconf 87' lang='lat' dir='ltr'>Deum</span> <span class='ocrx_word' id='word_1_216' title='bbox 752 3515 884 3589; x_wconf 87' lang='lat' dir='ltr'>sincera</span> <span class='ocrx_word' id='word_1_217' title='bbox 897 3516 1020 3616; x_wconf 85' lang='lat' dir='ltr'>pietate</span> <span class='ocrx_word' id='word_1_218' title='bbox 1033 3534 1149 3590; x_wconf 89' lang='lat' dir='ltr'>sancte</span> <span class='ocrx_word' id='word_1_219' title='bbox 1158 3518 1300 3591; x_wconf 80' lang='lat' dir='ltr'>servatis</span> <span class='ocrx_word' id='word_1_220' title='bbox 1314 3544 1445 3617; x_wconf 76' lang='lat' dir='ltr'>praece</span> 
     </span>
     <span class='ocr_line' id='line_1_29' title="bbox 336 3627 1445 3729; baseline 0.007 -30"><span class='ocrx_word' id='word_1_221' title='bbox 336 3628 401 3724; x_wconf 91' lang='lat' dir='ltr'>ptis</span> <span class='ocrx_word' id='word_1_222' title='bbox 414 3653 503 3726; x_wconf 85' lang='lat' dir='ltr'>qnae</span> <span class='ocrx_word' id='word_1_223' title='bbox 519 3627 615 3701; x_wconf 90' lang='lat' dir='ltr'>nobis</span> <span class='ocrx_word' id='word_1_224' title='bbox 633 3627 712 3701; x_wconf 91' lang='lat' dir='ltr'>data</span> <span class='ocrx_word' id='word_1_225' title='bbox 729 3645 818 3701; x_wconf 89' lang='lat' dir='ltr'>sunt.</span> <span class='ocrx_word' id='word_1_226' title='bbox 838 3629 924 3702; x_wconf 85' lang='lat' dir='ltr'>Aliis</span> <span class='ocrx_word' id='word_1_227' title='bbox 943 3629 1069 3729; x_wconf 89' lang='lat' dir='ltr'>nuptiis</span> <span class='ocrx_word' id='word_1_228' title='bbox 1086 3656 1154 3705; x_wconf 88' lang='lat' dir='ltr'>non</span> <span class='ocrx_word' id='word_1_229' title='bbox 1171 3631 1274 3705; x_wconf 87' lang='lat' dir='ltr'>semel</span> <span class='ocrx_word' id='word_1_230' title='bbox 1290 3630 1445 3711; x_wconf 82' lang='lat' dir='ltr'>homines</span> 
     </span>
     <span class='ocr_line' id='line_1_30' title="bbox 335 3740 1445 3843; baseline 0.008 -31"><span class='ocrx_word' id='word_1_231' title='bbox 335 3740 537 3815; x_wconf 71' lang='lat' dir='ltr'>infeliciores</span> <span class='ocrx_word' id='word_1_232' title='bbox 563 3740 765 3827; x_wconf 90' lang='lat' dir='ltr'>redduntur,</span> <span class='ocrx_word' id='word_1_233' title='bbox 795 3758 833 3816; x_wconf 90' lang='lat' dir='ltr'>ut</span> <span class='ocrx_word' id='word_1_234' title='bbox 856 3758 946 3842; x_wconf 89' lang='lat' dir='ltr'>patet</span> <span class='ocrx_word' id='word_1_235' title='bbox 970 3742 1071 3817; x_wconf 89' lang='lat' dir='ltr'>etiam</span> <span class='ocrx_word' id='word_1_236' title='bbox 1096 3758 1137 3817; x_wconf 77' lang='lat' dir='ltr'>er</span> <span class='ocrx_word' id='word_1_237' title='bbox 1163 3744 1222 3833; x_wconf 86' lang='lat' dir='ltr'>iis,</span> <span class='ocrx_word' id='word_1_238' title='bbox 1244 3746 1321 3843; x_wconf 89' lang='lat' dir='ltr'>qui,</span> <span class='ocrx_word' id='word_1_239' title='bbox 1341 3746 1445 3821; x_wconf 89' lang='lat' dir='ltr'>altero</span> 
     </span>
    </p>
   </div>
   <div class='ocr_carea' id='block_1_3' title="bbox 222 3856 1443 3957">
    <p class='ocr_par' dir='ltr' id='par_1_6' title="bbox 222 3856 1443 3957">
     <span class='ocr_line' id='line_1_31' title="bbox 222 3856 1443 3957; baseline 0.004 -28"><span class='ocrx_word' id='word_1_240' title='bbox 222 3948 225 3952; x_wconf 10' lang='lat' dir='ltr'><em>A</em></span> <span class='ocrx_word' id='word_1_241' title='bbox 334 3856 491 3929; x_wconf 80' lang='lat' dir='ltr'>defuncto</span> <span class='ocrx_word' id='word_1_242' title='bbox 515 3856 675 3953; x_wconf 79' lang='lat' dir='ltr'>coniuge,</span> <span class='ocrx_word' id='word_1_243' title='bbox 705 3856 890 3935; x_wconf 90' lang='lat' dir='ltr'>thalamum</span> <span class='ocrx_word' id='word_1_244' title='bbox 908 3872 1073 3957; x_wconf 87' lang='lat' dir='ltr'>repetunt.</span> <span class='ocrx_word' id='word_1_245' title='bbox 1095 3861 1198 3934; x_wconf 87' lang='lat' dir='ltr'>Secus</span> <span class='ocrx_word' id='word_1_246' title='bbox 1215 3859 1353 3939; x_wconf 82' lang='lat' dir='ltr'>deberet</span> <span class='ocrx_word' id='word_1_247' title='bbox 1373 3861 1443 3934; x_wconf 81' lang='lat' dir='ltr'>lieri</span> 
     </span>
    </p>
   </div>
   <div class='ocr_carea' id='block_1_4' title="bbox 331 3970 1444 4297">
    <p class='ocr_par' dir='ltr' id='par_1_7' title="bbox 331 3970 1444 4297">
     <span class='ocr_line' id='line_1_32' title="bbox 335 3970 1443 4073; baseline 0.006 -32"><span class='ocrx_word' id='word_1_248' title='bbox 335 3985 515 4068; x_wconf 87' lang='lat' dir='ltr'>perpetuus</span> <span class='ocrx_word' id='word_1_249' title='bbox 535 3970 695 4044; x_wconf 89' lang='lat' dir='ltr'>transitus</span> <span class='ocrx_word' id='word_1_250' title='bbox 712 3970 755 4043; x_wconf 90' lang='lat' dir='ltr'>de</span> <span class='ocrx_word' id='word_1_251' title='bbox 772 3997 840 4047; x_wconf 89' lang='lat' dir='ltr'>uno</span> <span class='ocrx_word' id='word_1_252' title='bbox 859 3973 893 4049; x_wconf 88' lang='lat' dir='ltr'>iu</span> <span class='ocrx_word' id='word_1_253' title='bbox 911 3972 1004 4045; x_wconf 88' lang='lat' dir='ltr'>aliud</span> <span class='ocrx_word' id='word_1_254' title='bbox 1021 3973 1212 4070; x_wconf 80' lang='lat' dir='ltr'>coniugium</span> <span class='ocrx_word' id='word_1_255' title='bbox 1231 3974 1266 4045; x_wconf 92' lang='lat' dir='ltr'>in</span> <span class='ocrx_word' id='word_1_256' title='bbox 1283 3999 1352 4073; x_wconf 91' lang='lat' dir='ltr'>quo</span> <span class='ocrx_word' id='word_1_257' title='bbox 1364 4000 1443 4073; x_wconf 85' lang='lat' dir='ltr'>spes</span> 
     </span>
     <span class='ocr_line' id='line_1_33' title="bbox 331 4084 1444 4184; baseline 0.002 -23"><span class='ocrx_word' id='word_1_258' title='bbox 331 4084 500 4182; x_wconf 77' lang='lat' dir='ltr'>affulgeat</span> <span class='ocrx_word' id='word_1_259' title='bbox 517 4085 758 4184; x_wconf 89' lang='lat' dir='ltr'>tranquillioris</span> <span class='ocrx_word' id='word_1_260' title='bbox 783 4087 873 4161; x_wconf 81' lang='lat' dir='ltr'>vitae</span> <span class='ocrx_word' id='word_1_261' title='bbox 902 4087 1115 4163; x_wconf 87' lang='lat' dir='ltr'>obtinendae.</span> <span class='ocrx_word' id='word_1_262' title='bbox 1137 4087 1227 4175; x_wconf 80' lang='lat' dir='ltr'>Quis·</span> <span class='ocrx_word' id='word_1_263' title='bbox 1252 4114 1332 4164; x_wconf 81' lang='lat' dir='ltr'>vero</span> <span class='ocrx_word' id='word_1_264' title='bbox 1360 4090 1444 4163; x_wconf 90' lang='lat' dir='ltr'>adeo</span> 
     </span>
     <span class='ocr_line' id='line_1_34' title="bbox 334 4199 1315 4297; baseline 0.005 -26"><span class='ocrx_word' id='word_1_265' title='bbox 334 4199 496 4297; x_wconf 88' lang='lat' dir='ltr'>desipiat,</span> <span class='ocrx_word' id='word_1_266' title='bbox 526 4217 563 4274; x_wconf 93' lang='lat' dir='ltr'>ut</span> <span class='ocrx_word' id='word_1_267' title='bbox 587 4201 671 4275; x_wconf 90' lang='lat' dir='ltr'>haec</span> <span class='ocrx_word' id='word_1_268' title='bbox 696 4201 875 4279; x_wconf 75' lang='lat' dir='ltr'>admittat?</span> <span class='ocrx_word' id='word_1_269' title='bbox 1312 4220 1315 4225; x_wconf 57' lang='lat'><strong>⁴</strong></span> 
     </span>
    </p>
   </div>
   <div class='ocr_carea' id='block_1_5' title="bbox 333 4315 1442 4419">
    <p class='ocr_par' dir='ltr' id='par_1_8' title="bbox 333 4315 1442 4419">
     <span class='ocr_line' id='line_1_35' title="bbox 333 4315 1442 4419; baseline 0.007 -36"><span class='ocrx_word' id='word_1_270' title='bbox 333 4378 335 4383; x_wconf 79' lang='grc'>,</span> <span class='ocrx_word' id='word_1_271' title='bbox 407 4315 477 4391; x_wconf 86' lang='lat' dir='ltr'>Hac</span> <span class='ocrx_word' id='word_1_272' title='bbox 502 4315 630 4389; x_wconf 83' lang='lat' dir='ltr'>ratione</span> <span class='ocrx_word' id='word_1_273' title='bbox 655 4342 771 4389; x_wconf 90' lang='lat' dir='ltr'>omnes</span> <span class='ocrx_word' id='word_1_274' title='bbox 797 4316 1058 4393; x_wconf 85' lang='lat' dir='ltr'>declamationes</span> <span class='ocrx_word' id='word_1_275' title='bbox 1087 4335 1290 4394; x_wconf 78' lang='lat' dir='ltr'>evanescunt</span> <span class='ocrx_word' id='word_1_276' title='bbox 1319 4318 1442 4419; x_wconf 85' lang='lat' dir='ltr'>quibus</span> 
     </span>
    </p>
   </div>
   <div class='ocr_carea' id='block_1_6' title="bbox 0 0 1622 5084">
    <p class='ocr_par' dir='ltr' id='par_1_9' title="bbox 0 0 1622 5084">
     <span class='ocr_line' id='line_1_36' title="bbox 0 0 1622 5084; baseline 0 3"><span class='ocrx_word' id='word_1_277' title='bbox 0 0 1622 5084; x_wconf 95' lang='lat' dir='ltr'> </span> 
     </span>
    </p>
   </div>
  </div>
 </body>
</html>
