3234 5084
260 457 330 507 mr.
343 456 366 505 ι.
379 455 420 505 nr
437 453 864 507 rnnrss.urrn.srsm.1nnt
881 457 1037 508 osroms.
1056 458 1127 509 aar.
1142 460 1165 509 ι.
1221 437 1290 510 127

183 588 300 649 santur
323 573 413 647 eirea
435 598 489 646 res
507 571 637 647 homini
655 571 841 662 obnoxias,
862 599 939 648 eum
958 589 1069 649 tamen
1086 577 1131 650 sit
1153 602 1291 674 prorsus

180 689 384 788 singularis,
405 689 528 789 suique
543 688 692 786 generis3
712 704 747 762 et
762 691 919 790 quamvis
936 688 1123 766 voluntarie
1140 692 1288 780 ineatur,

180 805 391 880 eonditiones
418 822 529 878 umen
554 802 671 891 hebet,
700 830 789 904 quae
813 830 880 879 non
905 831 946 879 ex
971 805 1131 895 arbitrio,
1160 807 1222 881 sed
1251 834 1292 881 ex

181 923 258 1021 ipsa
283 921 331 994 rei
357 936 478 993 nemra
502 919 694 993 necessario
720 919 914 1007 dimanant,
934 921 1020 995 adeo
1035 939 1073 995 ut
1089 921 1231 997 liberum
1248 925 1293 997 sit

180 1035 429 1110 matrimonium
460 1035 546 1107 inire
570 1048 719 1108 autnon
746 1035 856 1121 iniis,
884 1051 919 1109 at
941 1035 1148 1110 dissolvendi
1178 1038 1294 1112 matri-

179 1152 284 1227 monii
298 1150 403 1226 semel
416 1151 490 1223 initi
505 1149 598 1223 nulla
612 1149 761 1249 supersit
777 1148 928 1223 libertae.
944 1149 1184 1228 contrahentes
1199 1179 1293 1253 prae

179 1288 270 1343 terea
290 1268 450 1342 moralem
468 1266 560 1339 illam
584 1267 742 1341 unionem
768 1265 976 1364 ooniugalem
994 1291 1061 1341 non
1079 1268 1144 1341 sihi
1164 1269 1288 1358 solum,

180 1384 239 1458 sed
253 1400 287 1457 et
298 1383 356 1458 toti
372 1382 590 1469 humanitati,
606 1382 741 1482 ipsique
758 1381 899 1482 proinde
914 1394 1054 1455 naturae
1066 1384 1193 1458 auctori
1205 1385 1288 1473 lleo,

181 1527 242 1600 pro
261 1500 352 1574 omni
373 1500 463 1573 ritae
482 1513 631 1598 tempere
655 1498 838 1598 spondent,
860 1497 940 1571 hino
956 1497 1072 1572 datum
1088 1524 1291 1574 eonsensum

180 1642 336 1691 revocare
360 1614 506 1715 amplius
531 1630 703 1714 nequeunt
721 1617 810 1711 (37).

253 1732 302 1804 Ex
327 1730 391 1803 hoe
419 1728 567 1826 generali
594 1728 760 1829 principio
790 1754 933 1827 pronum
963 1745 1016 1803 est
1045 1729 1169 1803 inlsrre
1199 1732 1290 1805 haud

178 1874 257 1922 esse
282 1847 318 1919 in
345 1860 508 1946 potestate
532 1843 802 1918 contrahentium
828 1860 961 1943 tempus
991 1844 1169 1944 praefinire
1201 1846 1291 1920 eirea

178 1962 390 2037 durationem
416 1960 577 2058 coniugii.
598 1961 671 2033 Non
695 1959 785 2032 enim
811 1959 845 2031 id
871 1959 1031 2059 pendete
1048 1960 1179 2060 privata
1199 1961 1292 2063 ipso-

180 2106 254 2152 rum
279 2077 467 2165 voluntate,
495 2075 555 2149 sed
581 2102 602 2149 a
632 2092 772 2150 naturae
800 2074 894 2174 lege,
927 2102 1015 2177 quae
1039 2075 1083 2148 nd
1114 2102 1291 2152 commune

180 2196 306 2269 bonum
318 2194 421 2291 exigit
433 2191 518 2265 illud
530 2190 653 2266 debere
664 2216 742 2265 esse
754 2192 1108 2292 perpetuuml'rivata
1120 2192 1287 2282 voluntas,

180 2328 218 2385 ut
243 2314 279 2383 in
304 2309 382 2383 aliis
407 2308 579 2409 pluribus,
605 2308 657 2381 sie
673 2322 708 2381 et
724 2306 759 2379 in
777 2306 843 2381 hoe
860 2306 1080 2381 subordinate
1097 2324 1131 2382 et
1147 2308 1290 2383 obnoxia

179 2444 234 2502 est
256 2426 419 2501 voluntati
445 2423 591 2522 generali
618 2439 774 2510 naturae,
803 2449 863 2497 seu
888 2423 1001 2524 potius
1017 2422 1170 2498 eiusdem
1192 2441 1291 2499 natu·

179 2570 238 2617 rae
262 2541 401 2616 auctori.

252 2658 302 2730 Ex
326 2657 443 2731 eodem
468 2655 635 2756 principio
659 2654 810 2729 reiicitur
833 2654 937 2729 altera
960 2655 1108 2729 conditio
1131 2681 1174 2728 ex
1198 2655 1292 2729 steri-

180 2774 275 2846 litate
286 2772 495 2871 depromptn.
511 2771 596 2842 Nam
608 2767 688 2842 muli
701 2768 920 2842 accidentalis
932 2767 1025 2842 nulla
1037 2769 1122 2842 ratio
1134 2768 1291 2842 habenda

180 2905 249 2975 est,
277 2914 382 2988 quum
407 2884 577 2985 praevalet
601 2884 791 2958 universale
816 2884 953 2959 bonum.
982 2885 1048 2971 Qui
1079 2885 1291 2960 matrimonio

180 3031 220 3078 se
244 3029 321 3076 eum
347 3002 452 3074 altero
477 3000 628 3100 oopulat,
657 2998 727 3072 illis
752 2999 910 3074 omnibus
935 2998 1067 3098 legibus
1091 3026 1130 3075 se
1154 2999 1292 3075 subiioit

180 3118 308 3219 quihus
333 3115 500 3191 eiusmodi
526 3130 632 3189 status
656 3114 822 3189 obnoxius
847 3128 914 3203 est,
943 3115 1015 3189 sive
1043 3115 1128 3189 istae
1158 3114 1292 3192 laveent

180 3238 254 3310 sive
278 3233 393 3308 obsint
417 3230 611 3331 particulari
636 3231 903 3304 contrahentium
929 3230 1029 3304 bono.

253 3350 345 3424 ldem
364 3349 419 3422 die
437 3348 480 3420 de
496 3345 708 3433 infidelitate,
730 3346 757 3419 si
777 3372 846 3445 que
863 3346 1057 3444 eontigerit;
1079 3346 1163 3420 haec
1179 3348 1287 3435 enim,

179 3481 219 3538 nt
243 3489 306 3537 suo
331 3462 404 3537 loeo
429 3461 635 3547 videbimus,
664 3459 801 3558 praebet
818 3460 955 3559 quidem
973 3461 1027 3533 ius
1045 3487 1084 3534 se
1100 3460 1144 3533 ab
1161 3460 1290 3534 infideli

180 3580 324 3676 coniuge
337 3576 530 3677 separandi,
546 3577 605 3649 sed
626 3601 692 3649 nou
710 3577 755 3649 ita
774 3592 813 3648 ut
829 3575 1040 3677 dirumpatur
1055 3575 1219 3650 maritalis
1237 3604 1292 3650 so

180 3696 313 3769 pietatis
337 3692 529 3777 vinculum;
561 3692 713 3792 alioquin
736 3692 791 3765 via
816 3692 929 3793 ample
953 3708 1080 3791 pateret
1104 3693 1291 3766 innumeris

181 3838 285 3913 prope
302 3809 485 3896 abusibus,
507 3823 608 3909 atque
625 3808 852 3883 immoralitati
870 3808 1099 3896 omnimodae,
1116 3824 1154 3880 ut
1171 3808 1292 3882 idoneo

181 3929 307 4027 pariter
331 3926 404 4000 loeo
432 3924 672 4026 expendemus.
701 3925 887 3998 lnfidelitas
913 3925 948 3997 in
975 3912 1083 4024 peetis
1117 3924 1293 3999 servandis

178 4058 260 4117 tune
284 4041 394 4117 solum
419 4041 473 4115 ius
497 4041 555 4114 dat
578 4040 768 4128 resiliendi,
796 4067 901 4141 quum
927 4039 1014 4115 tertii
1044 4039 1098 4114 ius
1127 4065 1194 4114 oon
1223 4038 1294 4113 lee-

179 4160 289 4247 ditur‚
309 4183 409 4233 seeue
425 4183 504 4233 uero
519 4182 596 4231 eum
613 4155 730 4231 tertius
747 4156 905 4231 damnum
927 4170 1113 4255 pateretur;
1139 4155 1293 4256 nequitus

252 4349 304 4411 (³7)
320 4349 359 4399 ct.
372 4348 516 4410 Roskortny
533 4350 572 4399 Dr
587 4345 742 4399 tedmotut.
762 4349 843 4399 metr.
863 4348 987 4411 hugum
997 4347 1119 4399 Vindelir.
1137 4352 1205 4399 teto,
1216 4345 1242 4409 §.
1253 4353 1292 4398 to.

183 4445 235 4492 pag.
250 4438 288 4481 es.
