3234 5084
289 396 360 475 itt
434 426 496 477 nn.
509 424 560 477 nn
574 425 661 478 orer.
678 427 811 480 aarum.
828 428 873 480 nr·
885 427 1000 482 nous.
1016 428 1113 484 mn.
1130 424 1255 484 aanor.

289 545 356 618 nisi
369 559 435 618 tres
448 544 654 645 hypotheses
673 546 747 621 fieri
767 562 926 648 possunt,
947 548 1038 648 quod
1054 550 1213 623 nimirum
1229 543 1395 627 eiusmodi

289 659 493 733 abominatio
517 661 582 734 sita
607 661 671 749 sit,
699 675 757 734 aut
783 663 818 735 in
844 664 1056 762 separatione
1079 668 1101 739 'a
1125 666 1233 766 primo
1258 666 1401 758 marito,

288 775 398 847 autin
416 776 629 874 separatione
648 803 669 849 a
689 777 852 864 seeundo,
870 795 929 851 aut
949 777 1085 851 demum
1102 782 1137 851 in
1154 781 1303 881 eoquod
1322 784 1409 882 ‘post

290 890 535 990 separationem
562 917 582 963 a
609 891 717 991 primo
740 892 834 979 viro,
859 893 978 966 mulier
1003 893 1151 968 dimissa*
1169 895 1214 968 ad
1238 897 1407 971 secundas

291 1003 428 1103 nuptias
446 1004 628 1078 transierit.
642 1006 743 1079 Porro
754 1028 796 1077 ex
814 1005 869 1079 his
886 1005 993 1081 trihus
1010 1006 1259 1108 hypothesibus
1279 1010 1408 1111 priores

290 1120 379 1194 duae
401 1121 457 1194 rix
482 1137 626 1219 possunt
654 1123 780 1210 statui,
816 1122 983 1222 siquidem
1009 1139 1043 1197 et
1065 1126 1181 1224 primo'
1198 1141 1233 1199 et
1249 1129 1407 1202 seeundo

289 1235 409 1308 marito
427 1234 536 1308 Moses
555 1249 751 1335 potestatem
774 1235 890 1309 feeerit
905 1237 1123 1313 dimittendae
1146 1239 1282 1328 uxoris;
1303 1254 1409 1316 restat

290 1350 392 1449 igitur
416 1349 615 1450 hypothesis
641 1351 738 1425 tertia
758 1354 847 1448 (Π).
1395 1360 1399 1367 ’

360 1465 403 1539 At
420 1467 600 1566 quominus
625 1466 706 1541 huie
729 1466 930 1567 expositioni
956 1468 1106 1542 animum
1133 1469 1289 1544 adiiciam
1316 1497 1403 1545 nou·

289 1578 383 1654 nulla
408 1597 488 1656 sunt
512 1609 599 1682 quae
628 1608 682 1656 me
711 1580 910 1684 impediunt.
939 1583 1024 1657 Nam
1045 1585 1080 1655 1.
1109 1585 1144 1657 Si
1169 1586 1245 1686 ipso
1264 1586 1401 1675 htente,

290 1696 399 1771 hloses
420 1698 591 1798 praecepit
609 1697 780 1772 adulteros
802 1714 908 1772 morte
928 1699 1027 1800 pleoti
1050 1702 1147 1797 (78),
1168 1728 1235 1776 non
1256 1702 1406 1800 intelligo

290 1812 460 1913 quomodo
480 1839 542 1912 per
553 1812 741 1913 foeditatem
764 1838 920 1887 seuram
946 1829 1070 1914 turpem
1083 1815 1268 1914 significari
1295 1818 1406 1917 possit

290 1928 511 2016 adulterium,
524 1955 592 2028 quo
606 1929 727 2002 delicto
745 1929 997 2030 permittebatur
1021 1929 1141 2005 marito
1162 1931 1244 2005 dare
1257 1932 1407 2006 libellum

292 2044 439 2143 repudii.
468 2045 502 2116 2.
524 2045 598 2117 Non
614 2044 712 2119 rideo
729 2072 835 2145 quare
859 2046 890 2120 si
908 2045 1072 2121 uoluisset
1087 2048 1198 2123 lloses
1224 2048 1415 2148 exprimens·

291 2160 543 2235 seminationem
571 2177 629 2234 aut
653 2161 872 2247 adulterium,
893 2189 961 2236 non
978 2162 1117 2236 definita
1133 2179 1291 2263 oertaque
1316 2162 1409 2238 loou·

291 2274 381 2348 tione
410 2300 495 2350 usus
523 2274 647 2363 luerit,
677 2275 737 2350 sed
763 2277 877 2374 potius
902 2275 1071 2350 locutione
1088 2303 1175 2376 uaga
1191 2335 1201 2367 ,
1220 2279 1347 2353 ineerta
1374 2293 1409 2351 et

291 2389 453 2487 ambigua
475 2415 565 2489 quae
594 2417 660 2464 non
680 2391 833 2465 minimis
859 2390 1140 2467 haesitationibus
1164 2409 1197 2468 et
1221 2398 1409 2468 controver-

291 2504 356 2578 siis
381 2503 491 2579 locum
509 2504 685 2606 praeberet
704 2507 794 2601 (79).
813 2508 846 2577 3.
867 2507 902 2578 Si
927 2505 1050 2579 dimitti
1075 2534 1159 2582 uxor
1187 2514 1315 2609 poterat
1338 2523 1409 2581 tao*

244 2680 247 2683 a
293 2636 365 2695 tum
389 2619 432 2695 ob
458 2620 676 2709 adulterium,
697 2621 855 2722 quisnam
873 2621 1051 2696 dimissam
1068 2622 1254 2697 adulteram
1272 2623 1307 2695 in
1324 2648 1404 2697 oon-

294 2735 424 2835 iugium
438 2736 504 2810 sibi
520 2734 677 2836 copulare
694 2762 797 2810 ausus
810 2735 926 2811 esset?
939 2737 981 2808 Et
993 2752 1102 2810 umen
1119 2738 1231 2811 hloses
1246 2736 1407 2837 supponit

291 2877 366 2924 eam
384 2850 427 2925 ad
444 2850 610 2926 secundas
624 2851 759 2951 nuptias
777 2850 966 2939 transiisse,
984 2866 1042 2924 aut
1054 2850 1175 2925 saltem
1191 2851 1336 2925 transire
1348 2876 1410 2950 po·

297 2967 417 3040 tuisse.
441 2968 474 3039 l.
491 2967 699 3066 Supponitur
710 2967 810 3040 etiam
830 2994 851 3040 a
867 2965 958 3041 hlose
971 2993 1108 3040 uxorem
1122 2994 1143 3040 a
1157 2966 1309 3041 seeundo
1324 2993 1409 3068 que-

297 3098 364 3183 que
382 3083 502 3157 marito
526 3082 667 3171 dimitti;
689 3084 757 3155 iam
778 3109 857 3156 vero
883 3082 912 3156 si
940 3082 1044 3157 unica
1066 3081 1276 3159 dimissionis
1301 3107 1407 3157 eausa

293 3197 414 3275 [uisset
431 3196 650 3286 adulterium,
665 3197 722 3271 rin
739 3196 901 3272 credibile
918 3213 985 3285 est,
1001 3198 1093 3273 idem
1109 3199 1235 3273 orime'n
1254 3198 1404 3274 seeundo

292 3314 416 3416 pariter
435 3314 580 3389 divortio
602 3340 744 3391 wcerasano
767 3313 984 3413 praebuisse,
1004 3313 1087 3413 quin
1113 3313 1213 3389 luerit
1236 3314 1404 3413 punitum.

365 3431 542 3533 Reliquum
568 3431 759 3528 igiturest,
793 3445 831 3503 ut
856 3457 914 3530 per
944 3429 1078 3504 lerootb
1100 3429 1206 3504 dabor
1228 3429 1409 3505 ooditotoot

293 3550 345 3623 roi
359 3574 421 3623 seu
437 3573 505 3622 rom
519 3544 721 3647 pudendam,
747 3562 805 3620 aut
822 3544 1008 3645 foeditatem
1024 3531 1207 3645 generatim
1224 3545 1407 3645 significari

365 3758 416 3821 (77)
432 3757 495 3809 thid.
1412 3802 1416 3807 ,

365 3838 416 3902 (7⁸)
432 3839 509 3890 Lavit
521 3840 574 3890 lx.
585 3846 622 3892 to.
638 3840 685 3891 αεὶ
697 3839 838 3891 moechatus
853 3839 910 3903 qut·
927 3839 1002 3891 taerlt
1020 3850 1077 3890 eom
1094 3849 1175 3889 urere
1191 3834 1292 3889 alteriue
1302 3835 1328 3887 et
1338 3832 1409 3885 adul·

291 3918 382 3970 mium
399 3920 576 3984 perpetraverit
594 3933 652 3971 oum
671 3921 774 3985 ooatoge
792 3919 899 3985 prostrat
919 3919 971 3982 sot,
989 3920 1073 3970 morte
1094 3918 1272 3980 memmi-,et
1290 3914 1409 3967 mos

291 3999 456 4064 etsdultem
470 4019 483 4044 ν
495 4002 520 4052 et
541 4002 615 4053 Dent.
627 4002 706 4052 xxd-
717 4008 756 4053 tt.
769 4018 782 4047 a
795 4002 822 4053 si
837 4000 965 4053 dormtrrtt
983 4001 1023 4050 rtr
1040 4012 1098 4051 oum
1116 4012 1194 4051 uxore
1213 3997 1328 4060 alterius,
1338 3996 1410 4048 uter·

290 4091 343 4145 que
357 4081 499 4141 medetur,
520 4077 547 4130 id
566 4080 605 4131 est
629 4079 726 4132 adalta
743 4081 769 4132 et
792 4080 918 4143 eoumre,
932 4080 958 4133 et
976 4079 1071 4132 autema
1085 4078 1178 4131 ermom
1193 4077 1225 4129 de
1238 4076 1340 4128 lueet.»

368 4158 419 4222 (7⁹)
436 4158 597 4223 Exploratum
615 4161 697 4211 autfflt
722 4172 773 4213 nou
790 4161 830 4211 eet
854 4160 940 4225 vlgtntl
967 4170 1056 4211 neven
1077 4157 1172 4210 onore
1190 4156 1283 4221 qulbus
1303 4152 1412 4207 oeoordt

292 4239 320 4289 ln
335 4239 411 4289 nesle
431 4238 502 4291 llbrls
520 4238 628 4289 formate
645 4239 759 4291 berootlt
775 4239 875 4304 dolor,
895 4240 980 4304 vigiml
995 4239 1084 4304 septies
1096 4237 1242 4290 edhlbettnr
1259 4234 1291 4287 ad
1305 4233 1410 4287 forulos·

293 4318 386 4370 mern
406 4318 611 4383 dgnldoeudem
631 4332 703 4384 uem,
723 4322 752 4371 ut
771 4333 803 4371 ex
821 4319 933 4374 stauos
951 4320 1067 4385 patebit,
1093 4319 1168 4383 antis
1186 4318 1213 4370 ld
1236 4318 1321 4368 meter
1345 4326 1411 4378 aare·

292 4399 350 4461 glus
369 4398 480 4451 munit.
