3234 5084
329 422 396 490 228
472 443 533 491 uc.
550 443 597 491 ιιι.
615 442 701 491 secr.
719 445 848 492 iurum.
865 445 904 492 ur
919 445 1031 493 ruurss.
1052 446 1145 494 ιιιτιι.
1162 446 1285 496 eumsr.

326 560 440 630 ctrine
458 574 525 631 cst:
549 585 609 629 nec
642 558 750 628 virum
777 584 912 631 uxorem
931 585 1026 631 suam
1040 617 1048 644 ,
1063 575 1139 633 ‘nec
1162 587 1298 634 uxorem
1324 564 1437 636 virum

326 700 423 745 suum
449 673 633 757 dimittere,
663 689 696 744 et
722 687 800 769 post
824 671 1057 744 dimissionem
1087 674 1122 743 iu
1147 700 1234 747 nova
1262 692 1339 750 vote
1370 704 1442 750 ma-

325 786 527 860 trimonialia
545 788 687 859 transire
706 813 825 886 posse,
847 787 932 885 quin
953 786 1110 860 adulterii
1129 790 1177 861 rei
1196 789 1298 877 fient,
1320 792 1363 864 ab
1381 794 1444 864 iui-

326 903 372 975 tio
404 903 492 974 enim
527 905 649 1001 (quum
675 903 766 974 Deus
793 902 962 974 hominem
992 908 1155 999 creasset)
1182 905 1371 978 masculum
1406 924 1441 980 et

325 1018 503 1090 foeminam
525 1017 649 1090 iecisse
676 1043 735 1090 eos
769 1034 801 1089 et
835 1017 987 1089 dixisse:
1013 1034 1148 1117 propter
1175 1019 1239 1092 hoc
1272 1020 1439 1121 relinquet

324 1131 425 1204 homo
439 1148 584 1230 putrem,
602 1147 634 1203 et
648 1147 798 1218 matrem,
817 1147 851 1204 et
863 1130 1060 1204 adhaerebit
1073 1134 1169 1207 uxori
1183 1159 1282 1221 suae,
1297 1150 1330 1207 et
1343 1154 1440 1210 eruut

326 1247 394 1320 duo
419 1247 454 1318 in
472 1273 571 1319 cume
596 1273 676 1331 una,
700 1247 790 1345 quod
812 1272 890 1343 ergo
915 1247 1005 1319 Deus
1030 1248 1221 1334 coniunxit,
1247 1249 1348 1324 homo
1372 1275 1439 1325 non

325 1377 457 1459 separet
477 1362 615 1456 (110).»

397 1477 445 1547 Ex
471 1475 526 1548 his
557 1474 842 1574 deprehendimus
859 1501 939 1548 num
961 1500 1040 1548 rere
1062 1475 1279 1550 divortiorum
1303 1481 1436 1577 petroni

325 1590 571 1664 affirmaverint
598 1589 698 1661 textui
718 1589 798 1662 huic
824 1605 881 1662 aut
898 1589 1128 1677 inserendam,
1149 1606 1207 1662 eut
1222 1590 1340 1664 saltem
1359 1593 1438 1665 sub

323 1712 574 1810 intelligendam
611 1711 798 1785 clausulam
833 1711 1094 1811 excepticnalem
1124 1712 1167 1785 de
1195 1714 1433 1803 fornicatione3

323 1828 492 1929 siquidem
520 1825 660 1925 perinde
690 1826 723 1898 id
750 1828 851 1913 leret,
873 1853 914 1899 ee
929 1827 1036 1899 locum
1059 1829 1271 1927 perspicuum
1298 1856 1357 1929 per
1378 1831 1438 1904 cb-

323 1970 459 2017 seumm
486 1967 675 2039 exponerc;
708 1940 833 2012 deinde
858 1956 896 2012 ut
920 1941 986 2013 vim
1013 1940 1150 2013 heberet
1167 1941 1305 2016 istorum
1330 1970 1440 2017 asser·

324 2060 381 2145 tio,
398 2058 534 2131 deberet
555 2057 709 2156 supponi,
727 2056 818 2155 quod
837 2056 958 2129 falsum
977 2082 1053 2129 esse
1068 2056 1295 2145 ostendimus,
1317 2084 1439 2159 nempe

324 2200 384 2270 per
415 2171 505 2244 illam
535 2170 740 2256 clausulam,
770 2169 942 2243 Christum
965 2170 998 2240 in
1026 2194 1107 2242 casu
1132 2170 1287 2244 adulterii
1319 2174 1435 2247 coniu-

324 2287 414 2382 gium
443 2285 583 2360 dissolvi
611 2284 780 2361 docuisse.

815 2502 851 2599 p.
875 2501 933 2573 ιιι.

379 2720 469 2770 iisdem
483 2722 594 2770 ωιίιιιιιιι
611 2720 726 2770 Matthaei
746 2719 914 2783 interpretatio
928 2717 958 2767 de
977 2720 1092 2781 perpetus
1112 2717 1218 2781 coniugii
1240 2719 1374 2770 Christiani

420 2799 632 2850 indissolubilitate
648 2812 677 2849 ex
690 2800 805 2863 spostoio
817 2801 887 2849 Rom.
901 2798 954 2846 vii.
967 2798 993 2847 et
1003 2799 1022 2845 l.
1034 2799 1091 2848 cor.
1102 2798 1155 2847 vit.
1166 2798 1331 2849 confirmetur.

395 2968 550 3041 Scribens
568 2966 747 3066 Apostolus
767 2968 808 3039 ad
836 2967 1014 3051 Romanos,
1031 2982 1068 3038 ut
1089 2966 1278 3041 ostenderet
1303 2966 1436 3042 iudaeis

323 3083 364 3156 ad
393 3084 587 3180 religionem
626 3082 845 3155 christianam
873 3082 1042 3154 conversis
1069 3107 1128 3179 per
1145 3081 1269 3154 Christi
1296 3099 1436 3155 mortem

323 3198 480 3271 liberatos
511 3199 617 3271 luisse
646 3197 777 3293 elegis
807 3196 988 3281 servitute,
1015 3209 1105 3270 'usus
1134 3214 1186 3270 est
1215 3195 1437 3270 similitudine

323 3338 383 3387 seu
408 3313 568 3411 allegoria
593 3312 761 3409 coniugii,
783 3311 874 3410 quod
899 3311 1025 3383 tamdiu
1052 3311 1234 3384 insolutum
1259 3312 1432 3410 perdurat,

322 3429 484 3527 quamdiu
501 3430 661 3525 coniuges
679 3429 713 3498 in
732 3426 819 3500 rivis
838 3443 933 3509 sunt,
955 3425 1095 3500 solvitur
1118 3442 1229 3500 autem
1259 3454 1321 3526 per
1345 3453 1436 3500 mor-

324 3562 387 3618 tem
408 3544 613 3618 alterutrius.
633 3544 688 3617 Sic
703 3569 800 3641 porro
815 3541 948 3615 scribit:
970 3568 1045 3640 cap.
1068 3542 1136 3613 vii.
1154 3544 1224 3613 1-t.
1247 3542 1330 3613 «An
1345 3544 1437 3640 igno

323 3660 423 3744 ratis,
447 3660 565 3733 tratres
595 3658 798 3754 (scientibus
829 3658 918 3730 enim
944 3656 1050 3753 legem
1075 3655 1231 3755 loquor),
1261 3657 1352 3757 quod
1377 3657 1431 3731 lex

322 3774 356 3845 in
384 3773 519 3847 homine
549 3773 740 3847 dominatur
764 3788 890 3870 quanto
925 3787 1073 3868 tempore
1096 3769 1204 3843 vivit?
1229 3772 1311 3844 Nam
1346 3797 1435 3869 quae

323 3885 386 3959 sub
410 3887 483 3960 viro
500 3902 551 3959 est
570 3886 700 3970 mulier,
725 3885 858 3958 vivente
883 3884 955 3957 viro
973 3882 1110 3981 alligata
1134 3898 1186 3957 est
1210 3884 1298 3981 legi;
1321 3884 1351 3956 si
1376 3910 1436 3957 au·

322 4018 386 4072 tem
415 4017 563 4074 mortuus
589 4001 688 4072 suerit
712 4002 763 4074 vir
787 4000 878 4085 cius,
912 3999 1020 4073 soluta
1045 4014 1097 4071 est
1121 4024 1141 4070 a
1167 3997 1240 4096 lege
1264 3999 1339 4070 viri.
1369 4000 1435 4095 lgi—

324 4134 377 4188 tur
404 4117 534 4190 vivente
561 4117 649 4199 viro,
677 4114 851 4188 vocabitur
883 4114 1052 4199 adultera,
1081 4113 1110 4188 si
1141 4113 1239 4189 suerit
1266 4138 1341 4187 cum
1367 4114 1434 4189 alic

396 4345 460 4408 (tto)
474 4346 535 4395 ibid,
550 4344 571 4409 ς.
584 4354 622 4395 os.
