3234 5084
289 446 359 499 cur.
377 445 412 497 rr.
431 443 767 497 transsumam
782 442 874 497 crus
890 442 1139 511 inuramus.
1212 422 1284 496 tat

165 589 249 641 casu
265 563 494 664 fornicationis
512 589 532 638 a
549 561 690 638 muliere
712 578 788 637 onte
812 562 932 637 initum
956 562 1069 638 adhue
1092 564 1286 664 coniugium

166 679 368 756 commissae
398 678 598 755 solutionem
629 678 833 754 matrimonii
864 693 983 778 postea
1013 679 1196 768 conuecti,
1224 706 1286 757 seu

166 795 349 871 divortium
374 793 506 869 licitum
529 793 700 869 docuisse.
716 795 759 867 dt
783 794 865 867 dum
889 820 954 870 vox
978 779 1137 893 aoprrior
1161 794 1205 870 ad
1221 796 1288 871 cri-

166 937 244 986 men
270 925 346 984 ortts
370 909 620 986 matrimonium
645 924 813 1005 patratum
835 924 1009 998 revocant,
1030 907 1132 983 simul
1148 925 1285 986 eonten-

165 1025 252 1101 dunt
277 1050 339 1125 per
361 1051 453 1113 eam,
482 1050 550 1099 non
574 1022 681 1099 selam
707 1023 977 1113 fornicationem,
1006 1024 1066 1099 sed
1092 1023 1160 1100 alia
1183 1026 1285 1100 etiam

167 1140 267 1216 lusda
282 1139 412 1238 flagitia
429 1153 508 1213 ante
524 1135 774 1215 matrimonium
793 1139 946 1214 admissa
971 1138 1178 1237 significari,
1197 1166 1287 1242 quae

166 1270 246 1329 sunt
270 1277 375 1328 causa
400 1251 556 1339 divonii3
585 1251 688 1353 idque
712 1277 780 1326 non
805 1254 922 1327 minus
938 1279 980 1327 ex
997 1252 1108 1326 littera
1124 1278 1226 1352 quam
1244 1280 1286 1328 ex

167 1367 291 1469 spiritu
307 1366 481 1442 doetrinae
497 1365 625 1441 Christi
643 1368 991 1467 patere,‚eentendunt.
1012 1368 1063 1440 Ex
1083 1366 1193 1443 littora
1208 1369 1286 1469 qui-

125 1568 129 1575 *
167 1482 267 1569 dem,
296 1507 373 1556 oum
399 1480 608 1582 exploratum
633 1483 679 1557 sit
701 1508 784 1559 voce
806 1468 965 1584 tropario
990 1509 1058 1559 non
1082 1482 1184 1559 modo
1216 1484 1286 1560 lor-

169 1596 394 1684 aaronem,
413 1621 530 1670 rerum
547 1598 648 1689 etiam
666 1599 784 1696 grauia
801 1596 869 1672 alia
885 1598 1014 1698 flagitia
1031 1600 1066 1674 in
1087 1624 1158 1674 sao.
1178 1599 1286 1675 literis

171 1710 346 1798 denotari;
365 1736 435 1810 qua
447 1709 558 1785 latiori
576 1711 824 1810 significatione
840 1714 951 1788 lesum
963 1740 1080 1789 rocem
1092 1713 1183 1797 hano
1194 1715 1288 1815 pari·

169 1842 220 1901 ter
236 1851 424 1925 usurpasse
435 1851 474 1902 ex
488 1827 658 1904 adiunctis
671 1828 735 1904 loci
748 1829 866 1905 llatth.
881 1831 968 1904 xlx.
986 1831 1156 1932 praesumi
1169 1830 1281 1907 debet.

171 1942 221 2015 Ex
247 1940 371 2042 spiritu
394 1966 475 2016 reru
499 1958 668 2042 quatenus
693 1946 791 2018 lesus
816 1943 945 2020 abusus
970 1971 1168 2046 erroresque
1193 1945 1286 2046 apud

168 2056 310 2132 iudaeos
334 2082 375 2131 ex
400 2074 618 2157 praepostera
641 2059 728 2158 legis
750 2060 1024 2161 interpretatione
1040 2061 1284 2137 invalescentes

170 2171 303 2247 amoliri
328 2170 395 2246 sibi
421 2174 615 2273 preposuit,
644 2190 682 2249 ut
705 2173 770 2248 hae
795 2175 925 2250 ratione
949 2201 1071 2251 causas
1102 2174 1285 2252 diuortium

169 2287 317 2363 luciendi
336 2301 519 2364 coarctaret
535 2304 715 2390 postquam
729 2290 792 2364 rita
811 2290 934 2366 initum
955 2291 1056 2367 luerit
1072 2291 1281 2390 coniugium.

171 2404 292 2478 Verum
319 2428 396 2477 cum
421 2402 578 2479 Christus
603 2421 693 2480 certe
717 2403 862 2479 noluerit
885 2406 920 2478 in
945 2405 1019 2504 lege
1043 2432 1107 2481 sua
1130 2406 1189 2482 illa
1209 2433 1287 2508 per·

169 2544 308 2593 manere
332 2519 511 2617 coniugia,
539 2546 629 2621 quae
652 2535 723 2594 tum
748 2519 803 2595 ius
829 2520 983 2595 natumle
1006 2538 1078 2596 tum
1103 2522 1195 2622 leges
1217 2548 1287 2598 mo

170 2633 259 2708 rulers
281 2632 465 2722 damnant,
493 2634 615 2710 exinde
639 2634 804 2733 colligunt
823 2634 1006 2712 Salvatoris
1022 2635 1125 2712 verba
1141 2637 1178 2710 in
1194 2652 1287 2712 utro-

169 2773 237 2848 que
261 2747 419 2823 llatthaei
445 2764 538 2824 textu
562 2749 606 2826 de
630 2749 850 2825 seminatione
874 2751 994 2826 aliisve
1018 2750 1129 2826 foedis
1146 2750 1286 2850 flagitiis

168 2877 243 2937 crttc
267 2862 417 2961 coniugii
434 2863 694 2940 celebrationem
710 2865 853 2965 patratis
865 2892 942 2940 esse
955 2864 1175 2965 intelligenda
1191 2868 1282 2964 (tt).

241 2975 305 3051 llis
323 2977 486 3053 insistens
499 2978 664 3069 Gartzius,
685 3006 752 3054 nen
769 2980 870 3056 modo
887 2981 1008 3081 probat
1025 3009 1190 3084 suamque
1206 2983 1288 3059 feeit

171 3094 416 3192 expositionem
440 3094 535 3169 roais
560 3081 716 3195 πορνεία
742 3123 803 3197 pro
829 3097 1048 3173 lomieatione
1073 3114 1150 3173 ante
1170 3099 1287 3173 matri·
1374 3112 1377 3121 ’

169 3209 318 3284 monium
351 3225 517 3310 praeta,
550 3212 611 3286 sed
642 3228 677 3287 et
713 3212 912 3289 confirmare
942 3213 1105 3290 adnititur
1139 3240 1180 3290 ex
1215 3241 1283 3303 eo,

169 3321 260 3424 quod
286 3323 476 3399 ldattheeue
501 3326 675 3427 sumpserit
698 3328 909 3427 evangelium
935 3356 1035 3403 suum
1061 3354 1122 3429 pro
1147 3328 1286 3404 iudaeo-

169 3438 381 3515 christianis.
402 3442 472 3516 lam
496 3467 576 3517 vero
599 3441 809 3542 exploratum
833 3463 887 3521 est
905 3445 997 3545 apud
1016 3444 1156 3520 iudaeos
1177 3444 1285 3520 moris

171 3554 299 3643 luisse,
319 3570 357 3629 ut
374 3554 520 3639 sollicite
536 3572 614 3633 aute
631 3559 745 3632 omnia
760 3560 804 3632 de
821 3585 969 3659 sponsae
980 3559 1170 3657 uirginitate
1186 3584 1288 3660 quae·

172 3687 314 3744 teretur.
337 3671 490 3747 lndidem
507 3688 540 3747 et
557 3673 632 3774 ipse
649 3673 760 3748 intulit
776 3699 817 3747 ex
830 3674 975 3749 testibus
987 3674 1145 3749 llatthuei
1159 3672 1286 3749 nullam

171 3787 336 3861 contineri
361 3786 541 3864 divortium
567 3789 713 3865 faciendi
741 3790 1022 3891 prohibitionem,
1041 3791 1101 3866 ubi
1117 3791 1181 3865 riri
1199 3816 1288 3868 eom-

171 3905 320 4002 pererint
335 3904 454 3981 duetus
473 3932 494 3981 a
511 3933 549 3983 se
564 3933 687 3983 uxores
703 3907 936 3984 fornicationis
950 3908 1079 4007 flagitio
1092 3925 1170 3984 ante
1183 3908 1286 3985 initas

173 4020 309 4120 nuptias
326 4020 433 4097 tuisse
449 4022 697 4126 coinquinatus.
717 4025 852 4098 Etenim
868 4024 985 4100 Matth.
1001 4025 1040 4097 V.
1052 4027 1111 4098 32.
1130 4025 1288 4100 Christus

172 4133 214 4207 de
239 4135 297 4210 illo
321 4137 462 4238 speciali
489 4154 616 4214 uatum
641 4164 723 4214 ease
748 4140 881 4215 loeutus
905 4157 975 4228 est,
1003 4166 1071 4242 quo
1100 4139 1154 4216 uir
1182 4167 1287 4242 spon-

244 4322 295 4386 (ts)
311 4324 349 4377 lta
367 4328 453 4377 auctor
471 4324 649 4379 dissertationis
667 4330 705 4378 Dc
721 4328 827 4379 trrttttto
847 4326 1031 4379 dtrorttorrrrrr.
1052 4325 1187 4391 &laborat
1206 4325 1287 4379 editae

175 4414 214 4451 aa.
230 4412 297 4489 reta
309 4406 376 4470 apud
389 4406 533 4471 aatormy
544 4420 585 4471 op.
597 4405 671 4470 citt
683 4414 721 4459 et.
734 4419 790 4471 pag.
803 4413 833 4458 at
842 4418 894 4471 seq.
