3234 5084
317 463 386 515 mr.
402 461 438 514 u.
455 461 496 514 nr
512 458 627 514 morsa.
644 461 739 513 uara.
756 460 791 513 m
807 461 898 515 cros.
914 463 1028 515 rnncr.
1040 464 1114 519 aar.
1130 464 1167 517 rr.
1237 444 1303 517 201

194 580 232 654 lii
248 580 434 655 tridentini.
456 582 526 653 lam
547 605 647 668 vero,
676 579 947 680 interpretatione
967 581 1076 680 posita
1097 581 1141 655 de
1161 581 1307 681 simplici

193 695 432 784 fornicatione,
454 721 515 768 sau
534 694 577 767 de
601 692 846 783 concubinatu,
866 692 933 767 vim
952 719 1084 767 omnem
1102 720 1200 768 suam
1217 694 1309 771 eius·

192 811 284 885 modi
306 825 542 910 argumentum
563 809 744 897 amitteret3
773 835 854 907 ergo
878 809 956 882 talis
977 809 1205 909 interpretatio
1223 838 1307 886 una-

192 927 275 1000 nimi
301 926 499 1000 adversatur
522 923 752 1022 theologorum
778 924 1004 998 consensioni.
1191 922 1196 929 ’

265 1044 409 1141 Insuper
425 1040 469 1114 ad
486 1041 596 1138 magis
614 1040 790 1139 magisque
811 1038 1052 1113 ostendendam
1074 1037 1308 1115 eiusmodi'in·

192 1156 439 1256 terpretationis
463 1156 644 1230 novitatem
662 1180 703 1228 ac
719 1154 899 1228 falsitatem
917 1169 1032 1227 contra
1049 1180 1187 1243 sensum
1204 1156 1306 1231 totius

190 1272 401 1370 antiquitatis
427 1288 659 1369 argumentum
685 1296 836 1369 promam
862 1295 1001 1370 prorsus
1025 1269 1239 1344 ineluctabile
1264 1298 1306 1345 ex

190 1386 350 1460 diuturno
372 1384 449 1475 illo,
472 1386 562 1487 quod
587 1386 713 1483 viguit,
734 1384 915 1458 theoretico
932 1386 1005 1480 (78)
1020 1400 1053 1457 ct
1070 1383 1215 1483 practico
1232 1384 1305 1458 dis-

190 1500 278 1575 sidio
297 1501 385 1573 inter
405 1527 543 1599 graecos
561 1515 594 1574 et
612 1500 733 1573 latinos
751 1499 864 1599 quoad
881 1498 1137 1573 dissolutionem
1156 1499 1304 1598 coniugii

189 1614 233 1690 ob
258 1614 414 1689 adulterii
440 1615 619 1713 flagitium.
649 1613 848 1713 Siquidem,
878 1629 916 1687 ut
941 1630 1053 1688 notum
1083 1629 1159 1702 est,
1191 1614 1301 1711 graeci

189 1729 231 1803 ab
257 1730 514 1804 immemorabili
539 1729 744 1805 contendunt
761 1728 900 1804 dissolvi
919 1729 1166 1805 matrimonium
1192 1728 1303 1829 quoad

187 1844 358 1919 vinculum
384 1845 420 1916 in
445 1871 550 1918 causa
574 1843 749 1932 adulterii,
777 1843 873 1917 latini
897 1869 998 1929 uero,
1019 1869 1161 1943 quorum
1181 1844 1304 1919 doctri·

188 1985 266 2033 nam
286 1975 404 2059 postea
422 1959 695 2047 vindicabimus,
716 1974 852 2033 tuentur
869 1985 934 2034 non
952 1959 1090 2033 dissolri
1110 1959 1302 2057 coniugium

187 2074 252 2177 hoc
278 2075 314 2146 in
339 2101 421 2148 casu
446 2075 513 2148 nisi
536 2075 647 2175 quoad
668 2090 777 2148 torum
795 2092 828 2148 et
844 2073 1137 2148 cohabitationem.
1155 2075 1303 2175 Utraque

186 2216 265 2290 pars
291 2189 334 2262 ad
360 2216 456 2263 suam
481 2189 668 2263 doctrinam
691 2205 726 2263 et
745 2189 875 2288 praxim
903 2189 1124 2288 protuendam
1148 2189 1302 2264 innititur

185 2306 285 2379 unice
306 2304 432 2379 Christi
460 2304 591 2394 sarbia,
616 2331 704 2406 quae
729 2305 763 2377 iu
785 2305 876 2378 binis
896 2305 1053 2402 Matthaei
1079 2302 1224 2381 textibus
1248 2330 1301 2380 re-

186 2421 374 2520 periuntur.
384 2419 543 2520 Adeoque
560 2436 629 2493 tum
647 2421 758 2517 graeci
777 2408 847 2493 tum
865 2419 960 2493 latini
978 2418 1300 2494 constanterrooem

183 2534 428 2631 subiectionis,
450 2534 589 2633 quaein
606 2548 749 2633 utroque
771 2548 861 2607 textu
886 2534 1047 2621 occurrit,
1067 2532 1300 2607 intellexerunt

183 2646 227 2719 de
251 2646 431 2732 adulterio,
460 2640 645 2746 numquam
669 2663 780 2720 autem
807 2647 850 2721 de
875 2647 1022 2746 simplici
1053 2646 1296 2734 fornicatione,

184 2786 272 2861 quae
298 2762 490 2859 coniugium
520 2763 743 2862 praecesserit
772 2765 865 2859 (ll),
894 2761 1045 2861 alioquin
1071 2760 1199 2834 nullum
1224 2786 1299 2833 um·
1331 2826 1334 2831 ,
1417 2848 1422 2861 ¹

183 2902 285 2976 quam
311 2876 422 2949 locum
450 2874 617 2952 eiusmodi
643 2877 826 2952 dissidium
851 2876 1038 2951 habuisset.
1059 2876 1148 2975 Ergo
1170 2876 1230 2976 qui
1255 2876 1320 2949 de⁴

184 2990 431 3077 fornicatione,
464 3006 562 3091 prout
593 2986 645 3065 ab
666 2990 831 3065 adulterio
862 2991 1101 3089 distinguitur,
1134 2991 1298 3090 interpre-

183 3118 297 3177 tantur
320 3102 445 3177 Christi
476 3105 579 3179 verba
603 3105 782 3180 universae
811 3105 1063 3181 ecclesiasticae
1085 3105 1297 3206 antiquitatis

182 3217 298 3293 sensui
324 3243 364 3292 ac
389 3218 629 3318 intelligentiae
653 3220 898 3294 contradicunt.
918 3220 1072 3296 Addatur
1093 3221 1242 3320 denique
1265 3237 1298 3295 et

181 3328 284 3419 illud,
313 3354 354 3405 ax
380 3349 427 3407 tot
451 3359 535 3406 rom.
558 3333 795 3434 pontificibus,
824 3351 941 3408 extet
971 3334 1145 3423 conciliis,
1177 3360 1219 3407 ex
1249 3350 1297 3408 tot

180 3445 333 3547 patribus
359 3444 493 3536 latinis,
521 3447 589 3522 imo
614 3463 646 3521 at
670 3450 817 3546 graecis,
840 3450 898 3549 qui
917 3465 1171 3551 propugnarunt
1190 3449 1295 3523 omni·

180 3562 315 3636 modam
340 3562 672 3638 indissolubilitatem
693 3565 842 3663 coniugii
868 3564 1029 3639 adversus
1055 3590 1133 3653 eos,
1154 3564 1213 3665 qui
1237 3589 1297 3663 pro

180 3704 243 3751 sua
272 3679 439 3752 sententia
462 3694 495 3752 et
519 3680 614 3778 praxi
639 3680 676 3751 in
700 3706 804 3754 causa
836 3680 991 3754 adulterii
1024 3679 1118 3754 bisce
1149 3678 1295 3753 textibus

179 3794 424 3883 abutebantur,
453 3796 621 3868 neminem
646 3822 807 3895 umquam
834 3796 1047 3885 insinuasse,
1075 3811 1134 3870 aut
1161 3796 1294 3894 excogi-

180 3924 272 3984 tasse
292 3910 430 4011 quidem
452 3909 540 3985 hanc
561 3911 867 4012 interpretationem
892 3912 936 3986 de
960 3911 1206 3998 concubinatu,
1227 3938 1294 4011 qua

251 4160 302 4224 (78)
318 4161 412 4214 &ham
430 4174 461 4215 ax
482 4164 653 4228 comcquantt,
675 4164 704 4216 ut
722 4177 768 4216 suo
785 4164 841 4216 loco
858 4163 1030 4229 expendamus.

248 4239 300 4303 (7⁹)
315 4241 373 4291 Dlri
385 4244 537 4306 cantamus
549 4244 736 4307 pronosuit,
749 4255 806 4293 nam
819 4243 841 4295 sl
854 4242 880 4292 tn
894 4244 959 4294 statu
972 4240 1094 4305 contugull
1104 4241 1228 4306 quisptam
1237 4254 1294 4292 cum

177 4318 314 4371 Μὶν
333 4323 515 4386 manesceret,
530 4323 639 4387 protecto
657 4336 718 4374 raro
733 4322 849 4375 adulterit
867 4322 971 4374 crlmlnc
984 4336 1011 4375 sc
1027 4322 1233 4387 commocnlcrat3
1248 4334 1294 4374 nea

179 4398 282 4462 probra
298 4400 496 4455 uraniam
514 4402 696 4469 hypomn
706 4402 875 4470 interpretatio
889 4402 941 4456 alto
957 4414 1030 4457 samu
1046 4402 1149 4468 mtautp
1164 4402 1255 4468 porat.
