3234 5084
325 424 394 496 278
469 445 531 495 ιιιι.
544 443 592 495 ιιι.
608 440 695 493 srur.
712 437 842 492 urruns.
859 440 900 491 nr
917 438 1029 491 nnss.
1047 439 1143 491 ιιτιι.
1160 438 1286 490 cunsr.

395 564 529 638 Directa
552 577 662 637 autem
687 561 909 635 desumuntur
934 585 974 633 er
999 558 1111 633 uerbis
1138 558 1224 658 ipsis
1249 558 1440 644 Lactantii,
1528 611 1535 636 „

322 705 410 781 quae
437 679 466 753 si
491 679 653 753 attentius·
674 677 899 776 inspiciuntur
923 674 992 749 duo
1017 674 1231 772 significant,
1259 675 1294 747 1.
1316 698 1444 773 nempe

323 795 508 869 adulterum
524 820 612 879 esse,
632 795 692 893 qui
705 820 727 866 a
741 795 860 865 murt'to
876 794 1009 865 eiectum
1025 791 1180 876 doctrin
1201 792 1235 862 Ξ.
1247 787 1438 863 adulterum

323 910 448 1011 pariter
459 935 536 983 esse
548 935 637 996 eum,
653 909 852 1008 quipraetcr
863 905 1021 979 adaluni
1031 907 1152 978 minen
1165 931 1301 978 onnam
1312 905 1446 977 dimise-

322 1028 380 1109 rit,
396 1037 433 1097 ut
449 1026 588 1098 alteram
603 1024 720 1109 ducat,
746 1022 871 1123 quibus
887 1021 1128 1123 posterioribus
1145 1021 1258 1094 verbis
1276 1019 1443 1120 implicite

323 1139 516 1238 significare
532 1138 638 1214 voluit
655 1139 846 1212 lactantius
871 1163 948 1212 eum
974 1137 1045 1211 lore
1069 1163 1163 1210 remu
1183 1136 1360 1225 adulterii,
1379 1135 1441 1237 qui

323 1254 554 1328 fornicationis
571 1279 692 1342 causa,
714 1253 762 1327 ita
777 1253 926 1327 dimittat
941 1279 1094 1342 rnorem,
1114 1269 1152 1326 ut
1168 1253 1269 1327 ducat
1284 1252 1439 1339 alteram,

323 1395 400 1443 eum
417 1396 499 1443 uero
514 1368 706 1456 innoxium,
728 1370 788 1468 qui
810 1368 930 1442 hocin
955 1394 1038 1442 casu
1063 1368 1277 1442 fornicariam
1302 1393 1442 1441 uxorem

322 1483 552 1557 tantummodo
575 1483 740 1570 dimittat,
761 1482 962 1582 quinalium
980 1484 1094 1559 ducat.
1116 1481 1249 1571 Quibus
1265 1481 1369 1557 veluti
1386 1482 1441 1554 di·

322 1600 391 1697 gito
415 1599 543 1673 indicat
567 1598 726 1672 Matthaei
750 1598 978 1673 testimonium
995 1601 1081 1672 xlx.
1100 1602 1135 1671 9.
1151 1601 1240 1673 Sane
1257 1599 1357 1686 hanc,
1377 1622 1442 1671 neo

322 1715 424 1788 aliam
449 1739 528 1790 esse
548 1714 711 1789 Lactantii
736 1729 881 1788 mentem
907 1715 941 1788 in
968 1715 1099 1790 obiecto
1122 1714 1197 1789 loeo
1221 1713 1382 1812 colligunt
1397 1739 1441 1788 ax

323 1830 491 1929 pericope,
507 1856 576 1930 qua
592 1829 761 1903 concludit
774 1830 865 1931 quod
879 1847 978 1904 antea
990 1830 1136 1904 dixerat:
1157 1830 1340 1902 Duroniam
1354 1829 1443 1900 onim

322 1972 438 2045 cmpos
458 1961 490 2017 ct
506 1945 649 2018 dibtrolti
663 1946 751 2018 Deua
770 1947 887 2018 noluit.
909 1946 1004 2033 Quae
1027 1944 1199 2019 conclusio
1224 1957 1442 2044 praepostera

322 2085 363 2133 ac
387 2059 474 2134 lalsa
507 2075 619 2148 esset,
647 2061 678 2134 si
701 2076 739 2134 ut
763 2060 970 2136 conandum
1000 2060 1212 2147 aduersarii,
1245 2059 1440 2132 lactantius

322 2176 436 2274 reipsa
459 2174 600 2250 dissolui
625 2176 737 2275 quoad
761 2175 935 2249 uinculum
958 2175 1152 2273 coniugium
1177 2174 1381 2248 asseruisset
1395 2172 1444 2250 oh

323 2287 477 2362 adulterii
502 2288 681 2387 flagitium.
702 2289 864 2386 Congruit
888 2306 1061 2388 practerea
1086 2290 1251 2364 sententia
1275 2286 1439 2362 Lactamii

325 2403 369 2475 de
386 2403 459 2477 sola
476 2404 675 2478 dimissione
691 2405 803 2505 quoad
817 2421 926 2478 torum
944 2404 990 2477 oh
1001 2404 1203 2504 adudterium
1220 2430 1297 2477 cum
1309 2403 1436 2491 verbis,

323 2542 411 2617 quae
434 2544 475 2591 ex
500 2544 540 2592 eo
565 2518 828 2618 descripsimus:
849 2518 1001 2591 «Divina
1024 2519 1078 2592 lex
1102 2520 1148 2591 ita
1173 2516 1262 2591 duos
1276 2517 1311 2589 in
1328 2517 1444 2590 matri·

322 2632 493 2719 monium,
514 2631 605 2733 quud
625 2647 678 2706 est
695 2633 730 2704 in
749 2658 872 2731 corpus
897 2656 1021 2720 unum,
1050 2632 1123 2732 pari
1148 2633 1222 2706 iure
1244 2631 1436 2720 coniunxit,

321 2764 360 2820 ut
383 2746 516 2822 adulter
541 2749 724 2834 habeatur,
753 2747 912 2848 quisquis
936 2741 1133 2846 compagem
1157 2747 1308 2846 corperis
1333 2748 1369 2819 in
1385 2745 1445 2819 di-

322 2886 421 2934 uersa
441 2861 773 2936 distraxeritfflaac
797 2862 888 2933 enim
913 2885 989 2935 cum
1015 2860 1186 2959 generalia
1202 2861 1289 2948 sint,
1310 2859 1441 2934 nullam

322 2975 551 3073 exceptionem
582 2976 782 3062 admittunt,
812 3003 874 3050 seu
904 2977 1017 3050 verius
1042 2976 1269 3076 exceptionem
1303 3002 1438 3049 omnem

321 3089 515 3162 excludunt.
544 3090 718 3190 Siquidem
745 3092 859 3191 reipsa
885 3093 1033 3192 corporis
1058 3117 1219 3191 compago
1244 3117 1280 3163 ιιι
1305 3090 1439 3164 diversa

322 3202 590 3294 distraheretur,
620 3205 699 3279 data
724 3206 881 3280 facultate
905 3207 948 3280 ob
970 3207 1171 3281 adulterium
1198 3205 1336 3280 alterius
1361 3230 1442 3279 oen·

321 3320 430 3417 iugis,
458 3321 562 3394 alium
578 3335 646 3394 aut
670 3321 770 3395 aliam
796 3323 953 3396 ducendi.
980 3323 1023 3394 Et
1046 3322 1130 3395 haec
1154 3322 1266 3422 quoad
1290 3320 1438 3421 prinmm

321 3451 446 3511 textum
470 3463 511 3510 ex
537 3436 597 3513 lib.
618 3437 671 3509 vl.
693 3464 724 3511 c.
747 3440 805 3510 23.
828 3440 941 3510 Dicin.
959 3440 1211 3511 institutionum.

394 3552 513 3639 Quoad
538 3552 681 3626 alterum
705 3579 785 3627 vero
810 3552 988 3651 allegatum
1009 3580 1051 3626 ax
1066 3554 1217 3652 Epitonu
1233 3577 1308 3652 cap.
1326 3551 1432 3624 txvr.

319 3668 587 3742 animadvertunt
603 3669 725 3741 eruditi
745 3669 929 3742 l.verbum
950 3670 1071 3742 resolvi
1093 3693 1161 3769 quo
1179 3668 1441 3742 utiturLactau·

319 3783 386 3856 tius
410 3783 447 3855 in
468 3809 571 3856 sensu
591 3781 794 3856 christianae
813 3783 1022 3882 antiquitatis
1039 3781 1130 3857 haud
1148 3808 1250 3881 posse
1266 3781 1375 3881 accipi
1392 3780 1436 3854 ad

319 3897 578 3995 significandam
602 3921 716 3971 verum
742 3896 853 3997 quoad
878 3897 1048 3971 vinculum
1074 3896 1332 3998 diremptionem
1357 3922 1440 3970 con·

317 4012 423 4109 iugii,
452 4013 513 4088 scd
537 4012 647 4088 solum
672 4012 716 4086 ad
742 4013 1016 4087 dissociationem
1046 4013 1292 4112 designandam
1322 4010 1436 4113 quoad

319 4127 559 4202 habitationem
587 4145 620 4202 et
644 4144 766 4203 torum.
783 4129 889 4203 Cuius
916 4129 962 4202 rei
988 4129 1177 4228 exemplum
1203 4129 1377 4230 proferunt
1394 4153 1437 4200 er

318 4269 413 4317 conc.
430 4243 660 4331 foroiuliensi,
681 4242 772 4344 quod
791 4243 912 4318 iisdem
926 4243 1135 4343 peneverbis
1154 4245 1259 4317 utitur
1270 4242 1314 4318 ad
1327 4241 1435 4317 solam

318 4357 591 4437 dissociationem
605 4360 717 4462 quoad
732 4375 840 4435 torum
853 4360 1123 4459 significandam.
1135 4359 1190 4435 Ait
1201 4361 1292 4436 enim
1305 4385 1379 4434 ean.
1390 4358 1434 4429 X.
