3234 5084
374 476 444 535 oar.
461 483 493 533 r.
509 482 550 533 nr
563 480 671 536 sotor.
687 479 815 533 rarrrr.
833 480 928 532 arra.
950 479 1022 531 aar.
1037 478 1078 530 ιι·
1217 454 1282 528 iii

174 604 266 678 mina
285 628 306 676 a
322 600 543 676 fornicatione
566 600 701 676 diversa
723 598 796 673 fieri
820 611 988 699 nequeant
1011 598 1100 672 iusta
1121 596 1283 683 diuortia,

173 720 234 795 sed
260 717 337 792 aliis
362 716 517 817 pluribus
536 715 580 789 de
604 713 738 804 causis,
765 714 897 788 scilicet
919 715 954 785 1.
979 712 1068 799 Quia
1086 711 1196 787 solum
1220 711 1289 786 ior·

173 833 354 908 nicationis
372 831 498 907 crimen
516 830 643 904 datius
661 829 705 903 ad
722 844 918 930 perpetuam
935 827 1180 928 separationem
1199 827 1286 927 parti

173 948 368 1035 innocenti,
395 946 526 1020 etiamsi
551 971 639 1046 quae
663 945 794 1031 nocuit,
820 943 997 1017 exanimo
1022 942 1143 1042 patrati
1168 941 1288 1040 flagitii

172 1065 398 1165 poenituerit,
425 1063 516 1163 quod
542 1063 577 1135 in
604 1061 744 1162 reliquis
769 1059 880 1135 locum
906 1058 1108 1134 nonhabet.
1139 1061 1173 1132 2.
1201 1058 1289 1145 Quia

174 1198 305 1255 ceterae
328 1204 451 1253 causae
476 1205 543 1252 non
569 1193 649 1251 sunt
672 1176 875 1250 matrimonii
896 1177 1066 1275 propriae,
1096 1173 1156 1248 sod
1176 1174 1288 1273 potius

173 1295 387 1369 matrimonio
404 1309 438 1368 et
449 1293 527 1367 aliis
544 1291 700 1367 omnibus
715 1290 1063 1367 confoederationibus
1076 1288 1283 1379 communesi

174 1407 343 1508 siquidem
365 1425 500 1509 propter
524 1408 753 1508 apostasiam,
780 1405 971 1496 haeresim,
996 1405 1223 1479 inductionem
1243 1404 1288 1478 ‘ad

175 1540 350 1624 peceatum
373 1522 508 1625 aliaque
531 1523 698 1598 eiusmodi
723 1549 790 1598 non
815 1522 925 1597 solum
946 1520 990 1596 ab
1013 1547 1135 1609 uxore,
1169 1521 1230 1595 sed
1254 1534 1288 1595 et

174 1664 195 1712 a
208 1655 321 1738 patre,
338 1655 461 1728 matre,
477 1639 637 1713 iratribus
650 1653 752 1740 atque
765 1637 937 1713 sororibus
951 1637 1118 1738 separatio
1134 1635 1290 1710 iacienda

173 1768 228 1826 est
246 1779 287 1826 ex
308 1751 434 1826 Christi
455 1753 565 1853 ipsius
589 1752 744 1842 oraculo,
772 1769 810 1827 ut
833 1752 993 1859 vidimus.
1024 1754 1058 1827 3.
1081 1751 1168 1837 Quia
1185 1750 1290 1825 iorni-

172 1868 260 1942 catio
281 1867 354 1942 sola
377 1883 430 1943 est
453 1894 557 1943 causa
581 1894 649 1943 non
673 1866 773 1942 modo
794 1868 952 1969 propria,
978 1893 1094 1941 rerum
1115 1866 1215 1940 etiam
1241 1866 1289 1938 in·

173 1982 338 2057 trinseca:
368 2010 428 2085 per
452 1983 545 2057 iliam
569 1983 659 2058 enim
684 1983 887 2057 matrimonii
911 1983 1021 2083 ipsius
1045 1982 1171 2057 bonum
1196 1979 1287 2081 quod

173 2098 209 2169 in
235 2097 396 2172 fidelitate
415 2098 590 2186 consistit,
618 2099 748 2173 directe
767 2099 939 2197 impetitur
954 2114 1056 2198 atque
1073 2123 1211 2197 prorsas
1229 2097 1289 2170 de·

141 2254 144 2258 ·
173 2214 326 2287 struitur.
342 2213 429 2287 Hinc
446 2213 564 2288 merito
581 2213 732 2288 adultera
749 2213 926 2287 dimittitur
945 2214 1036 2286 iuxta
1057 2211 1162 2287 illud:
1182 2212 1290 2285 Froe-

173 2328 266 2426 qcoti
274 2326 381 2427 fidon,
397 2326 477 2428 fidas
489 2330 667 2428 frondator
678 2316 791 2401 cidara
805 2328 942 2402 Ceterae
952 2348 1031 2402 vero
1043 2352 1166 2401 causae
1178 2327 1288 2402 eidem

174 2441 332 2539 coniugio
357 2459 436 2517 sunt
458 2443 666 2518 extrinsecae
686 2446 775 2540 (96)“.
977 2427 981 2435 ’

247 2557 296 2629 Ex
315 2557 370 2631 his
387 2582 528 2660 pronum
545 2574 597 2633 est
614 2557 798 2656 intelligere
815 2585 884 2660 qua
900 2558 1028 2634 ratione
1041 2559 1200 2633 affirmari
1212 2583 1289 2659 pos·

174 2672 220 2746 sit
239 2671 409 2748 Christum
434 2676 470 2747 in
496 2675 636 2749 obiectis
658 2674 771 2749 verbis
789 2676 824 2747 in
843 2701 964 2764 sensu,
984 2691 1021 2749 ut
1037 2676 1150 2764 aiunt,
1175 2673 1290 2748 exclu-

174 2789 247 2862 siro
259 2815 465 2864 memorasse
482 2790 589 2865 solam
603 2790 855 2864 fornicationem
873 2806 1044 2890 tamquam
1058 2789 1192 2865 divortii
1210 2816 1290 2864 cau·

175 2924 270 2989 sam;
305 2930 424 3005 nempe
448 2919 616 3005 quatenus
639 2905 726 2980 haec
744 2921 797 2980 est
820 2931 923 2979 cocao
943 2914 1125 3005 perpetuo,
1149 2906 1290 3004 proprio

174 3032 207 3091 ct
228 3020 428 3107 intrinseco,
457 3046 568 3120 neque
591 3022 733 3122 proinde
759 3021 845 3096 alias
867 3046 989 3095 causas
1013 3047 1101 3121 quae
1125 3020 1194 3095 sint
1212 3035 1290 3094 aas

170 3158 340 3232 pmaooc,
365 3137 568 3208 'moioscooc
592 3151 622 3209 et
646 3162 825 3209 commones
845 3136 941 3232 (Η),
966 3135 1164 3210 exclusisse.

249 3250 426 3350 Perperam
438 3296 440 3303 ι
451 3249 555 3348 igitur
577 3249 787 3326 Chemnitius
811 3264 908 3350 urget
925 3252 1087 3326 adsersus
1104 3250 1289 3327 catholicos

252 3501 303 3567 (te)
319 3503 345 3553 si
366 3501 399 3553 ad
421 3502 482 3555 baec
503 3504 587 3555 omnia
606 3503 750 3557 attendisset
768 3505 866 3557 Samaei
885 3504 956 3557 Klein
978 3504 1004 3555 ia
1022 3505 1065 3557 cit.
1085 3506 1195 3557 nasac
1211 3516 1287 3556 torro·

176 3583 238 3633 uico
255 3581 289 3633 da
306 3585 476 3635 matrimonio
492 3582 573 3636 teoto
589 3584 758 3650 timolinam
774 3598 885 3651 croccae
897 3586 1034 3637 encomiis
1046 3583 1186 3647 mamm,
1198 3585 1289 3637 attola

178 3662 271 3713 iareoet
291 3664 393 3715 minime
415 3664 553 3729 scripsisset
578 3668 635 3729 post
655 3665 763 3717 adducta
787 3666 879 3717 carati
900 3666 975 3717 raba
1002 3666 1091 3718 ason.
1113 3669 1178 3718 xix
1200 3668 1290 3725 «Quae

177 3739 252 3791 rerba
272 3742 375 3807 intelligi
387 3744 475 3794 rotant
487 3744 724 3809 graeeioricntaiea,
738 3744 804 3808 quod
818 3747 917 3809 propter
928 3745 1076 3796 auctarium
1088 3745 1168 3796 solum
1188 3759 1203 3796 a
1217 3746 1288 3797 cari·

176 3822 216 3871 ato
237 3822 343 3873 Domino
364 3823 513 3876 comedatur
531 3823 666 3875 divortium
684 3825 711 3876 et
727 3826 865 3889 separatio,
877 3838 927 3876 noa
944 3825 1025 3877 aotam
1043 3825 1126 3890 quoad
1137 3827 1233 3890 torum,
1245 3825 1290 3878 aeri

178 3899 253 3951 etiarn
274 3902 357 3964 quoad
377 3903 522 3967 vincutum
544 3905 669 3955 enimvero
688 3905 710 3955 si
729 3905 803 3957 rerha
823 3906 963 3971 eraagonca
983 3906 1062 3957 solum
1082 3905 1115 3957 de
1138 3907 1293 3972 separatione

174 3981 225 4031 tori
246 3984 328 4031 essent
348 3982 619 4048 intelligendarum
637 3984 723 4035 cadem
742 3985 863 4049 iacerent,
882 3986 1032 4050 qmcumque
1051 3984 1085 4037 od
1104 3984 1187 4037 oliam
1207 3989 1287 4038 ratio·

175 4072 237 4112 neat
256 4062 339 4124 quoad
360 4064 441 4114 torum
453 4067 583 4129 uparam,
601 4077 659 4116 cum
679 4066 714 4115 ibi
735 4065 848 4118 dicator:
867 4066 926 4117 Nisi
944 4066 976 4116 oo
996 4063 1222 4129 fornicationem
1238 4078 1291 4117 cer·

175 4140 231 4190 tum
252 4140 334 4190 autem
356 4142 408 4204 est,
430 4141 498 4205 quod
517 4144 591 4194 etiam
610 4144 644 4194 ob
663 4144 747 4208 piures
767 4145 828 4195 alias
849 4157 936 4195 causat
953 4144 1074 4209 separatio
1103 4144 1185 4208 quoad
1206 4148 1290 4197 torum

176 4219 229 4270 flat.
246 4222 310 4283 Ergo
336 4222 475 4285 evangelica
494 4223 568 4274 rerba
588 4237 637 4275 non
656 4223 689 4276 de
708 4224 773 4287 tori,
787 4225 831 4276 sed
849 4224 943 4276 rmcuii
961 4224 1114 4289 separatione
1133 4224 1291 4291 intelligenda

175 4301 315 4432 watien
336 4301 428 4365 quibus
445 4302 545 4356 videtur
563 4304 605 4355 hic
631 4307 717 4358 auctor
736 4306 781 4371 qni
802 4306 886 4359 umet
907 4305 1043 4359 athalicus
1056 4308 1108 4371 est,
1123 4307 1291 4360 chemnttiutn

177 4392 235 4431 acco
296 4391 358 4431 essa.

253 4460 304 4525 (27)
320 4458 359 4512 ci.
374 4459 515 4513 Ballarmin.
531 4460 580 4512 loc.
594 4461 637 4513 cit.
