3234 5084
336 426 378 495 hh
410 510 412 513 v
501 448 561 498 uu.
583 450 629 498 ur.
651 449 736 499 saer.
758 451 780 499 r.
803 451 842 499 or
861 451 954 501 urrn.
971 450 1094 500 cnnrsr.
1112 448 1256 502 onrrrrs.

336 580 460 637 secuta.
484 564 560 637 ldeo
585 591 662 640 vero
687 566 730 639 de
754 566 828 639 sola
852 566 1009 653 muliere,
1038 592 1104 640 non
1134 585 1243 640 autem
1272 568 1328 638 de·
1344 569 1434 642 viro:

336 676 465 750 locutus
490 696 542 751 est
565 679 744 778 Apostolus
769 681 803 752 in
830 683 884 753 cit.
907 697 1015 767 textu,
1042 684 1123 780 quia
1147 698 1184 755 ut
1203 681 1437 756 animadvertit

335 793 468 879 Estius,
493 792 578 865 illud
599 793 848 890 intelligendum
868 821 907 867 ac
925 783 1146 895 supplendum
1164 796 1298 895 reliquit
1318 823 1358 869 ex
1380 823 1438 870 su-

335 906 459 1004 periori
485 906 654 991 memhr03
685 910 890 1008 praesertim
906 936 980 982 cum
1000 910 1033 980 id
1052 911 1095 981 de
1117 911 1189 982 viro
1213 911 1296 982 satis
1320 912 1440 984 luisset

335 1046 355 1091 a
385 1018 518 1093 Christo
541 1020 683 1093 Domino
714 1046 911 1119 expressum
943 1025 1054 1117 (tat).
1086 1024 1177 1096 llaec
1204 1048 1282 1097 vero
1312 1022 1437 1096 Christi

334 1133 485 1208 doctrina
506 1132 571 1207 elte
588 1135 671 1207 adeo
688 1134 797 1207 delixa
816 1136 878 1207 luit
894 1136 1153 1210 christianorum
1171 1138 1272 1210 menti
1290 1136 1333 1209 ah
1350 1138 1436 1234 ipsis

334 1248 496 1322 ecelesiae
522 1247 730 1346 primordiis,
759 1265 795 1322 ut
821 1275 1001 1348 numquam
1026 1252 1060 1321 in
1085 1251 1242 1323 universa
1260 1250 1438 1324 traditione

335 1380 367 1434 et
392 1363 427 1432 in
452 1362 614 1435 ecclosias
631 1364 723 1461 praxi
743 1364 949 1461 reperiamus
967 1363 1009 1436 ah
1026 1389 1066 1436 ea
1083 1364 1283 1438 declinatum
1311 1365 1435 1449 luisse,

335 1475 426 1574 quod
452 1494 521 1549 tum
547 1478 699 1574 negative
725 1493 794 1550 tum
817 1479 959 1577 positive
983 1493 1122 1551 constet.

371 1630 373 1633 ·
408 1591 566 1686 Negstive
583 1590 735 1690 quidem,
756 1608 922 1690 quatenus
941 1590 1069 1664 nullum
1086 1592 1319 1664 documentum
1336 1591 1439 1663 eccle

334 1705 509 1778 siasticum
534 1730 594 1801 pro
619 1705 784 1777 contraria
807 1706 958 1777 doctrina
987 1706 1098 1778 allerri
1123 1731 1282 1803 umquam
1297 1705 1433 1803 possit,

335 1835 369 1890 et
392 1819 548 1918 quamvis
573 1817 739 1891 lutherani
763 1817 897 1892 solliciti
923 1821 1068 1893 maxime
1085 1820 1207 1893 luerint
1225 1819 1259 1890 in
1277 1818 1342 1892 hoc
1362 1842 1439 1891 con·

336 1931 517 2031 quirendo,
538 1946 647 2004 tamen
665 1958 705 2005 eo
722 1933 896 2029 pervenire
914 1959 982 2006 non
998 1949 1191 2033 potuerunt,
1212 1949 1248 2005 ut
1264 1931 1316 2005 vel
1332 1958 1436 2004 unum

336 2046 537 2131 invenirent3
559 2046 587 2117 si
604 2045 695 2143 quod
712 2062 821 2118 autem
840 2045 883 2117 ah
901 2046 987 2144 ipsis
1003 2046 1201 2144 opponitur,
1222 2072 1262 2116 ex
1284 2044 1435 2118 eiusdem

334 2159 488 2229 examine
513 2158 638 2257 patebit
662 2174 720 2231 aut
746 2158 891 2245 nullum,
913 2176 972 2232 aut
988 2160 1033 2232 ita
1050 2161 1268 2258 aequivocum
1285 2184 1379 2245 esse,
1401 2176 1439 2231 ut

335 2288 564 2368 argumentum
587 2298 629 2344 ex
653 2298 693 2345 eo
717 2272 838 2345 deduci
864 2291 1017 2371 nequeat.

336 2446 339 2454 r
409 2385 530 2459 Contra
552 2413 631 2460 vero
656 2386 796 2485 positive
821 2387 1096 2460 luculentissimis
1123 2385 1258 2459 lulcitur
1286 2386 1438 2458 doctriua

335 2499 499 2575 catholica
516 2500 718 2572 testimoniis
735 2525 775 2572 ac
792 2499 1022 2585 documentis,
1043 2526 1130 2599 quae
1145 2526 1278 2573 omnem
1294 2498 1347 2572 vel
1363 2525 1440 2571 um·

337 2612 430 2686 hrum
456 2613 672 2687 dubitationis
698 2613 828 2687 tollunt.
850 2616 975 2711 Nempe
999 2614 1085 2687 altas
1111 2615 1194 2687 adeo
1219 2614 1348 2686 radices
1366 2638 1439 2684 mo-

336 2729 492 2825 nogamia
515 2729 561 2799 in¹
577 2728 718 2801 ecclesia
744 2729 862 2801 linerat
885 2755 923 2800 ex
950 2727 1075 2800 Christi
1106 2729 1274 2813 doctrina,
1305 2742 1341 2798 ut
1370 2752 1437 2798 non

338 2842 436 2939 pauci
461 2843 496 2913 in
520 2841 657 2914 alteram
686 2858 814 2939 partem
838 2839 1005 2913 declinare
1029 2842 1093 2912 visi
1126 2842 1210 2926 sint,
1239 2831 1285 2911 ita
1315 2856 1353 2912 ut
1383 2841 1437 2911 sin

337 2955 448 3027 minus
466 2955 671 3053 oppositam,
692 2954 810 3028 saltem
827 2971 864 3026 ut
886 2956 996 3026 minus
1019 2953 1142 3027 Christi
1166 2955 1336 3027 doctrinae
1357 2979 1436 3026 con·

335 3067 476 3140 formem
489 3067 693 3141 traduxerint
707 3070 814 3168 ipsam
827 3067 1052 3167 polygamiam
1066 3068 1300 3141 successivam.
1318 3068 1437 3139 Verum

335 3181 433 3258 hisce
456 3181 624 3267 dimissis,
653 3208 794 3280 quorum
811 3207 1004 3278 germanam
1022 3197 1162 3254 menum
1182 3199 1299 3279 postea
1314 3206 1439 3278 expen-

337 3296 476 3382 demus,
507 3294 666 3370 nonnulla
683 3296 876 3394 speciminis
893 3297 1000 3391 gratia
1016 3295 1195 3368 allevemus
1213 3322 1253 3369 ex
1269 3294 1438 3379 veteribus

339 3412 565 3496 documentis,
588 3436 676 3509 quae
693 3410 817 3483 directe
835 3435 873 3482 ao
891 3411 1030 3508 propius
1050 3411 1091 3481 ad
1111 3436 1179 3481 rem
1198 3426 1345 3483 nostram
1364 3434 1442 3481 oon-

339 3526 514 3599 lieiendam
537 3527 735 3599 inserviunt.

410 3642 525 3737 ltaque
549 3639 688 3710 Hermas
705 3639 757 3709 vir
774 3638 1089 3736 apostolicusellic,
1111 3639 1233 3735 inquit,
1257 3639 1285 3708 si
1308 3638 1361 3707 vir
1385 3636 1437 3707 vel

338 3753 459 3826 mulier
471 3753 614 3826 alicuius
627 3753 820 3837 decesserit,
836 3769 869 3825 et
885 3752 1036 3849 nupserit
1048 3750 1170 3848 aliquis
1185 3750 1329 3837 illorum,
1346 3776 1441 3822 num·

339 3865 421 3962 quid
443 3865 582 3964 peccat?
601 3866 664 3950 Qui
682 3865 780 3937 nuhit
796 3890 863 3938 nou
886 3880 1021 3963 peccat,
1042 3864 1150 3962 iuquit
1164 3863 1367 3960 (Angelus);·
1378 3864 1439 3935 sed

339 3981 369 4052 si
388 4005 447 4079 per
463 4006 500 4052 se
518 3980 688 4066 manserit,
706 4005 863 4076 magnum
881 3978 946 4051 sibi
964 3978 1124 4052 honorem
1139 3977 1282 4076 acquirit
1298 3980 1437 4071 (136).»

411 4210 476 4271 (tte)
490 4211 572 4260 Fsttus
582 4211 607 4259 tn
620 4210 646 4258 h.
657 4209 704 4259 loc.
715 4208 745 4258 ld
756 4209 836 4272 ipsum
847 4209 1033 4259 iamuotarerat
1042 4207 1230 4269 saugusttnos,
1239 4206 1281 4256 trs.
1292 4208 1310 4254 Ι.
1319 4208 1355 4255 De
1363 4216 1441 4255 serm

341 4291 443 4337 mint
453 4291 481 4338 tn
497 4292 725 4351 montenusio
737 4290 762 4338 st
776 4289 942 4339 resonatur
954 4288 1011 4337 notu
1021 4286 1175 4348 praecedens.

412 4368 475 4429 (tto)
492 4368 519 4415 lu
536 4368 655 4424 Pastore,
668 4365 710 4414 lib.
723 4368 753 4416 u.
764 4367 846 4416 Maud.
860 4368 900 4415 Ν.
915 4377 938 4414 u.
953 4370 975 4414 t.
989 4364 1027 4413 ed.
1039 4365 1119 4413 colat.
