3234 5084
310 483 378 534 ιιι.
396 483 444 533 ιιι.
462 483 501 532 ur
519 481 615 532 seusu
629 482 720 531 ιιιι.
741 481 803 532 ιιι.
822 480 938 533 inuias.
956 481 1052 531 ιιιιι,
1071 481 1141 531 ιιι.
1161 482 1183 531 ι.
1242 457 1310 527 293

262 600 311 673 Ne
335 600 437 697 igitur
463 599 576 670 iniurii
600 599 706 670 simus
727 623 757 670 s.
778 597 922 683 Basilio,
945 622 1006 671 nec
1025 619 1139 670 secum
1158 595 1313 669 eumdem

188 716 462 801 committamus,
491 713 654 787 fateamur
680 727 810 812 oportet
838 739 866 785 s.
897 712 1072 786 Doctorem
1098 709 1314 784 consuetudi·
1354 732 1357 737 ·

189 857 267 903 nem
288 830 380 903 illam
398 855 439 901 ex
461 828 535 925 lege
551 826 642 901 civili
664 827 833 901 inductam
850 826 990 899 minime
1013 826 1193 926 probasse,
1214 823 1315 897 adeo-

189 971 277 1044 que,
301 960 399 1044 prout
415 943 563 1041 legitime
583 942 755 1042 sequitur,
776 943 888 1042 ipsum
908 943 999 1014 iuxta
1019 941 1125 1038 legem
1143 938 1313 1036 cvangeli-

188 1084 264 1131 oam
291 1059 403 1157 reipsa
424 1057 598 1130 censuisse
616 1055 807 1129 nullatenus
829 1058 902 1129 sive
925 1081 984 1153 per
1009 1054 1209 1127 adulterium
1228 1053 1310 1136 viri,

191 1174 265 1246 sive
279 1198 337 1270 per
349 1171 545 1245 adulterium
555 1171 669 1243 uxoris
684 1170 767 1243 solvi
782 1171 927 1266 coniugii
942 1169 1125 1256 vinculum,
1136 1184 1310 1241 acutium-

189 1313 260 1386 que
284 1288 355 1359 fore
372 1285 580 1372 adulterum,
602 1286 630 1358 si
654 1302 731 1384 post
752 1285 986 1359 dimissionem
1008 1285 1052 1358 ob
1069 1283 1233 1358 eiusmodi
1252 1284 1314 1355 lla·

191 1400 311 1497 gitium
336 1426 441 1474 novas
465 1401 578 1473 inierit
603 1401 754 1500 nuptias.

267 1513 309 1587 Et
327 1513 410 1586 haec
427 1514 564 1613 quidem
589 1540 629 1586 ex
649 1514 816 1587 communi
837 1514 1121 1613 interpretatione.
1147 1510 1315 1585 Eusebius

191 1646 303 1702 autem
316 1628 430 1703 Amort
443 1656 562 1703 novam
578 1629 731 1728 praebet;
753 1630 959 1703 assumendo
971 1630 1060 1702 euim
1074 1627 1166 1729 quod
1181 1655 1210 1701 s.
1224 1628 1316 1700 Basi-

192 1743 260 1817 lius
278 1744 424 1817 disserat
448 1744 492 1816 de
517 1743 743 1817 consuetudine
766 1745 1005 1828 eutimiustico,
1032 1746 1079 1817 ita
1103 1759 1237 1817 enarrat
1261 1767 1318 1815 ca·

192 1883 313 1932 nonem
338 1858 412 1944 tx,
440 1883 509 1956 quo
535 1884 564 1931 s.
582 1858 679 1930 Pater
704 1857 884 1959 respondet
908 1858 1159 1955 interrogationi
1178 1855 1244 1930 sibi
1272 1855 1315 1927 ab

192 1971 432 2072 amphilochio
458 1972 676 2070 propositae:
713 1974 763 2043 dn
789 1973 909 2045 molier
931 1979 965 2046 se
990 1972 1097 2072 quood
1123 1986 1227 2043 torum
1254 1997 1318 2042 non

191 2113 349 2186 soporans
367 2114 388 2159 a
404 2088 477 2159 ciro
494 2087 661 2172 adultero,
683 2114 718 2159 eo
739 2091 811 2186 ipso
828 2091 887 2186 fiat
906 2088 1079 2173 adultero,
1105 2114 1140 2160 eo
1158 2085 1244 2185 quod
1259 2087 1319 2184 fiat

193 2230 295 2275 unum
316 2229 432 2301 corpus
458 2229 531 2275 oum
557 2201 727 2288 adultero,
755 2206 866 2301 sicque
888 2203 1040 2277 videatur
1062 2204 1104 2276 ob
1129 2230 1163 2274 ao
1181 2203 1319 2299 portici·

191 2344 273 2415 pore
300 2318 591 2391 denominationem
620 2317 824 2391 adulteros?
855 2319 927 2391 Hoc
952 2318 1092 2392 dubium
1120 2344 1187 2391 non
1213 2317 1318 2390 luisse

195 2457 333 2530 possus
359 2432 554 2533 imprudens
578 2458 620 2504 cx
640 2457 681 2505 eo
701 2432 850 2529 colligit,
868 2431 960 2530 quod
982 2458 1003 2505 a
1025 2431 1180 2531 pluribus
1199 2459 1240 2503 ειι
1259 2456 1319 2530 pa-

195 2546 303 2621 tribus
316 2548 416 2621 luerit
430 2547 651 2647 propositum,
669 2546 788 2620 saltem
807 2548 897 2619 circa
914 2548 1018 2635 viros,
1035 2548 1064 2621 si
1083 2573 1203 2620 uxores
1222 2545 1319 2618 adul-

194 2678 284 2735 teras
308 2687 375 2736 non
402 2662 620 2736 dimitterent.
649 2662 842 2760 Respondet
867 2688 948 2758 ergo
973 2662 1139 2734 Basilius:
1170 2676 1320 2761 spectata

195 2777 346 2874 praecise
362 2778 530 2851 sententia
547 2794 580 2851 et
597 2792 707 2851 mente
720 2776 859 2862 Christi,
875 2771 1049 2850 mulierem
1062 2776 1174 2877 quoad
1193 2777 1247 2848 ius
1265 2774 1318 2846 di-

196 2890 295 2964 vortii
313 2892 348 2962 iu
366 2892 438 2991 pari
457 2892 649 2966 conditione
666 2918 741 2966 oum
760 2892 834 2965 viro
853 2891 1067 2965 iudicandam
1084 2918 1180 2976 esse,
1201 2916 1321 2989 quam-

195 3004 250 3076 vis
275 3006 483 3080 consuetudo
507 3007 640 3080 mulieri
666 3008 913 3106 separationem
939 3033 959 3080 a
980 3007 1052 3080 viro
1076 3006 1229 3079 adultero
1254 3032 1320 3079 nen

196 3125 377 3221 permittat.
400 3121 554 3195 Ceterum
579 3122 673 3222 quod
699 3123 812 3222 ipsum
836 3121 976 3195 dubium
1003 3123 1213 3221 quaestionis
1231 3122 1322 3194 dirc-

195 3252 248 3309 cte
273 3237 409 3324 attinet,
430 3253 655 3327 contestatur,
686 3264 725 3311 se
749 3263 815 3312 uon
841 3239 978 3326 videre,
1006 3238 1175 3339 quomodo
1200 3237 1321 3310 mulier

195 3353 268 3427 viro
285 3379 348 3426 suo
365 3353 409 3427 ob
426 3379 526 3427 suum
543 3353 747 3428 adulterium
765 3354 867 3427 venia
884 3353 1008 3428 donato
1025 3352 1223 3427 cohabitans
1240 3377 1317 3452 pos·

196 3466 242 3538 sit
266 3482 441 3566 propterea
465 3466 620 3541 adultera
646 3468 775 3541 vocari:
803 3493 881 3539 nam
906 3466 1006 3567 culpa
1031 3492 1097 3541 non
1123 3465 1320 3540 cohabitan-

197 3593 262 3656 tem
282 3581 376 3667 viro,
401 3581 460 3655 sed
488 3607 525 3654 se
550 3580 670 3655 abillo
691 3594 904 3678 separantem
922 3580 1078 3692 stringit,
1099 3580 1192 3652 iuxta
1210 3578 1321 3651 direr-

197 3720 270 3766 sem
296 3695 454 3770 videlicet
479 3722 643 3782 causam,
671 3722 711 3768 ειι
737 3721 805 3795 qua
830 3721 867 3767 se
893 3712 1048 3794 separat,
1071 3720 1104 3767 ιι.
1126 3721 1176 3791 gr.
1198 3694 1227 3766 si
1245 3720 1320 3767 sea

196 3808 269 3881 viro
285 3826 417 3909 separet
433 3809 478 3883 ob
493 3809 600 3884 solam
618 3809 887 3907 castigationem,
901 3808 954 3882 vel
972 3808 1016 3882 ob
1034 3808 1141 3881 solum
1160 3809 1319 3881 damnum

197 3920 373 3996 bonorum.
393 3925 428 3995 Si
451 3950 531 3998 vero
552 3938 686 4025 separet
704 3950 741 3998 sc
759 3950 779 3996 a
795 3925 868 3998 viro
887 3924 1059 4011 adultero,
1080 3951 1146 3998 non
1164 3923 1320 4024 equidem

196 4036 273 4110 dico
297 4063 371 4110 eam
399 4064 560 4137 peceare;
590 4055 739 4113 attamen
766 4039 800 4110 id
828 4040 862 4111 in
888 4039 1031 4113 ccclesia
1056 4039 1128 4112 lieri
1155 4066 1219 4112 non
1245 4065 1322 4112 con·

198 4153 328 4237 suevit3
350 4152 453 4226 immo
470 4152 556 4226 adeo
573 4177 641 4226 uon
660 4152 749 4227 lavet
765 4152 910 4226 eeclesia
929 4153 1083 4227 eiusdem
1102 4152 1318 4250 separationi,

196 4284 234 4339 ut
257 4268 360 4342 ctiam
387 4295 453 4343 non
479 4271 650 4369 permittat
672 4270 772 4343 talem
799 4270 1049 4367 separationem
1068 4271 1103 4341 in
1121 4296 1203 4343 casu
1222 4269 1321 4366 longe

196 4385 403 4479 urgentiorc;
421 4383 501 4457 dum
521 4385 643 4456 mulier
661 4384 857 4483 nequidem
876 4384 918 4457 ab
938 4385 1066 4458 infideli
1086 4385 1235 4483 separari
1250 4411 1322 4485 ρει·
