3234 5084
330 434 400 506 tto
449 455 512 507 uu.
533 454 582 507 ur.
602 456 689 508 aser.
711 456 842 508 aarum.
858 456 899 508 ur
920 456 1034 509 morsu.
1054 456 1151 510 narr.
1168 456 1292 511 cumr.

402 576 439 647 d.
466 572 652 648 desumunt
668 573 786 649 morali
811 573 879 673 legi
904 573 1046 651 dissolri
1067 574 1262 674 coniugium
1279 576 1323 653 ch
1340 574 1446 653 lomi·

327 688 493 763 cationem
519 688 654 764 aliudve
677 689 866 788 flagitium,
893 688 985 791 quod
1010 689 1094 767 illud
1120 693 1359 791 praecesserit,
1379 695 1445 769 mi·

328 803 420 878 nime
443 829 522 879 vero
547 804 577 879 si
603 804 806 878 adulterium
832 821 892 880 aut
914 804 1007 879 aliud
1037 806 1164 881 crimen
1193 806 1443 884 matrimonium

327 919 574 1020 subsequatur;
594 935 740 995 atamen
757 919 810 996 rel
828 920 905 1021 ipso
921 919 1064 995 naturali
1083 920 1212 996 lumine
1235 938 1443 1024 compertum

325 1050 380 1109 est
401 1034 500 1134 longe
525 1035 661 1134 grauius
690 1061 768 1111 esse
796 1035 953 1110 adulterii
978 1062 1081 1137 mam
1105 1036 1273 1137 simplicis
1298 1037 1443 1113 lomicc-

325 1149 428 1224 tionis
445 1150 571 1224 crimen
593 1151 769 1253 magisque
794 1150 914 1226 morali
937 1150 1005 1250 legi
1030 1151 1115 1226 illud
1140 1178 1243 1254 vam
1264 1152 1356 1227 istud
1381 1153 1442 1229 ad-

325 1266 465 1339 versari.
482 1266 552 1339 lam
575 1292 655 1342 vero
681 1267 767 1368 ipsis
792 1267 997 1357 latentibus,
1018 1268 1053 1340 iu
1071 1268 1144 1368 lege
1165 1268 1352 1344 christiana
1373 1296 1441 1345 non

323 1377 521 1454 dissolvitur
538 1381 743 1456 matrimonii
762 1382 934 1458 vinculum
951 1398 1088 1485 propter
1104 1381 1322 1471 adulterium
1339 1384 1443 1483 igitur

325 1494 356 1568 si
380 1520 495 1570 secum
521 1497 589 1599 ipsi
614 1498 794 1573 cohaerere
820 1499 944 1589 velint,
968 1499 1136 1574 fateantur
1157 1522 1295 1574 necesse
1311 1516 1442 1575 estnec

324 1608 466 1687 dissolri
491 1628 627 1713 prepter
645 1612 913 1701 summationem,
933 1641 1023 1717 quae
1043 1614 1179 1715 nuptias
1197 1615 1438 1715 promeruerit,

323 1751 557 1827 quaecumque
582 1727 717 1804 demum
742 1729 807 1804 hac
831 1755 935 1831 super
959 1756 995 1804 re
1019 1724 1121 1804 luerit
1143 1729 1342 1804 iudaeorum
1366 1756 1442 1803 seu·

323 1841 428 1916 tiendi
454 1843 558 1932 ratio,
584 1841 677 1944 quod
703 1845 851 1933 scilicet,
872 1844 1066 1920 censuerint
1090 1844 1184 1918 iuxta
1206 1842 1437 1931 adversarios,

321 1982 469 2032 errorem
494 1974 553 2033 aut
577 1960 800 2057 ignorantiam
822 1959 912 2035 circa
937 1959 1163 2035 innocentiam
1180 1974 1215 2033 ct
1229 1957 1441 2033 honestatem

322 2071 444 2147 ductae
457 2074 589 2162 uxoris,
610 2101 713 2178 quam
725 2090 843 2175 postea
860 2074 1168 2164 aut-lemiceriam,
1188 2073 1331 2148 autulio
1348 2072 1441 2171 gravi

321 2185 445 2264 delicto
475 2187 643 2265 foedatum
672 2191 779 2266 luisse
809 2189 1106 2290 deprehenderint.
1135 2189 1234 2277 Quod
1258 2205 1349 2263 certo
1372 2188 1439 2289 ipsi

242 2351 244 2353 >
322 2302 467 2402 probare
490 2321 681 2405 nequeunt,
708 2307 770 2380 sed
795 2306 900 2404 gratis
925 2319 1115 2380 assumunt.
1139 2304 1300 2406 Adeoque
1316 2329 1380 2379 uec
1402 2304 1440 2377 iu

322 2415 388 2493 hac
411 2416 593 2520 hypothesi
615 2419 782 2495 eiusmodi
807 2420 974 2520 expositio
992 2418 1123 2494 admitti
1144 2434 1267 2519 potent.

395 2530 492 2618 Quae
513 2557 589 2605 cum
614 2533 662 2607 ita
688 2559 726 2609 se
751 2533 922 2623 habeant,
949 2559 990 2609 ex
1015 2559 1053 2609 se
1077 2532 1260 2609 concidunt
1283 2558 1373 2634 quae
1396 2532 1441 2608 ab

321 2645 377 2721 his
406 2646 644 2749 interpretibus
673 2650 860 2748 excogitata
886 2665 965 2725 sunt
990 2664 1063 2725 tum
1087 2648 1132 2722 de
1158 2650 1255 2722 litero
1270 2664 1304 2723 et
1318 2651 1440 2749 spirim

319 2762 506 2836 sententiae
530 2762 677 2852 Christi,
698 2765 758 2865 qui
776 2764 883 2838 noluit
900 2778 938 2838 ut
954 2778 1190 2865 permanerent
1208 2762 1435 2852 matrimonia,

318 2874 444 2976 quihus
470 2876 647 2953 lomieatio
673 2878 873 2978 praeiverit;
903 2894 974 2952 tum
998 2877 1043 2952 de
1065 2877 1257 2966 llatthaeo,
1286 2878 1346 2978 qui
1377 2904 1439 2978 pm

319 2988 653 3065 iudaeo-ehristianis
678 2991 871 3092 scripserit,
890 3016 932 3065 ac
948 2991 992 3066 de
1009 3018 1071 3068 suo
1096 2990 1284 3066 clausulam
1307 2994 1377 3065 orii
1397 2993 1438 3066 nl

314 3103 566 3212 [minutionem
589 3105 625 3178 in
650 3130 727 3180 eum
753 3104 854 3180 finem
879 3106 1055 3195 adiecerit,
1075 3122 1115 3180 ut
1130 3105 1347 3205 persuaderet
1361 3108 1432 3195 eis,

318 3217 433 3293 adhuc
456 3245 672 3319 perseverare
700 3219 909 3296 dissolvendi
937 3222 1095 3322 coniugia
1119 3222 1309 3297 facultatem
1332 3219 1435 3296 etium

317 3333 432 3435 quoad
443 3334 636 3425 vinculum,
651 3350 721 3410 tum
735 3334 884 3438 denique
901 3335 944 3412 de
961 3337 1083 3437 spiritu
1100 3336 1272 3413 doctrinae
1288 3335 1435 3412 biblicae

318 3450 412 3523 iuxta
435 3476 536 3551 quem
560 3451 648 3551 parti
671 3452 839 3527 innocenti
857 3452 912 3527 ius
930 3452 1081 3528 solvendi
1099 3452 1249 3552 coniugii
1265 3451 1432 3549 integrum

316 3581 463 3641 maneat.
485 3567 580 3654 Quae
604 3568 742 3669 quidem
765 3571 880 3645 omnia
903 3566 1019 3659 falsis,
1043 3596 1132 3670 quae
1147 3584 1284 3656 vocant,
1304 3594 1433 3670 suppo-

316 3683 394 3758 sitis
407 3710 447 3758 ac
458 3683 607 3761 liberiori
620 3688 754 3787 exegesi
773 3688 977 3778 innituntur,
998 3714 1086 3789 quae
1100 3687 1287 3763 doctrinam
1304 3686 1430 3762 Christi

314 3797 457 3901 eiusque
474 3800 509 3874 iu
526 3828 614 3879 nova
630 3802 705 3902 lege
720 3804 949 3881 oeconomiam
966 3828 1106 3905 prorsus
1124 3802 1331 3881 subvertunt.
