3234 5084
362 457 432 508 cir.
447 460 469 508 ι.
487 458 526 507 nr
544 457 717 509 reurcrun
734 457 942 509 strunium.
960 457 1027 507 inr.
1047 457 1081 505 ir.
1230 434 1273 503 to
1320 466 1321 469 ¹

171 590 422 674 praeceptorum
447 602 552 672 genus
585 575 619 645 in
650 574 787 647 materia
811 574 855 647 de
878 598 945 672 qua
975 573 1106 668 agimus
1140 571 1277 647 refertur

171 690 384 789 polyandria,
413 717 499 789 quae
524 690 682 790 primario
706 690 852 786 coniugii
881 689 960 775 fini,
986 706 1024 761 ut
1046 687 1272 773 ostendimus,

170 805 383 891 adversatum
399 807 640 881 adsecundum
661 805 800 904 pertinet
817 804 1028 905 polygamiu,
1050 830 1137 904 quae
1161 804 1277 903 utiquo

170 946 245 992 cum
264 922 333 994 fine
349 922 407 993 ille
426 939 535 1020 potest
550 923 745 995 consistere.

240 1036 345 1121 Sane,
369 1037 398 1109 si
424 1064 463 1109 ex
489 1036 655 1110 communi
682 1036 846 1108 sententis
870 1036 1049 1134 primarius
1075 1035 1276 1109 matrimonii

171 1150 248 1223 linis
274 1170 328 1223 est
349 1151 454 1250 prolis
477 1152 679 1250 procreatio,
699 1156 865 1223 nemo'est
885 1152 1027 1250 quinon
1048 1152 1161 1224 videat
1178 1152 1277 1224 finem

173 1266 263 1341 bunc
274 1265 433 1351 obtineri,
451 1268 479 1341 si
492 1268 543 1339 uir
557 1292 645 1340 unus
658 1266 812 1365 pluribus
826 1266 870 1338 sit
882 1266 1041 1338 uxoribus
1059 1267 1274 1351 coniunctus,

175 1380 261 1477 quod
286 1396 321 1452 et
343 1381 549 1478 experientia
575 1380 663 1477 iugis
689 1379 847 1452 ostendit.
876 1380 925 1453 Eo
950 1405 1028 1452 vero
1062 1380 1168 1476 magis
1201 1381 1278 1454 linis

176 1494 230 1567 hic
252 1495 287 1565 in
314 1495 469 1591 coniugio
495 1495 644 1567 intentus
671 1493 868 1580 habebitur,
890 1493 918 1566 si
936 1493 1027 1592 prior
1049 1517 1131 1565 uxor
1157 1492 1279 1566 sterilis

174 1608 283 1681 fuerit.
312 1609 383 1683 Hoc
406 1635 503 1707 porro
528 1609 681 1694 obtento,
703 1608 893 1681 secundarii
912 1607 996 1680 lines
1014 1604 1182 1692 absolute,
1204 1606 1280 1682 licet

171 1750 289 1820 aegre,
311 1723 454 1799 obtineri
473 1736 635 1822 possunt;
657 1749 696 1797 ac
718 1739 806 1797 certe
822 1723 894 1796 viro
909 1722 1058 1796 officium
1076 1722 1281 1795 incumberet

175 1856 209 1911 ut
226 1856 394 1936 satageret
411 1840 519 1913 modis
536 1838 692 1913 omnibus
709 1865 786 1911 cum
804 1839 870 1912 fine
887 1838 1277 1937 primario-componere,

174 1953 517 2050 proutapatriarcbis
544 1952 612 2026 illis
638 1953 862 2029 inanissimis
883 1954 1006 2029 factum
1030 1952 1173 2049 legimus
1189 1954 1276 2047 (ts).

246 2066 358 2151 Quum
373 2067 513 2165 proinde
528 2066 719 2165 polygamiu
735 2067 894 2166 primerio
913 2067 996 2141 iuris
1012 2066 1176 2141 naturalis
1193 2067 1282 2164 prin

173 2183 262 2279 cipio
287 2206 354 2255 non
376 2198 557 2280 repugnet,
578 2208 619 2255 eo
636 2208 696 2281 per
712 2183 822 2280 ipsam
840 2182 1020 2281 primarius
1038 2182 1184 2279 coniugii
1203 2182 1281 2256 finis

175 2295 381 2381 obtineatur,
406 2322 547 2394 pronum
565 2313 615 2369 est
632 2296 779 2382 inferre,
793 2322 866 2368 eum
885 2318 947 2369 nee
962 2297 1143 2370 intrinsece
1159 2297 1281 2370 malum

176 2436 268 2495 esee,
295 2436 356 2483 nec
378 2412 483 2483 Deum
502 2412 546 2484 ab
563 2438 603 2485 aa
620 2412 817 2509 dispensare
842 2437 910 2485 nou
935 2412 1106 2510 potuisse,
1127 2438 1283 2486 secusne

176 2524 335 2597 Calvinus
365 2526 526 2611 senserit,
555 2528 612 2625 qui
639 2526 770 2599 crimini
805 2540 978 2624 propterea
1008 2543 1135 2599 vertere
1169 2526 1282 2600 debuit

176 2639 304 2710 sanctis
320 2640 402 2711 viris
421 2640 642 2738 pluralitatem
663 2664 800 2713 unorum
819 2655 935 2712 contra
951 2656 1098 2737 apertam
1114 2667 1281 2713 sacrarum

174 2752 421 2851 scripturarum
446 2756 687 2828 auctoritatem.

249 2868 383 2939 lamed
409 2869 547 2942 alteram
571 2870 731 2969 propositi
758 2886 885 2969 partem
910 2869 1108 2942 accedemus
1133 2884 1280 2967 oportet,

175 3008 216 3055 ec
241 2982 464 3081 polygamiam
492 2986 602 3059 minus
628 3010 705 3057 esse
730 2985 873 3057 naturali
891 2985 955 3056 iuri
975 2986 1195 3070 conformem,
1217 2987 1283 3059 imo

177 3097 222 3167 illi
249 3098 497 3196 quodammodo
521 3099 689 3173 aduersari
716 3098 998 3172 demonstremus.

249 3211 351 3284 Paulo
373 3212 547 3309 implerier
563 3230 614 3286 est
631 3212 782 3310 quaestio
806 3239 907 3310 quam
929 3214 1158 3287 excutiendam
1177 3216 1284 3289 susci

177 3326 287 3422 pimus
301 3326 346 3399 ob
358 3327 586 3401 difficultatem
606 3329 671 3427 ipsi
691 3328 828 3400 insitam
841 3345 874 3400 et
886 3328 930 3400 ob
942 3328 1172 3427 discrepantes
1192 3330 1284 3401 theo·
1344 3382 1355 3401 ,

175 3439 326 3537 logorum
348 3443 542 3515 sententias.

249 3556 437 3629 Difficultas
462 3559 549 3630 enirn
571 3558 649 3630 inde
670 3574 741 3630 orta
758 3575 829 3644 est,
850 3559 938 3657 quod
953 3616 960 3643 ,
977 3559 1057 3630 rein
1072 3574 1281 3657 suspectata,

177 3697 237 3742 seu
262 3671 471 3768 praecisione
504 3671 589 3744 fecta
614 3697 634 3743 a
660 3671 774 3743 divina
806 3671 1016 3745 institutione
1040 3687 1073 3743 et
1097 3670 1281 3755 mandato,

177 3809 242 3856 non
267 3785 421 3858 rideatur
446 3784 637 3883 polygamie
663 3785 775 3885 alique
798 3787 959 3859 rationes
973 3801 1110 3857 naturae
1127 3784 1200 3881 lege
1216 3784 1287 3858 dis-

178 3899 321 3985 sentire,
351 3925 424 3973 cum
452 3928 491 3972 ex
517 3927 584 3972 una
610 3917 722 3999 parte,
752 3900 932 3973 fatentibus
959 3900 1135 3984 omnibus,
1164 3900 1287 3999 prima-

178 4014 247 4087 rius
271 4014 418 4111 coniugii
445 4016 523 4088 linis
550 4015 689 4089 obtineri
719 4016 848 4115 possit,
875 4015 1078 4115 quandoque
1099 4016 1199 4088 etiem
1218 4041 1287 4087 me·

176 4126 262 4214 lius3
283 4154 323 4200 ex
340 4129 444 4202 ultera
469 4156 546 4202 vero
572 4130 724 4203 absolute
750 4132 835 4203 lines
863 4130 1072 4214 secundarii,
1099 4130 1286 4202 cuiusmodi

176 4259 254 4317 sunt
280 4259 370 4319 recta
395 4244 498 4342 prolis
526 4244 711 4331 institutio,
739 4245 923 4320 domestica
944 4271 1026 4341 pas,
1047 4244 1286 4343 concupiscen-

248 4378 298 4438 (su)
315 4379 353 4427 ct.
370 4378 509 4428 flellnrrnln.
522 4392 576 4442 rep.
586 4382 617 4429 Χ.
632 4383 707 4443 Ρνορ.
720 4380 843 4429 secundo.
