3234 5084
316 404 385 479 ltl
436 427 497 479 ιιι.
520 426 567 478 ιιι.
590 425 677 478 sacr.
698 424 830 477 aursni.
852 424 893 476 ur
911 424 1025 478 mures.
1049 425 1147 478 nra.
1162 426 1287 480 muner.

315 547 409 620 biea:
426 545 519 632 «Qui
547 544 704 644 repudiat
728 570 866 617 uxorem
890 568 987 618 suam
1015 560 1146 643 praeter
1166 571 1304 620 causam
1329 546 1436 621 lomi·

314 662 484 748 catiouis,
516 660 687 761 compellit
719 686 794 735 eam
825 660 868 734 ad
900 661 1157 761 [omnimodum
1187 678 1220 736 et
1248 662 1308 762 qui
1339 662 1436 737 dueit

316 778 541 877 repudiatam,
560 777 627 851 iam
644 777 825 877 summotus
841 790 925 849 cst.»
938 774 1001 849 Ubi
1018 776 1156 850 eaedem
1174 778 1435 854 animadversio-

314 918 375 967 ues
400 893 511 967 locum
542 891 680 966 habent.
697 890 831 965 Clarius
848 890 962 964 adhuc
985 892 1098 966 tersio
1115 893 1249 992 persica
1266 893 1301 965 id
1319 894 1434 995 ipsum

313 1009 487 1108 exprimit:
501 1007 742 1109 «Quicumque
766 1023 860 1081 extra
883 1033 1018 1080 caueam
1041 1007 1199 1081 adulterii
1222 1009 1318 1083 uxori
1348 1036 1434 1084 suae

316 1124 492 1224 repudium
521 1123 708 1210 remiserit,
736 1149 811 1197 eam
834 1123 869 1194 in
894 1122 1097 1196 adulterium
1122 1123 1273 1224 impulit:
1300 1140 1334 1200 et
1356 1126 1434 1226 qui·

314 1265 460 1338 cumque
485 1239 661 1312 dimissam
686 1238 837 1326 duxerit,
864 1236 995 1311 adulter
1018 1255 1107 1312 est.»

387 1356 456 1428 Nec
481 1356 595 1427 miuus
621 1354 800 1454 perspicue
823 1353 975 1427 eamdem
1001 1354 1095 1428 vocis
1118 1339 1294 1454 πορνείας
1321 1355 1431 1430 deter-

314 1469 534 1544 minationem
553 1468 718 1543 habemus
736 1466 1007 1542 extorsionibus
1024 1484 1133 1543 textus
1151 1469 1268 1542 llatth.
1287 1470 1375 1543 xlx.
1392 1473 1427 1542 l.

314 1587 397 1658 Nam
418 1586 529 1660 versio
554 1586 687 1686 syriaca
712 1584 763 1659 sie
785 1584 889 1659 verba
905 1585 1030 1659 Christi
1053 1584 1218 1658 reddidit:
1237 1585 1446 1686 «Quisquis.

314 1700 483 1774 dimiserit
496 1727 634 1774 uxorem
649 1727 744 1775 suam
753 1715 886 1801 praeter
896 1700 1111 1785 adulterium,
1122 1716 1155 1774 et
1167 1700 1298 1775 duxerit
1309 1701 1428 1788 aliam,

314 1815 528 1889 moechatur:
549 1815 677 1914 quique
693 1815 871 1888 dimissam
895 1812 1044 1901 duxerit,
1069 1815 1301 1889 moechatur.»
1315 1816 1432 1891 Versio

314 1932 465 2031 persica:
485 1929 724 2031 «Quicumque
741 1957 878 2005 uxorem
896 1957 1013 2018 suam,
1033 1931 1102 2004 uisi
1115 1932 1224 2029 stupri
1238 1956 1352 2018 cuusu,
1378 1930 1432 2003 di-

312 2044 463 2133 miserit,
484 2062 517 2118 et
533 2044 717 2144 quamlibet
733 2045 837 2119 aliam
857 2045 1005 2133 duxerit,
1023 2042 1224 2120 adulterium
1243 2046 1427 2121 commisit:

312 2177 346 2235 et
374 2161 433 2260 qui
461 2159 634 2234 mulierem
659 2161 869 2261 repudiatam
901 2161 1052 2248 duxerit,
1083 2162 1118 2234 in
1148 2160 1312 2235 adulterio
1339 2178 1429 2236 est.»

313 2276 429 2350 Versio
449 2275 641 2376 aethiopica
660 2277 723 2348 «Si
741 2276 821 2376 quie
846 2276 910 2351 luit
934 2277 993 2377 qui
1019 2275 1148 2350 dimisit
1175 2302 1310 2349 umorem
1335 2301 1431 2350 auom

313 2391 379 2465 nisi
400 2405 536 2490 propter
559 2390 773 2478 adulterium,
802 2409 836 2466 et
851 2390 946 2467 ducit
962 2391 1120 2479 alteram,
1141 2391 1337 2466 moechatus
1357 2408 1426 2467 est:

312 2523 345 2581 et
369 2506 546 2582 dimissam
573 2507 632 2607 qui
659 2507 770 2595 ducit,
798 2506 1017 2596 adulteravit3
1037 2539 1055 2578 u
1075 2506 1133 2580 ubi
1159 2506 1344 2581 notandum
1379 2524 1432 2582 est

311 2620 464 2696 eamdem
489 2623 697 2712 versionem,
726 2648 815 2723 quae
846 2622 963 2697 Matth.
988 2623 1026 2695 V.
1053 2624 1112 2696 tt.
1137 2638 1281 2697 verterat
1312 2648 1429 2696 vocem

312 2723 488 2838 πορνείαν
505 2765 566 2839 per
581 2739 844 2839 fornicationem,
866 2738 955 2813 hanc
973 2740 1083 2839 ipsam
1100 2764 1216 2814 vocem
1238 2736 1430 2814 reddidisse

312 2877 372 2949 per
396 2852 597 2925 adulterium
617 2854 708 2948 (et).

384 2964 435 3039 dd
462 2967 546 3042 haee
570 2967 735 3043 accedunt
760 2968 859 3069 plura
883 2970 1087 3071 exemplaria
1112 2970 1272 3070 antiquae
1302 2968 1429 3044 versio-

312 3081 366 3154 nis
391 3079 515 3168 ltalae,
544 3107 632 3182 quae
658 3081 783 3181 pariter
806 3109 923 3158 vocem
948 3085 1107 3158 adulterii
1130 3084 1203 3159 roci
1225 3083 1428 3184 aequivocae

310 3195 537 3295 fornicatiouis
576 3196 797 3272 substituunt.
825 3199 881 3273 Sic
909 3225 974 3274 ms.
1007 3199 1298 3275 Claramoutanum
1330 3194 1428 3272 allent

310 3309 436 3385 Christi
454 3309 557 3385 verba
570 3312 737 3387 llatth.V.
749 3316 807 3387 32.
822 3313 1055 3415 «Quicumque
1072 3314 1428 3414 dimiserit...excepta

312 3428 439 3502 ratione
468 3427 644 3516 adulterii,
681 3430 761 3504 lacit
789 3456 864 3504 eam
901 3432 1110 3506 moechari.»
1124 3433 1252 3507 Pariter
1281 3432 1316 3505 iu
1347 3431 1422 3506 cod.

309 3543 504 3618 Corbeieuei
535 3546 569 3617 1.
591 3546 638 3619 ita
671 3545 812 3620 allartur
839 3572 913 3647 cap.
941 3547 1028 3619 xlx.
1053 3573 1087 3621 ι.
1119 3550 1153 3619 ll.
1178 3547 1427 3646 «Quicumque

309 3658 477 3734 dimiserit
493 3686 631 3734 uxorem
649 3687 759 3749 suam,
781 3677 921 3761 excepta
937 3687 1039 3735 causo
1055 3662 1228 3747 adulterii,
1251 3660 1331 3734 lacit
1351 3684 1425 3733 eam

309 3773 518 3848 moechari.»
531 3775 586 3849 Sic
604 3776 704 3850 etiam
724 3777 759 3848 in
776 3776 1046 3875 cantabrigiensi
1065 3777 1221 3876 leguntur
1246 3776 1331 3850 haec
1351 3800 1427 3849 uer·

309 3886 627 3991 ba:u0uicumque
651 3891 818 3966 dimiserit
843 3919 981 3967 uxorem
1007 3920 1124 3980 suam,
1145 3906 1284 3991 excepta
1300 3891 1426 3964 rotioue

308 4002 483 4089 adulterii,
513 4022 545 4079 et
569 4007 702 4081 duxerit
727 4007 848 4095 aliam,
870 4008 1065 4085 moechatur
1084 4012 1199 4105 (55).»

380 4226 430 4285 (54)
447 4228 486 4276 cl.
500 4227 630 4291 Polyglolt.
642 4232 753 4282 waltoni
768 4233 793 4282 tn
806 4232 847 4283 hle
858 4233 927 4283 locis.

379 4304 429 4365 (55)
444 4306 482 4356 ct.
494 4307 560 4370 apud
576 4309 753 4375 Sabuthterop.
763 4312 806 4363 cit.
816 4313 842 4361 in
855 4313 915 4363 haec
926 4312 988 4364 lora.
1003 4315 1049 4368 au
1059 4314 1109 4364 diei
1125 4314 1212 4378 nequit
1222 4326 1275 4363 esee
1286 4312 1423 4363 remlouem

308 4396 337 4430 ei
349 4383 472 4446 versione,
484 4385 527 4435 sed
538 4386 641 4439 habetur
652 4390 734 4440 veruto
744 4392 847 4455 antiqua
857 4391 933 4443 latina
945 4393 1051 4445 reterens
1064 4394 1141 4458 lusani
1154 4405 1239 4444 rorem
1251 4392 1387 4444 adulterit.
