3234 5084
346 455 415 526 llll
489 476 549 527 ιιι.
563 475 609 526 ιιι.
625 474 711 526 srcr.
728 475 859 525 rurum.
876 474 916 525 os
933 474 1044 525 ruurss.
1060 474 1155 525 ιιιι.
1172 474 1298 526 ooursr.

345 593 410 666 ium
430 618 467 665 se
484 590 605 664 dobere
622 589 807 665 adulterum
824 590 956 676 dicere,
976 590 1074 663 cuius
1100 590 1303 689 poenitentis
1327 590 1455 667 crimen

343 706 460 780 diviua
485 705 591 779 eredit
615 705 829 779 miseratione
855 704 1000 778 deletum
1024 703 1152 800 (35)?»
1176 720 1209 778 et
1230 703 1332 805 poulo
1356 723 1450 805 post:

345 820 498 908 «Quibus
510 819 729 895 consideratis
747 835 847 921 utque
864 820 1027 906 uucmtis,
1044 820 1074 893 si
1088 819 1274 893 communis
1288 819 1450 908 conditio,

341 960 517 1010 commune
536 934 674 1024 mulum,
696 961 872 1010 commune
890 933 1093 1034 periculum,
1114 959 1291 1008 commune
1307 933 1449 1021 vulnus,

342 1051 527 1124 eommunis
551 1048 665 1137 sulus,
690 1048 833 1123 fideliter
849 1064 883 1122 et
899 1048 1070 1124 humiliter
1094 1049 1269 1146 cogitetur,
1293 1074 1361 1123 uon
1386 1050 1453 1123 erit

342 1166 466 1263 turpis,
491 1191 600 1267 ueque
624 1163 793 1254 difficilis,
821 1166 922 1239 etiam
944 1161 1021 1264 post
1042 1180 1232 1265 perpetratu
1252 1179 1354 1265 uque
1371 1190 1448 1263 pur·

340 1295 417 1376 gnta
433 1279 598 1355 adulterio
614 1279 840 1354 reconciliatio
858 1279 1055 1377 coniugum,
1074 1279 1132 1354 ubi
1150 1304 1212 1380 per
1228 1279 1339 1354 oluues
1357 1279 1451 1376 regni

340 1394 508 1469 coelorum
533 1422 600 1471 nou
623 1395 797 1469 dubitetur
819 1395 891 1469 fiori
912 1396 1068 1470 remissio
1093 1410 1304 1494 peccatorum
1332 1396 1449 1490 (36).»

410 1508 508 1583 Dixi:
528 1512 561 1583 si
582 1537 655 1584 uere
679 1534 734 1582 cus
754 1513 884 1609 potrott'
905 1509 1035 1583 coclers
1051 1511 1231 1608 poeniteat,
1250 1534 1328 1581 uum
1344 1508 1376 1582 si
1399 1508 1451 1582 lu-

339 1641 414 1699 cutu
439 1623 667 1700 tantummodo
691 1624 792 1698 luerit
807 1623 938 1703 illorum
958 1623 1206 1725 resipiscentiu;
1228 1623 1257 1698 si
1280 1622 1373 1697 uullu
1393 1648 1451 1698 so-

339 1738 408 1816 lido
425 1764 504 1841 spes
524 1739 686 1838 affulgeat
701 1739 772 1814 lore
788 1756 934 1814 utcnste
950 1739 1081 1825 vivunt,
1101 1764 1141 1813 co
1163 1739 1197 1811 iu
1219 1764 1301 1813 cesu
1319 1737 1448 1812 nullum

337 1879 518 1956 superesse
533 1871 643 1955 potest
659 1854 817 1941 dubium,
838 1855 923 1954 quin
941 1854 993 1927 vir
1010 1879 1076 1928 non
1095 1853 1195 1928 modo
1211 1880 1279 1928 uon
1297 1867 1449 1928 tenemur

337 1985 511 2046 nocentem
537 1971 704 2070 recipere,
733 1968 793 2045 sod
819 1969 932 2068 potius
956 1968 1077 2042 debent
1103 1995 1177 2043 eum
1195 1995 1216 2043 u
1233 1994 1271 2043 se
1287 1966 1448 2070 repellere

338 2084 430 2157 iuxta
453 2082 537 2158 illud
564 2085 660 2159 totius
685 2109 706 2158 n
728 2083 882 2184 putribus
906 2082 1100 2158 laudatum:
1121 2082 1212 2169 «Qui
1244 2098 1335 2158 tenet
1356 2082 1449 2157 udul-

337 2213 459 2286 terum,
496 2196 619 2273 stultus
647 2211 700 2272 est
727 2212 762 2272 et
790 2197 916 2298 impius
943 2199 1068 2295 (37);»
1089 2222 1187 2271 secus
1212 2197 1302 2271 euim
1323 2222 1444 2294 egens,

336 2311 564 2413 suspicionem
597 2338 675 2388 reue
704 2313 936 2389 conniventiae
964 2311 1159 2412 praeberet,
1196 2336 1238 2389 uc
1270 2327 1446 2413 patronum

336 2426 440 2503 veluti
465 2453 503 2503 se
526 2429 716 2505 ostenderet
739 2428 969 2530 turpitudinis.

408 2543 512 2630 Quod
530 2544 573 2618 de
595 2544 679 2619 viris
703 2544 830 2619 dictum
853 2562 922 2632 est,
948 2543 1038 2619 idem
1062 2544 1272 2619 sentiendum
1298 2543 1342 2617 do
1358 2570 1443 2620 uxo-

335 2658 448 2748 ribus,
476 2660 506 2734 si
530 2686 616 2762 quos
640 2661 788 2735 hubeunt
812 2661 949 2736 meritos
974 2658 1188 2735 lascivientes
1218 2685 1259 2734 uc
1287 2659 1442 2761 turpibus

333 2773 532 2850 udulteriuis
550 2776 691 2851 nexibus
708 2775 909 2877 implicatos.
927 2775 1009 2850 Cum
1027 2802 1105 2850 sero
1121 2774 1296 2850 difficilius
1314 2775 1359 2850 sit
1371 2803 1444 2849 mu·

335 2887 474 2964 lieribus
504 2891 615 2965 sirum
646 2890 834 2966 adulterum
860 2919 880 2966 u
906 2920 968 2967 suo
1002 2891 1237 2967 conturbernio
1260 2908 1294 2968 et
1322 2918 1343 2967 u
1369 2909 1443 2968 tom

333 3001 533 3100 seiungere,
560 3029 619 3079 ees
645 3005 700 3079 his
723 3006 835 3080 verbis
860 3005 1037 3108 compellat
1061 3007 1286 3106 Augustinus,
1311 3023 1350 3081 ut
1373 3006 1443 3082 sul·

334 3130 400 3191 tem
421 3115 456 3189 id
478 3134 680 3217 pertentent,
706 3146 749 3195 ne
769 3121 930 3221 coniuges
953 3147 1035 3197 suos
1056 3121 1226 3220 negligere
1244 3121 1437 3197 rideantur:

335 3230 509 3309 «ludiuut
533 3261 605 3309 me:
625 3234 733 3310 zelent
756 3237 847 3312 uiros
872 3263 969 3325 suos;
991 3263 1057 3312 uon
1082 3236 1148 3310 sibi
1166 3252 1299 3311 seruent
1318 3263 1440 3311 sunum

332 3346 490 3446 glorium,
518 3375 587 3450 qus
611 3351 765 3426 soleutu
793 3352 925 3428 moritis
955 3351 1136 3451 impudicis
1171 3367 1340 3427 matronae
1368 3352 1441 3427 luu-

331 3461 423 3551 duri,
443 3462 525 3564 quiu
542 3463 786 3564 impudicitiam
802 3467 950 3540 uirorum
972 3491 1108 3541 suorum
1131 3492 1238 3567 nequo
1259 3467 1372 3541 unimo
1392 3466 1442 3541 le-

331 3592 420 3650 runt.
441 3577 524 3652 Nolo
541 3578 641 3654 telem
666 3580 862 3680 potientium
887 3580 1034 3653 habeant
1045 3580 1249 3656 christianae
1261 3579 1437 3655 mulieres:

332 3715 469 3791 prorsus
489 3690 599 3767 zelent
614 3693 704 3769 uiros
722 3720 821 3783 suos;
842 3721 908 3769 non
932 3710 1067 3796 propter
1087 3720 1220 3770 caruem
1242 3722 1357 3784 suum,
1378 3696 1440 3771 sed

330 3821 466 3906 propter
488 3808 619 3883 unimus
645 3807 791 3883 illorum.
814 3808 959 3884 Omnino
982 3836 1044 3909 ego
1069 3835 1204 3899 moneo,
1231 3836 1293 3909 ego
1314 3811 1440 3911 proeci-

330 3919 404 4019 pio,
432 3948 493 4020 ego
522 3923 639 3998 iubeo:
660 3926 841 4026 episcopus
869 3925 981 4014 iubet,
1001 3926 1154 4001 Christus
1180 3928 1215 3999 in
1246 3953 1300 4000 mo
1330 3925 1435 4000 iubet.

329 4038 427 4113 Novit
449 4038 506 4113 ille
531 4040 566 4113 in
592 4041 690 4115 cuius
715 4057 896 4143 conspectu
920 4042 1016 4117 urdet
1041 4069 1099 4119 cor
1122 4042 1245 4118 meumss
1266 4043 1353 4142 Ego,
1384 4044 1439 4115 in·

398 4259 449 4322 (ts)
465 4264 504 4312 De
518 4266 622 4327 oestuo.
631 4262 718 4316 adult.
731 4264 773 4316 tio.
786 4266 819 4315 ll.
830 4277 885 4330 cop.
896 4266 940 4317 vt.
951 4278 975 4316 o.
989 4272 1012 4317 5.

401 4338 720 4406 mmmmm

400 4417 452 4483 (st)
466 4422 539 4471 Prot.
550 4424 638 4474 xvlu.
651 4429 692 4474 rs.
