3234 5084
313 429 381 500 270
459 450 520 502 ulo.
542 450 590 501 ΙΙΙ.
614 449 700 501 stur.
724 449 855 500 ALTERA.
879 449 917 499 ΒΕ
935 445 1048 500 tuotss.
1065 449 1160 500 wll
1183 444 1309 501 cuntot.

313 571 375 643 lior
393 571 534 670 ullipoto
553 585 611 655 cst,
637 584 757 668 quanto
780 584 918 668 tempore
939 571 1080 642 circius
1100 571 1203 654 civit,·
1229 583 1279 652 et,
1306 568 1432 640 vivente

309 687 394 768 ciro,
410 685 527 756 mulier
543 683 712 757 vocabitur
728 681 891 767 adultero,
906 684 939 756 ai
949 683 1053 782 suerit
1065 709 1137 755 cum
1149 682 1216 754 ulio
1228 683 1312 766 ciro,
1329 681 1433 781 idque

311 796 507 884 indefinite,
536 823 657 896 nempe
681 799 799 897 utique
824 823 1038 896 quacumque
1060 821 1100 868 ex
1126 821 1251 875 causa.
1280 795 1434 894 adeoque

310 911 411 984 etiam
428 910 472 983 ob
490 910 743 984 fornicationem
763 909 927 996 dimissa;
952 909 1224 981 ciconiariam
1250 910 1432 1007 quemdam

313 1026 463 1114 inducit,
493 1027 550 1125 qui
578 1025 762 1099 clausulam
788 1025 1080 1124 exceptionalem,
1114 1027 1183 1096 nisi
1207 1025 1434 1124 fornicationis

312 1168 412 1214 causo
436 1141 596 1228 obiiciat,
625 1141 765 1240 perinde
789 1165 828 1212 ac
855 1140 884 1211 si
911 1140 1000 1211 idem
1026 1166 1067 1212 ea
1091 1140 1319 1237 significetur,
1341 1141 1431 1238 quod

311 1258 444 1356 Moyses
474 1257 508 1327 in
542 1257 615 1353 lege
644 1256 728 1328 dixit
759 1256 968 1354 foeditatem,
1000 1281 1068 1354 qua
1094 1253 1348 1355 permittebatur
1381 1280 1434 1326 re-

311 1372 474 1470 pudium;
499 1371 598 1445 solvit
622 1397 701 1444 vero
726 1369 947 1444 obiectionem
972 1371 1155 1444 ostendens
1177 1371 1326 1471 Moysen]
1351 1395 1432 1442 voce

311 1484 370 1557 illa
396 1485 534 1558 minime
560 1485 758 1557 adulterium
783 1484 1008 1581 designasse,
1039 1484 1099 1558 sed
1129 1482 1221 1557 aliud
1248 1481 1434 1583 quodcum*

311 1626 377 1700 que
401 1601 540 1688 vitium,
565 1626 633 1699 quo
659 1597 781 1672 mulier
805 1626 871 1673 non
894 1599 1060 1673 invenerit
1084 1599 1225 1696 gratiam
1254 1624 1357 1696 penes
1381 1598 1433 1669 vi-

312 1742 385 1788 mm
412 1743 530 1803 suum;
559 1717 591 1786 l.
609 1742 686 1789 cum
702 1742 781 1789 vero
802 1715 846 1788 ab
869 1714 964 1788 initio
982 1715 1033 1788 sic
1051 1741 1116 1787 non
1135 1714 1255 1800 luerit,
1276 1712 1432 1786 Christus

312 1829 472 1903 adunam
488 1829 717 1902 fornicationis
730 1854 868 1902 causam
882 1827 1066 1926 legitimam
1083 1825 1302 1900 dimittendae
1316 1827 1430 1900 uxoris

312 1944 505 2019 facultatem
528 1945 710 2018 coarctavit
723 1974 730 2032 ;
749 1947 782 2015 ll.
794 1961 871 2045 post
888 1943 988 2031 haec,
1005 1944 1116 2017 varios
1130 1970 1231 2017 casus
1246 1942 1434 2043 problema-

314 2060 379 2134 tice
398 2060 566 2160 proponit,
582 2059 625 2132 ob
647 2085 733 2158 quos
749 2059 919 2134 rideretur
937 2085 1038 2158 posse
1052 2060 1124 2132 iure
1137 2059 1259 2131 dimitti
1279 2084 1429 2143 uxorem,

312 2190 346 2248 et
361 2174 397 2246 in
415 2172 540 2273 quibus
559 2173 732 2272 praeberet
743 2173 796 2246 vir
808 2173 903 2246 uxori
918 2200 1037 2246 ansam
1051 2171 1283 2245 adulterandi:
1303 2176 1337 2244 6.
1353 2198 1434 2246 con-

312 2287 436 2377 cludit,
453 2315 686 2389 quaecumque
703 2288 837 2361 demum
857 2289 926 2362 sint
942 2305 1002 2361 aut
1018 2314 1094 2362 esse
1112 2288 1293 2361 credantur
1309 2313 1432 2361 causae

313 2404 433 2491 iustae,
462 2401 505 2476 ob
531 2429 617 2504 quas
635 2403 688 2478 vir
705 2403 813 2503 possit
838 2402 1005 2475 dimittere
1030 2428 1166 2477 uxorem
1188 2427 1306 2489 suam,
1331 2401 1432 2473 etiam

312 2518 476 2592 adulterio
502 2517 693 2616 graviores,
725 2518 793 2592 lore
825 2545 960 2617 semper
985 2518 1169 2591 adulteram
1196 2517 1369 2591 mulierem
1392 2516 1434 2588 il-

310 2634 398 2722 lam,
419 2660 507 2734 quac
531 2659 607 2706 cum
633 2634 777 2705 dimissa
802 2632 919 2720 luerit,
944 2632 1039 2705 alteri
1065 2633 1137 2705 viro
1164 2631 1334 2732 nupserit,
1355 2632 1433 2705 vivo

311 2747 423 2822 adhuc
450 2748 573 2847 priore,
602 2776 623 2821 a
649 2774 716 2847 quo
743 2747 886 2819 dimissa
912 2764 975 2819 est.

383 2863 432 2933 Er
459 2862 512 2934 his
539 2879 629 2963 patet
656 2862 837 2960 Origenem
866 2888 927 2936 ceu
955 2861 1073 2935 thesin>
1097 2863 1227 2934 firmam
1254 2862 1433 2934 inconcus·

310 3003 454 3076 samque
466 2978 684 3051 constituisse
702 2976 937 3050 indissolubile
956 3005 1094 3078 prorsus
1112 3004 1189 3050 esse
1206 2977 1241 3047 in
1260 2976 1332 3074 lege
1345 2975 1432 3048 chri·

310 3090 421 3163 stiana
452 3092 654 3164 matrimonii
686 3092 880 3178 vinculum,
911 3092 956 3164 ita
983 3108 1020 3164 ut
1045 3092 1074 3165 si
1102 3118 1185 3165 uxor
1219 3115 1431 3191 quacumque

309 3205 443 3278 demum
469 3206 512 3279 do
537 3233 641 3280 causa
665 3207 810 3281 dimissa
837 3234 913 3282 cum
939 3208 1006 3281 alio
1031 3235 1068 3281 se
1094 3207 1313 3307 copulaverit,
1336 3232 1429 3279 ream

309 3347 347 3395 se
370 3319 525 3395 adulterii
559 3322 751 3396 constituat.
780 3324 829 3394 Ex
858 3323 922 3397 hoc
949 3324 1116 3423 principio
1147 3323 1287 3422 incipit,
1322 3348 1430 3421 eoque

309 3436 434 3535 pariter
460 3436 651 3510 universam
671 3463 768 3510 suam
786 3435 1064 3537 disceptationem
1088 3436 1270 3510 concludit.
1287 3437 1335 3509 no
1353 3463 1430 3536 pro-

309 3552 408 3640 inde,
439 3553 529 3652 quod
555 3579 767 3653 consequens
786 3570 854 3637 est,
877 3579 985 3654 neque
1004 3552 1167 3652 paralius
1189 3578 1311 3626 causas
1330 3578 1430 3652 quas·

307 3693 479 3768 cumque,
509 3692 619 3768 neque
646 3694 706 3766 per
732 3667 984 3741 fornicationem
1010 3666 1149 3742 dissolvi
1179 3666 1291 3766 quoad
1316 3667 1431 3739 vincu⁴

308 3779 377 3853 lum
399 3782 613 3880 coniugium,
635 3783 694 3855 sed
711 3781 818 3857 solum
837 3782 949 3883 quoad
973 3798 1080 3855 tomm
1099 3797 1132 3855 et
1149 3780 1429 3855 cohabitationem

307 3900 441 3997 seiungi
468 3901 628 3998 coniuges
654 3927 756 4000 posse
781 3899 945 3997 Origenes
973 3899 1158 3972 constituit.
1180 3898 1347 3985 Quocirca
1365 3922 1432 3969 me-

312 4016 376 4089 rito
407 4014 586 4113 Origenem
620 4016 707 4090 inter
738 4032 923 4089 assertores
950 4041 990 4087 ac
1017 4031 1118 4088 testes
1148 4013 1430 4113 locupletissimos

309 4130 434 4229 pariter
465 4131 727 4205 adnumeramus
760 4128 946 4205 catholicae
979 4129 1153 4203 doctrinae
1179 4130 1214 4201 in
1241 4127 1306 4200 hac
1331 4151 1432 4227 quae·

313 4244 436 4317 stione.

391 4359 478 4445 Quid
506 4360 548 4431 ad
576 4361 658 4433 haec
683 4359 896 4434 adversarii?
919 4359 1046 4432 lamdiu
1072 4359 1233 4432 Erasmus
1261 4355 1433 4430 contendit
