3234 5084
312 481 380 531 cnr.
394 480 441 529 m.
460 479 498 529 ou
512 475 608 529 sensu
622 479 713 527 runo.
730 478 794 527 ern.
810 477 922 527 iunias.
940 477 1035 527 unrn.
1053 478 1123 526 ner.
1137 479 1159 526 t.
1227 456 1295 525 ute

140 602 147 619 ¹
183 597 308 697 inquit,
325 597 455 694 polluto
467 596 651 693 polluetur,
672 609 702 665 et
719 594 763 667 od
779 596 888 665 virum
904 620 999 665 suum
1011 620 1075 665 oon
1095 609 1292 676 revertetur,

180 729 213 787 et
230 714 290 811 qui
304 712 488 784 adulteram
505 710 640 794 detinet,
665 710 784 782 stultus
803 724 851 781 cst
868 725 897 780 et
917 710 1057 806 impios,⁸
1079 709 1139 781 sed
1156 708 1215 807 qui
1235 709 1298 781 sor-

182 828 312 901 uicatus
337 843 408 913 est,
428 852 495 899 non
513 823 708 899 excludetur
724 824 907 923 quominus
924 850 1001 897 cum
1028 850 1130 897 uxore
1155 822 1292 896 habitet.

182 941 293 1028 Quare
308 966 393 1014 uxor
408 940 545 1040 quidem
563 966 585 1013 a
602 939 821 1013 fornicatione
838 954 1054 1013 revertentem
1071 938 1181 1012 virum
1196 965 1295 1011 suum

182 1057 343 1155 excipiet:
370 1057 422 1130 vir
446 1081 526 1130 vero
550 1054 711 1155 pollutam
735 1082 754 1127 e
780 1054 852 1127 suis
878 1052 1020 1128 aedibus
1039 1054 1160 1126 eiiciet.
1189 1053 1298 1153 Atque

182 1170 302 1245 horum
323 1171 460 1271 quidem
483 1171 567 1246 ratio
596 1197 662 1246 non
693 1169 823 1256 facilis,
853 1169 913 1242 sed
939 1170 1145 1243 consuetudo
1171 1170 1220 1242 sic
1247 1169 1298 1240 in-

182 1287 338 1360 valuit.»

256 1400 401 1474 Rursum
426 1399 510 1473 ibid.
537 1426 613 1474 can.
634 1399 773 1471 xnvtlt.
805 1398 932 1484 «Quae
948 1424 969 1471 a
986 1399 1129 1482 marito,
1158 1397 1295 1484 scribit,

185 1515 300 1590 relicta
311 1533 382 1604 est,
405 1543 481 1590 mea
497 1517 634 1616 quidem
660 1515 846 1600 sententia,
867 1539 1001 1588 manere
1020 1513 1130 1587 debet.
1154 1514 1189 1584 Si
1208 1513 1299 1586 enim

183 1632 346 1706 Dominus
370 1632 478 1706 dixit:
508 1633 640 1731 Siquis
664 1633 829 1729 relinquat
853 1655 1012 1713 onorem,
1032 1643 1171 1726 eccepto
1195 1630 1300 1727 somi-

181 1749 319 1819 cotr'ooe'e
346 1774 464 1832 cauco,
492 1749 664 1847 faciteam
680 1746 844 1818 moechari
854 1773 864 1828 ;
884 1770 925 1854 ep
941 1768 982 1817 eo
999 1742 1089 1842 quod
1111 1769 1185 1814 eam
1208 1743 1301 1815 adut-

184 1876 285 1934 ternm
310 1878 430 1950 uocet,
459 1863 642 1961 praeclusit
665 1862 696 1934 oi
723 1859 993 1935 coniunctionem
1015 1884 1090 1932 eum
1110 1858 1187 1931 alio.
1210 1857 1300 1943 Quo

183 1976 282 2051 modo
298 1978 390 2050 enim
408 1979 517 2076 possit
528 1977 580 2051 vir
592 1976 730 2076 quidem
747 2001 825 2049 esse
842 2000 938 2060 reue,
959 1989 995 2046 ut
1011 1973 1166 2047 adulterii
1181 2000 1296 2060 causa,

184 2092 304 2166 mulier
323 2117 403 2167 vero
427 2093 618 2192 inculpate,
648 2117 736 2191 quae
760 2090 912 2164 adultera
942 2115 962 2162 a
986 2089 1128 2164 Domino
1155 2088 1199 2163 ob
1222 2114 1302 2161 con-

184 2207 388 2282 iunctionem
413 2234 491 2281 cum
517 2208 584 2282 alio
610 2206 779 2307 appellata
803 2204 919 2279 estts

255 2323 418 2411 Domum,
447 2327 566 2396 ceteris
591 2322 750 2406 omissis,
779 2347 866 2421 quae
890 2320 942 2395 vel
961 2321 1078 2419 spuria
1102 2336 1159 2392 aut
1182 2319 1299 2393 saltem

185 2436 289 2512 dubia
314 2455 393 2512 sunt
412 2441 510 2534 (93),
537 2437 590 2510 vel
609 2437 745 2534 {directe
771 2436 815 2509 ad
841 2462 909 2508 rem
933 2451 1143 2535 praesentem
1169 2460 1234 2507 uon
1253 2436 1302 2508 sa-

185 2553 277 2627 ciunt
297 2555 392 2650 (94),
425 2554 460 2625 in
481 2552 608 2650 Regula
634 2552 777 2623 Lxxttt.
806 2548 944 2623 scribit:
976 2581 993 2619 (ι
1010 2551 1082 2622 Non
1108 2549 1187 2621 licet
1210 2550 1299 2637 viro,

185 2695 288 2743 uxore
304 2669 468 2755 dimissa,
489 2668 590 2742 aliam
613 2668 754 2740 ducere:
776 2691 886 2764 neque
903 2664 955 2737 ias
972 2679 1024 2737 est
1047 2663 1256 2761 repudiatum
1282 2690 1302 2735 a

186 2784 321 2870 marito,
349 2783 392 2856 ab
417 2783 484 2857 alio
508 2783 587 2856 duci
613 2806 750 2855 uxorem
769 2784 859 2876 (95).
879 2811 898 2849 n

270 2897 576 2973 Animadvertimus
612 2923 711 2996 porro
744 2896 997 2982 testimonium,
1026 2894 1116 2995 quod
1146 2921 1186 2966 ex
1219 2895 1300 2992 Rog.

186 3010 330 3082 Lxxltt.
351 3010 522 3086 attulimus
536 3037 614 3085 esse
629 3038 766 3111 prorsus
779 3010 1014 3096 decretorium
1037 3009 1083 3081 ibi
1101 3010 1189 3082 enim
1204 3036 1233 3083 s.
1244 3010 1305 3082 Ba·

185 3125 287 3199 cilius
312 3124 440 3224 absque
461 3125 684 3201 haesitatione
696 3143 729 3201 et
746 3126 888 3224 ambage
906 3126 1079 3224 profitetur
1091 3126 1161 3198 iore
1175 3125 1304 3199 adulte·

185 3265 260 3313 rum
278 3240 350 3313 sive
366 3239 560 3314 virumsive
576 3267 732 3327 uxorem,
753 3241 835 3341 qui,
859 3240 962 3313 altero
982 3241 1123 3337 coniuge
1143 3239 1298 3326 dimisso,

170 3354 327 3429 alterum
351 3354 472 3442 ducat,
501 3354 641 3428 autulii
672 3355 798 3443 nubat,
828 3353 920 3427 nulla
946 3379 1083 3453 prorsus
1109 3352 1304 3450 exceptione

256 3617 306 3682 (tt)
321 3619 466 3671 coinannodt
483 3622 521 3671 est
536 3620 597 3671 tiber
619 3620 751 3684 tosertptus
760 3621 799 3669 De
813 3629 878 3668 vero
888 3617 1061 3681 otrotnttote,
1075 3627 1148 3678 quem
1161 3613 1246 3664 reiecit
1256 3611 1306 3663 edt-

186 3700 225 3749 tor
244 3699 387 3762 maurinus,
403 3700 428 3752 d.
441 3701 589 3764 Gemonios,
601 3701 664 3752 iuter
680 3712 755 3764 opera
773 3698 858 3763 spuria
869 3696 992 3760 adscripta
1005 3709 1026 3747 s.
1039 3694 1141 3745 Ductori
1158 3693 1183 3742 in
1197 3691 1302 3756 append.

185 3778 217 3828 ad
235 3779 285 3829 vot.
298 3780 342 3830 ΙΙΙ.
358 3793 413 3844 pog.
433 3788 486 3833 589.
502 3783 533 3831 lu
549 3781 683 3844 praemisso
704 3781 805 3830 uentre
826 3777 939 3827 concedit
960 3774 1062 3839 quidem
1080 3787 1143 3837 opus
1156 3772 1222 3823 istud
1244 3771 1305 3822 anti·

185 3871 261 3922 qnum
271 3871 336 3921 esec,
352 3859 461 3911 sedtum
473 3875 502 3911 en
515 3861 590 3925 stylo,
606 3863 661 3911 tum
674 3872 705 3910 ex
720 3857 880 3920 chronologia
895 3854 1003 3907 ostendit
1020 3854 1113 3905 tectum
1126 3867 1147 3902 s.
1161 3851 1245 3902 Basilii
1255 3865 1305 3901 non

183 3950 236 3988 esse
251 3937 368 3990 curemus
384 3939 560 3991 combensium
571 3941 596 3990 et
609 3938 754 4004 Depininm.
774 3936 800 3988 m
817 3937 899 4000 ipsum
911 3937 961 3986 tum
972 3934 1126 4006 praestiterat
1136 3932 1307 3983 'tillemontius

182 4019 318 4068 Μέτωνος
333 4031 406 4083 pour
422 4022 509 4071 server
527 4019 545 4070 o
564 4018 691 4069 t'trtstotre
709 4017 799 4069 aceto.
821 4019 881 4067 tom
899 4018 942 4066 lx.
958 4018 1015 4065 note
1029 4023 1067 4066 ao.
1085 4018 1138 4064 Sur
1155 4011 1260 4062 lettere
1275 4011 1308 4061 de

181 4095 210 4148 lo
227 4099 353 4162 vuotuttt
368 4098 487 4151 attrtbut
509 4099 528 4150 ὰ
548 4113 571 4150 s.
586 4098 676 4150 Boette
692 4111 748 4163 pag.
767 4104 814 4149 otte
829 4110 882 4161 seq.
903 4096 976 4154 Quod
991 4095 1069 4146 tesius
1083 4092 1171 4144 deiude
1186 4092 1308 4159 praestitit

183 4177 272 4231 cattia
287 4180 358 4229 litet.
372 4178 459 4242 omer.
479 4177 525 4230 ces
545 4181 657 4231 sumre
673 4177 818 4231 ecctutcst.
837 4179 898 4228 tom
910 4179 953 4227 Vt.
967 4189 1021 4240 pag.
1034 4179 1077 4226 ³⁴1
1090 4187 1142 4238 seq.

255 4256 307 4321 (et)
321 4259 397 4308 Prout
416 4259 454 4308 est
468 4258 537 4322 quod
557 4257 647 4309 adduct
668 4259 733 4310 solet
753 4271 785 4308 ex
801 4256 888 4307 homil.
900 4257 955 4306 vu.
976 4255 1002 4305 in
1018 4256 1163 4305 Hexatmer.
1182 4252 1205 4316 §.
1223 4257 1246 4302 5.
1262 4250 1304 4300 ubi

183 4337 210 4387 tn
227 4347 321 4399 emere
339 4334 427 4387 assuit
444 4349 466 4387 a.
482 4339 554 4387 Pater
570 4337 814 4388 indissolubititetem
832 4335 948 4398 coniugii.

256 4416 307 4479 (ab)
322 4418 385 4480 opp.
398 4413 438 4467 ed.
451 4415 494 4467 eit.
506 4418 568 4469 tom
582 4419 614 4468 lt.
631 4430 685 4480 pag.
699 4423 752 4468 etta.

269 4531 310 4586 ΙΙΙ
1229 4532 1261 4581 te
