3234 5084
326 464 390 516 ua.
402 462 450 515 ιιι.
460 463 501 514 nr
519 463 616 515 sensu
634 461 727 513 man.
739 460 802 512 ua.
819 460 1039 513 mnrssraara.
1052 460 1124 510 rer.
1140 460 1163 510 r.
1235 435 1307 509 tlt

193 582 237 659 de
261 583 499 672 fornicatione,
526 582 588 657 sed
612 581 766 658 absolute
791 598 890 682 prout
913 580 1004 681 apud
1029 579 1177 654 llarcam
1194 593 1228 653 et
1244 581 1311 653 Lu-

193 725 267 774 cam
289 698 474 798 reperitur:
504 698 572 785 Qui
595 697 685 770 ducit
708 695 917 796 repudiatam
941 695 982 768 ab
1008 694 1110 768 altaro
1126 696 1210 780 ciro,
1225 721 1311 766 aroe-

194 815 328 900 clatum
364 839 432 914 quo
465 813 549 887 satis
582 828 696 913 aperte
728 812 900 911 signifieat
924 811 1015 885 nullo
1041 812 1076 883 in
1102 837 1184 884 casa
1209 809 1311 884 licere

194 929 404 1015 christianis,
425 929 529 1003 altero
544 930 677 1003 virente
694 929 854 1024 coniage,
874 927 1013 1001 alteram
1030 928 1164 1012 ducere,
1181 952 1222 998 ac
1239 952 1312 1025 pro·

194 1043 273 1117 inde
290 1042 473 1118 insolabile
490 1069 686 1143 permanere
704 1042 908 1115 matrimonii
925 1040 1119 1126 vinculum,
1140 1038 1241 1113 etiam
1260 1040 1312 1113 in-

195 1157 398 1231 terveniente
422 1155 608 1243 adulterio,
638 1172 670 1230 et
694 1182 797 1230 uxore
822 1156 866 1228 ob
891 1181 965 1229 eam
989 1178 1126 1227 causam
1146 1154 1308 1242 dimissa;

197 1273 232 1344 2.
259 1271 351 1372 quod
381 1271 523 1371 loquens
548 1272 591 1345 de
616 1270 689 1369 lege
719 1271 891 1357 hamana,
924 1296 993 1369 qua
1024 1268 1205 1341 divortium
1236 1294 1313 1367 per-

195 1386 406 1475 mittebatur,
436 1386 581 1461 affirmet
605 1413 683 1475 eos,
712 1387 771 1485 qui
798 1385 983 1460 secundum
1009 1383 1210 1458 contrahunt
1232 1408 1314 1456 con·

196 1501 341 1598 ingiam,
362 1503 495 1576 virente
513 1501 636 1576 reiecto
657 1501 799 1599 coniage
816 1502 917 1575 etiam
934 1500 977 1573 ob
995 1498 1219 1586 adulterium,
1235 1525 1313 1597 pcc-

197 1631 339 1700 catores,
366 1641 428 1688 seu
458 1641 533 1690 reos
558 1613 715 1688 adulterii
749 1641 848 1702 esse,
877 1640 945 1688 non
979 1638 1078 1687 secus
1104 1638 1144 1687 aa
1168 1638 1228 1687 eos
1253 1614 1313 1712 qui

196 1731 366 1832 aspiciunt
382 1731 557 1804 mulierem
569 1729 613 1803 ad
626 1729 931 1830 concupiscendam
949 1754 1043 1816 eam,
1064 1728 1123 1828 qui
1141 1729 1209 1800 iam
1227 1754 1315 1802 moe·

195 1847 286 1921 ohati
312 1861 392 1921 sant
414 1872 528 1922 coram
554 1847 625 1921 Deo
650 1847 740 1942 (ti).
763 1844 920 1918 Assertor
945 1844 1059 1943 itaque
1085 1844 1237 1918 lustinus
1262 1858 1315 1918 est

196 1960 447 2037 indissolubilis
475 1960 602 2035 vinculi
635 1958 850 2057 coniugalis,
878 1974 912 2033 et
937 1958 1033 2034 testis
1058 1959 1123 2032 hac
1148 1984 1251 2059 saper
1276 1985 1314 2031 re

195 2075 382 2152 catholicae
407 2075 593 2150 doctrinae.

269 2192 419 2266 Alterum
440 2192 671 2267 testimonium
688 2194 833 2268 occurrit
850 2192 886 2266 in
900 2192 1063 2292 Apologia
1082 2192 1125 2265 ii.
1141 2219 1176 2264 n.
1193 2190 1238 2263 ii.
1255 2189 1314 2263 ubi

196 2308 295 2382 refert
320 2306 498 2382 historiam
523 2308 616 2382 illius
641 2309 794 2384 mulieris
821 2310 915 2411 prius
940 2309 1130 2407 flagitiosae
1155 2307 1315 2404 coniugio

196 2424 394 2497 coniunctae
417 2449 495 2496 cum
521 2449 630 2522 aeque
654 2424 823 2522 flagitioso
840 2423 930 2511 viro,
950 2450 1038 2523 quae
1054 2423 1098 2495 ad
1117 2420 1315 2518 religionem

196 2538 417 2613 christianam
437 2564 599 2612 conversa
617 2539 660 2611 ad
678 2537 850 2613 meliorem
865 2538 993 2634 frugem
1009 2554 1175 2622 revocata,
1196 2535 1317 2633 sategit

195 2653 305 2727 virum
323 2680 422 2727 suam
436 2653 560 2727 avitiis
574 2653 702 2728 inolitis
716 2653 898 2726 retrahere.
911 2653 1031 2726 Verum
1046 2678 1124 2725 cam
1141 2651 1176 2724 id
1191 2651 1315 2723 frustra

198 2783 380 2856 tentasset,
407 2768 586 2869 virumque
618 2769 779 2842 suumin
805 2769 920 2869 peiora
945 2794 1042 2841 ruere
1072 2767 1313 2866 comperisset:

204 2881 353 2970 «verita,
371 2884 587 2984 prosequitur
600 2884 771 2974 lustinus,
792 2912 835 2958 ne
852 2884 968 2985 inique
986 2900 1020 2957 et
1037 2883 1141 2982 impie
1155 2882 1316 2957 laetorum

201 2996 368 3097 particeps
394 2998 507 3087 fieret,
529 2999 558 3072 si
580 2999 616 3072 in
640 3001 796 3099 coniugio
822 3015 989 3089 maneret,
1013 3002 1180 3099 uictusque
1198 3026 1237 3072 oc
1256 3000 1319 3072 tori

200 3137 328 3185 concors
347 3127 444 3198 essct,
468 3113 575 3188 misso
592 3141 652 3203 eo,
673 3114 764 3215 quod
788 3115 936 3203 voeatis,
962 3115 1121 3215 repudio,
1143 3113 1315 3189 discessit.

200 3228 284 3301 l'um
309 3228 502 3327 praeclarus
528 3244 561 3304 et
583 3229 693 3304 bonus
719 3231 776 3305 ille
800 3232 872 3319 air,
893 3258 969 3306 cam
988 3232 1136 3329 gaudere
1161 3230 1316 3319 deberet,

202 3343 294 3443 quod
316 3370 405 3443 quae
425 3343 506 3417 olim
531 3371 615 3420 uxor
638 3371 716 3419 cam
741 3345 850 3419 servis
868 3360 901 3418 et
917 3346 1132 3419 mercenariis
1150 3345 1186 3417 ia
1202 3345 1319 3419 vinum

200 3472 304 3557 atque
327 3483 426 3533 ornae
450 3458 608 3533 vitiorum
633 3485 740 3557 genus
773 3458 884 3533 ellusa
910 3457 1049 3531 licenter
1078 3458 1316 3558 perpetrabat,

201 3571 246 3645 ab
269 3572 326 3646 his
349 3573 418 3647 iam
442 3572 607 3648 iaciendis
632 3574 792 3648 deterrita
808 3574 946 3661 luisset,
968 3600 1009 3646 ac
1026 3574 1139 3671 ipsam
1156 3572 1258 3646 etiam
1276 3572 1319 3646 ab

203 3685 325 3760 iisdem
353 3687 492 3785 flagitiis
526 3689 694 3762 deterrere
727 3689 896 3777 studeret,
926 3685 1102 3789 repudium
1128 3712 1195 3760 non
1221 3686 1320 3762 obae-

274 3861 325 3925 (tt)
341 3863 425 3913 tiaran
436 3863 463 3914 in
474 3864 533 3916 nota
543 3863 604 3915 dad
614 3865 680 3915 hunc
692 3862 740 3914 loc.
752 3863 814 3915 haec
824 3862 923 3915 aodbtt:
933 3883 945 3906 a
953 3865 1008 3914 lton
1026 3862 1147 3914 secundae
1164 3863 1265 3929 nuptiae
1279 3864 1320 3915 iric

203 3941 332 3992 aiattiao
354 3943 539 4008 vituperantur,
560 3943 603 3995 aed
622 3956 703 4007 quae,
725 3956 774 3993 non
794 3943 877 3993 soluto
895 3941 977 4007 priora
995 3942 1110 4007 vinculo,
1131 3943 1319 3994 contrahantur.

203 4020 274 4073 illino
289 4021 355 4073 eninr
372 4035 443 4074 mena
460 4016 498 4074 ex'
509 4023 669 4087 mamantis,
686 4036 750 4087 quae
763 4023 795 4074 ab
814 4037 843 4074 eo
863 4023 1016 4087 reserantur,
1035 4023 1212 4075 existimanda:
1226 4026 1251 4075 et
1263 4037 1322 4075 curu
1407 4008 1411 4015 ’

202 4100 229 4150 ln
239 4100 387 4153 testimoniis
397 4103 480 4154 datia
489 4103 551 4154 nihii
563 4102 635 4155 aitde
646 4102 760 4155 amandis
769 4102 875 4167 nuptiis,
887 4102 1014 4166 probabile
1025 4115 1074 4154 non
1086 4104 1124 4154 eat
1134 4103 1205 4154 ilium
1214 4117 1243 4155 er
1255 4104 1286 4155 da
1295 4117 1322 4156 re

202 4180 442 4314 loquiiidicemiriliat
458 4264 635 4316 confirmantur
649 4277 678 4315 ea
696 4264 726 4315 lia
740 4277 804 4328 qaae
818 4277 849 4315 ox
858 4264 967 4327 Thymio
978 4265 1003 4315 et
1013 4264 1108 4316 iiittero
1122 4265 1148 4314 in
1162 4265 1322 4329 praecedente

203 4341 311 4394 metim
323 4356 381 4394 uam
397 4356 524 4409 samaa
539 4344 571 4396 de
585 4343 724 4409 magonia
739 4344 877 4396 maceratae
889 4346 937 4394 art.
949 4346 970 4395 l.
985 4347 1043 4396 nota
1062 4352 1101 4397 tt.
1113 4345 1241 4397 attulimus
1253 4346 1322 4397 iuxta

204 4419 338 4475 cardonam
349 4422 444 4475 Thauri.
456 4425 514 4477 oto
524 4424 717 4489 opprimant.
729 4425 801 4478 ienae
812 4428 1000 4490 rotarumque
1012 4424 1061 4478 irae
1070 4424 1162 4491 pariter
1173 4425 1320 4478 referamur.
