3234 5084
395 436 465 487 cur.
479 436 512 483 v.
524 434 564 486 or
578 431 686 485 sosnr.
704 432 830 484 rursus.
847 432 941 483 mrn.
957 432 1026 484 aar.
1038 432 1073 485 11.
1229 412 1293 483 llll

193 555 255 629 lint
278 553 383 629 nolint
408 551 591 628 adversarii
616 549 770 623 Christus
799 549 1023 624 omnimodam
1054 549 1299 625 indissolubili·

191 686 290 745 tatem
315 667 520 744 matrimonii
545 665 736 753 constituit,
764 690 808 738 ne
832 678 967 764 excepto
984 664 1121 765 quidem
1140 663 1297 738 adulterii

189 810 289 872 casu,
317 780 602 885 quemadmodum
628 779 734 854 tenuit
757 805 797 854 uc
814 779 960 854 semovit
975 780 1136 855 uniuersa
1150 780 1299 880 antiqui·

188 913 259 987 tas,
286 913 325 971 ut
349 922 411 971 suo
435 895 508 970 looo
533 893 755 969 ostendimus.

260 1011 360 1087 Haud
377 1009 654 1097 dissimulamus,
670 1008 752 1109 quin
769 1008 871 1082 etiam
889 1023 1004 1108 aperte
1016 1008 1158 1083 latemur
1171 1009 1299 1085 incom-

188 1125 289 1202 moda
313 1125 534 1228 quandoque,
562 1150 603 1199 ac
626 1123 657 1197 si
682 1123 791 1211 lubet,
821 1147 925 1223 saepe
948 1148 1083 1224 quoque
1106 1150 1147 1197 ex
1163 1125 1298 1200 inestri·

187 1239 354 1314 cubilibus
378 1239 526 1337 coniugii
552 1239 693 1313 nexibus
719 1238 811 1314 oriri.
832 1238 894 1311 Ast
918 1239 953 1311 in
971 1238 1136 1314 eiusmodi
1155 1241 1297 1339 negotiis

188 1381 298 1456 aequa
315 1355 413 1430 lance
428 1354 603 1456 pensanda
620 1369 700 1428 sunt
716 1380 805 1455 quae
821 1353 981 1455 utrinque
1005 1355 1165 1453 ingruunt
1188 1353 1293 1442 mala,

187 1487 257 1545 tum
282 1471 412 1546 seilicet
434 1497 475 1545 ex
500 1471 601 1570 plena
626 1470 782 1544 firmitate
811 1486 882 1543 tum
906 1497 946 1544 ex
975 1469 1142 1546 solutione
1169 1470 1296 1547 vinculi

186 1584 387 1685 coniugalis.
399 1588 502 1661 Porro
514 1602 607 1660 extra
619 1611 752 1659 omnem
766 1583 983 1659 dubitationis
997 1585 1105 1660 aleam
1118 1602 1185 1675 est,
1199 1586 1299 1684 longo

188 1701 343 1801 graviora
366 1698 431 1776 sub
456 1699 579 1801 quovis
609 1715 763 1799 respectu
793 1699 908 1773 enasci
933 1698 1022 1782 mula
1046 1727 1086 1774 ex
1111 1698 1294 1787 solutione,

186 1841 288 1916 quam
313 1843 354 1890 ex
379 1813 693 1900 indissolubilitats.
715 1811 810 1900 Quae
834 1812 924 1886 enim
942 1838 983 1887 en
1001 1813 1168 1889 solutione
1184 1840 1299 1914 prove

186 1929 284 2004 niunt
307 1929 521 2004 incommoda
539 1928 723 2002 intrinseca
740 1944 839 2015 sunt,
860 1927 1086 2012 inevitabilia,
1106 1954 1169 2005 nec
1184 1930 1299 2003 minus

185 2043 365 2142 coniuges,
386 2068 489 2144 quam
511 2042 680 2131 sobolem,
700 2058 916 2141 cognatorum
932 2059 967 2117 et
988 2045 1171 2119 amicorum
1192 2060 1298 2118 cater-

185 2184 280 2247 vam,
299 2163 403 2232 immo
427 2172 460 2231 et
484 2156 723 2256 rempublicam
749 2157 859 2258 ipsam
880 2157 1045 2232 alliciunt.
1061 2158 1184 2233 Contra
1199 2183 1294 2247 vero,

186 2297 276 2374 quae
291 2298 333 2345 ex
349 2268 645 2345 indissolubilitate
660 2286 865 2344 enascuntur
882 2270 972 2346 solas
990 2271 1187 2373 plerumque
1202 2272 1299 2372 cupi-

185 2384 309 2460 ditates
326 2384 511 2484 attingrmt,
533 2384 725 2459 transitoria
741 2402 822 2458 sunt
837 2411 960 2483 magna
976 2410 1016 2459 ex
1033 2402 1146 2485 parte;
1162 2403 1298 2487 atquae

184 2499 294 2588 vinei,
323 2498 378 2574 sin
403 2498 517 2573 minus
542 2497 658 2587 facile,
687 2498 802 2601 aliqua
827 2498 948 2574 saltem
976 2500 1081 2575 animi
1109 2502 1298 2575 constantia

185 2628 340 2716 possunt.
358 2612 430 2688 llac
447 2612 490 2687 de
506 2637 611 2688 causa
627 2613 783 2688 Christus
800 2612 981 2713 discipulis
993 2613 1193 2688 mirantibus
1206 2613 1297 2714 quod

184 2729 227 2804 de
246 2728 371 2804 vinculi
388 2728 576 2828 coniugalis
598 2728 754 2803 firmitate
768 2730 844 2829 ipse
855 2728 1023 2816 edixerat,
1043 2744 1145 2830 strnue
1162 2754 1298 2827 respon·

185 2844 362 2919 dentibus:
382 2846 424 2917 Si
437 2846 487 2918 t'to
511 2860 559 2918 cst
582 2870 684 2918 ceusu
710 2845 848 2918 Ιιοηιὶωζς
873 2870 947 2917 oum
968 2870 1089 2930 wore,
1113 2870 1178 2917 oon
1199 2870 1298 2943 eupa-

184 2956 236 3030 dit
258 2957 392 3044 natae,
421 2958 514 3034 illam
544 2958 669 3034 adiecit
693 2959 913 3034 sententiam:
932 2959 1008 3034 Non
1032 2986 1139 3033 omnes
1163 2962 1298 3059 cupiunt

183 3071 318 3146 uadum
339 3073 444 3160 istud,
472 3089 507 3149 et
529 3074 741 3150 occasionem
767 3075 910 3176 arripuit
933 3074 1192 3150 commendandi
1216 3101 1297 3150 con·

184 3202 371 3262 unentram.

255 3298 386 3374 Exinde
410 3316 502 3399 patet
526 3303 666 3403 quinam
692 3304 737 3377 sit
760 3328 862 3379 verus
892 3303 1063 3403 religionis
1089 3305 1296 3380 christianae

183 3415 324 3518 spiritus
350 3414 453 3489 relate
477 3415 521 3491 ad
546 3418 752 3516 coniugium.
774 3419 838 3493 Hic
862 3446 903 3494 eo
927 3420 1052 3508 tendit,
1072 3434 1110 3493 ut
1124 3418 1295 3494 naculum

184 3532 388 3607 matrimonii
414 3557 598 3633 numquam
623 3532 845 3622 dissoluatur,
867 3535 950 3636 quin
968 3535 1122 3609 etiamid
1144 3534 1296 3612 absolute

182 3663 281 3723 vetat.
303 3648 439 3724 lntorim
465 3648 636 3748 praesidia
660 3649 814 3750 praebet,
843 3675 930 3751 quas
946 3650 1095 3726 dolorem
1112 3649 1239 3725 leniant
1255 3677 1295 3725 ex

182 3763 270 3838 male
294 3766 399 3864 partis
425 3763 608 3864 coniugiis,
634 3793 701 3841 non
726 3766 835 3841 solum
859 3766 1125 3841 commendando
1144 3767 1295 3841 omnium

181 3876 357 3968 mnutum,
377 3878 561 3980 patientiae
585 3880 785 3980 praecipue,
811 3880 1022 3968 exercitium
1046 3881 1127 3955 item
1151 3881 1296 3955 toleran-

182 3990 263 4064 tiam
288 3992 492 4070 infirmitatis
517 4009 552 4069 et
575 3994 780 4083 defectuum,
810 3995 870 4096 qui
900 3994 1069 4070 humanae
1098 4011 1179 4070 sunt
1201 4009 1296 4069 natu-

140 4145 145 4153 ·
181 4129 240 4179 rae
267 4105 428 4205 ingeniti3
459 4110 522 4185 sed
551 4109 676 4186 auxilia
706 4109 975 4211 supernaturalia
1004 4110 1132 4207 gratiae
1156 4108 1201 4183 ad
1225 4111 1297 4184 vin·

182 4220 289 4296 conda
305 4223 537 4314 incommoda,
557 4253 646 4327 quae
662 4226 719 4301 uix
735 4241 795 4302 aut
811 4252 853 4299 ne
869 4227 925 4300 rix
942 4226 1079 4326 quidem
1096 4224 1188 4301 atali
1205 4242 1294 4302 statu

182 4337 330 4437 separari
343 4355 486 4438 possunt
498 4339 684 4440 pollicetur.
698 4341 911 4443 Quapropter
927 4341 1090 4418 naturalis
1106 4357 1294 4419 contractus

594 4480 596 4484 .
1171 4459 1193 4503 s
