3234 5084
346 428 415 500 522
490 451 551 500 ιιι.
572 449 620 500 ιιι.
641 448 749 500 sscrro
765 449 897 501 aureae.
912 449 951 501 na
969 449 1338 503 nunnamenster.

420 569 544 643 laverit
567 568 708 668 proinde
733 567 796 642 hos
821 584 930 644 textus
951 569 1090 657 afferre,
1117 587 1152 642 et
1176 569 1398 668 perlustrare,
1428 590 1466 648 ut

346 687 438 787 qaod
447 685 636 758 Alexander
648 686 760 787 reipsa
772 688 918 761 senserit
929 686 1139 784 colligemus.
1151 687 1258 787 Atque
1269 704 1306 760 ut
1317 715 1338 762 a
1351 689 1466 788 primo

346 802 581 889 exordiamur,
598 829 718 902 nempe
735 829 757 875 a
776 827 852 902 cap.
869 804 955 876 llll.
974 804 1021 876 ita
1041 828 1079 876 se
1100 801 1203 876 habet
1216 803 1392 877 Alexandri
1412 832 1465 879 re·

348 943 531 1018 sponsum:
563 917 803 992 «Consulnisti
828 945 912 1009 nos,
933 935 1044 993 utrum
1062 918 1149 991 inter
1164 918 1274 991 virum
1296 935 1330 993 et
1343 920 1465 995 malie-

347 1060 438 1121 rem,
466 1033 625 1134 praestito
648 1032 701 1107 vel
726 1060 793 1107 nou
814 1033 974 1133 praestito
999 1048 1226 1120 sacramento,
1247 1034 1277 1106 si
1296 1033 1465 1130 legitimus

347 1174 534 1223 consensus
558 1149 772 1223 intervenerit
795 1148 839 1222 de
862 1149 1057 1249 praesenti,
1085 1147 1214 1221 carnali
1244 1149 1367 1249 copula
1400 1176 1467 1224 non

347 1282 485 1354 secuta,
514 1266 613 1340 liceat
637 1265 768 1340 mulieri
793 1266 853 1339 alii
872 1265 1015 1339 nubere:
1038 1263 1091 1338 vel
1113 1264 1142 1337 si
1164 1265 1319 1364 nupserit
1335 1264 1414 1351 alii,
1436 1282 1471 1340 et

346 1381 492 1457 carnalis
517 1381 617 1455 luerit
637 1380 758 1482 copule
779 1399 912 1468 secute,
933 1408 977 1455 an
998 1380 1040 1454 ab
1063 1381 1139 1480 ipso
1157 1379 1280 1454 debeat
1300 1381 1464 1482 separari.

347 1500 455 1600 Super
477 1497 542 1572 hoe
565 1497 778 1598 inquisitioni
802 1513 879 1572 tuae
904 1496 1013 1572 taliter
1033 1497 1297 1597 respondemus:
1326 1496 1468 1597 quodsi

347 1614 516 1712 legitimus
541 1639 728 1688 consensus
753 1640 774 1686 s
799 1614 1031 1699 solemnitate,
1052 1639 1122 1714 qua
1146 1610 1220 1686 fieri
1246 1611 1352 1699 solet,
1374 1639 1470 1711 prae

348 1747 444 1805 sente
468 1729 662 1817 sacerdote,
689 1730 872 1803 autetiam
905 1730 981 1804 eius
1010 1730 1158 1816 acurio,
1192 1727 1280 1801 sicut
1304 1726 1406 1800 etiam
1433 1728 1467 1800 in

349 1846 554 1947 quibusdam
578 1845 661 1920 locis
681 1846 793 1920 adhuc
810 1846 1025 1934 observatur,
1046 1870 1159 1919 coram
1176 1843 1308 1918 idoneis
1325 1842 1469 1918 testibus

350 1963 550 2036 interveniat
578 1962 621 2036 de
652 1963 843 2062 praesenti,
880 1965 925 2035 ita
950 1962 1041 2062 quod
1066 1962 1155 2035 unns
1181 1959 1286 2033 alium
1311 1961 1346 2033 in
1371 1986 1468 2034 snam

350 2097 466 2153 mutuo
478 2105 646 2155 consensu
658 2078 771 2155 verbis
779 2079 948 2178 expressis
962 2077 1113 2177 recipiat,
1126 2077 1294 2176 utrimque
1306 2075 1461 2150 dicendo:

350 2195 421 2293 Epo
444 2210 472 2268 te
496 2197 616 2294 recipio
637 2196 672 2266 io
688 2221 812 2281 mom,
829 2210 858 2267 et
883 2221 939 2293 epo
958 2208 985 2266 te
1009 2196 1046 2266 io
1068 2220 1194 2265 mam:
1214 2193 1286 2266 sive
1311 2193 1356 2264 sit
1379 2192 1470 2264 iura·

350 2325 525 2397 mentum,
554 2308 627 2383 sive
648 2335 737 2397 non,
766 2334 833 2383 non
859 2308 937 2382 lioet
957 2306 1090 2381 mulieri
1115 2305 1174 2381 alii
1203 2305 1351 2380 nubere:
1382 2322 1416 2379 et
1440 2306 1470 2379 si

352 2426 522 2524 nupserit,
544 2440 577 2498 et
595 2424 694 2498 luerit
718 2423 864 2498 carnalis
890 2422 1012 2523 copula
1032 2422 1232 2509 subsecuta,
1252 2421 1297 2495 ab
1313 2448 1354 2495 ιο
1371 2447 1472 2522 sepa·

352 2541 418 2614 rari
444 2540 562 2631 debet,
591 2558 625 2615 et
649 2557 687 2616 ut
711 2540 755 2614 ad
778 2540 923 2641 primum
951 2539 1086 2627 redeat,
1109 2536 1339 2614 ecclesiastica
1356 2536 1473 2611 distri-

351 2657 462 2730 ctione
479 2655 654 2757 compelli:
681 2656 839 2756 quamvis
865 2654 922 2728 alii
950 2654 1046 2728 aliter
1071 2654 1235 2742 sentiant,
1255 2654 1352 2726 aliter
1371 2653 1473 2726 etiam

353 2799 372 2845 a
399 2772 605 2873 quibusdam
623 2771 941 2872 praedecessoribus
967 2769 1091 2846 nostris
1114 2770 1160 2844 sit
1179 2769 1362 2871 aliquando
1388 2767 1474 2842 iudi·

352 2908 463 2963 catum
486 2892 634 2986 (131).»
1066 2968 1068 2973 ⁴

427 3006 469 3079 Ut
493 3005 627 3077 interim
654 3005 710 3080 hic
736 3006 917 3095 sistamus,
943 3005 1085 3081 fidenter
1105 3031 1221 3079 assero
1243 3002 1329 3076 nihil
1354 3002 1419 3077 hoc
1437 3002 1472 3075 in

352 3136 509 3196 eonthu
527 3120 665 3222 reperiri
690 3122 781 3222 quod
807 3121 851 3195 ad
878 3148 948 3196 rem
973 3138 1122 3197 nostram
1144 3121 1317 3196 referatur.
1339 3119 1472 3193 Etenim

354 3240 388 3309 1.
419 3264 481 3311 nos
507 3237 639 3336 agimus
664 3236 703 3309 de
728 3237 827 3323 iore,
862 3262 923 3311 seu
948 3237 991 3310 de
1016 3262 1056 3311 eo
1081 3235 1172 3337 quod
1203 3261 1286 3309 rom.
1322 3233 1473 3308 Pontifex

353 3355 462 3455 possit
486 3369 545 3428 aut
568 3381 635 3429 non
663 3354 772 3453 possit
795 3355 885 3428 eirca
902 3354 1190 3454 dispensationem
1208 3354 1243 3428 in
1261 3354 1475 3430 matrimonio

354 3486 444 3558 rato;
474 3469 508 3541 in
535 3468 599 3552 hac
623 3485 733 3542 autem
759 3469 916 3544 decretali
945 3472 1056 3569 egitur
1085 3471 1124 3543 de
1149 3472 1253 3571 secto,
1283 3469 1476 3544 declarante

354 3584 515 3659 Pontifice
532 3584 567 3656 in
587 3611 688 3660 casus
705 3586 818 3685 specie
842 3586 884 3660 de
909 3613 977 3688 quo
1001 3587 1225 3685 interrogatus
1242 3588 1365 3673 luerat,
1389 3584 1476 3685 quid

354 3700 582 3788 censendum,
611 3717 646 3774 at
668 3701 760 3774 nulla
777 3702 904 3776 ratione
921 3703 956 3774 in
974 3704 1140 3802 satagitur
1158 3703 1200 3776 de
1217 3702 1319 3804 petita
1337 3702 1477 3801 dispen-

356 3816 511 3905 satione,
538 3841 646 3917 eaque
670 3816 885 3891 concedenda
915 3832 974 3891 aut
1002 3818 1212 3916 deneganda.
1246 3818 1280 3889 2.
1314 3814 1477 3903 Quaestio

355 3932 509 4007 Pontifici
531 3932 704 4034 proposita
720 3948 773 4007 est
790 3932 833 4006 de
850 3934 1064 4008 matrimonio
1081 3935 1116 4006 in
1132 3958 1273 4032 genere,
1293 3932 1368 4005 sive
1384 3930 1476 4004 istud

355 4048 456 4122 luerit
472 4064 742 4123 consummatum
767 4048 839 4123 sive
864 4076 943 4124 non.
965 4049 1027 4123 cui
1055 4050 1116 4123 rite
1134 4047 1306 4149 respondit
1323 4046 1476 4120 Pontifex

355 4190 397 4237 ex
414 4191 531 4239 norma
549 4165 714 4254 iuridica,
737 4164 801 4240 hoc
818 4166 1068 4241 matrimonium
1086 4193 1152 4240 non
1170 4191 1271 4267 posse
1289 4164 1360 4237 ullo
1376 4163 1476 4237 modo

356 4278 518 4369 dissolvi,
550 4281 682 4355 etiamsi
708 4280 829 4355 mulier
854 4299 932 4384 post
956 4282 1076 4357 initum
1101 4282 1214 4358 verbis
1239 4281 1282 4357 de
1308 4279 1475 4382 praesenti

431 4432 497 4495 (tat)
512 4434 579 4484 Acta
597 4434 690 4486 cenot.
705 4434 780 4486 Herd.
793 4437 853 4487 tom.
865 4437 909 4487 vt.
925 4449 977 4501 per.
993 4437 1025 4488 tr.
1038 4435 1086 4488 cot.
1101 4439 1168 4487 rtet.
