3234 5084
311 454 380 506 err.
402 452 450 505 ιιι.
462 453 503 504 nu
519 451 616 506 seusu
629 451 721 506 mnu.
737 450 820 505 cruc.
837 450 950 506 morso.
967 452 1145 505 mmmm.
1162 453 1185 505 ι.
1241 432 1311 505 ste

272 570 377 645 Multo
393 596 472 646 vero
488 572 601 645 minus
619 569 804 646 adversarii
823 598 853 645 s.
875 571 923 646 lo.
941 569 1221 670 chrysostomum
1247 572 1317 648 sibi

201 689 312 764 favere
336 686 493 761 arbitrari
519 701 673 788 possunt,
689 687 781 787 quod
805 688 842 760 in
867 687 925 762 cit.
948 714 1048 762 serm.
1070 689 1119 760 De
1137 688 1246 761 libello
1270 714 1319 760 re·

197 802 298 904 podii
319 802 512 902 scripserit:
539 804 655 876 «Nam
680 802 711 876 si
736 803 767 876 is
792 803 852 903 qui
877 803 999 878 mortui
1021 802 1188 900 coniugis,
1217 804 1317 877 euius

201 945 338 995 uxorem
378 919 523 1018 aceepit,
561 919 742 1017 imaginem
781 918 1029 994 recumbentem
1068 918 1213 1007 viderit,
1242 918 1319 993 affi-

200 1036 288 1110 citur
311 1034 427 1135 uliquo
458 1034 572 1122 modo,
602 1051 634 1108 et
659 1034 806 1132 graviter
831 1034 912 1121 sert;
933 1061 974 1108 ae
998 1035 1027 1107 si
1052 1034 1219 1109 nvenwm
1245 1061 1319 1108 ma-

203 1151 305 1225 ritum
322 1150 435 1223 videat
456 1150 532 1224 eius
557 1149 735 1249 quaesibi
760 1148 934 1224 cohabitat
959 1152 1081 1246 (138),
1110 1149 1245 1249 qualem
1270 1150 1319 1223 vi·
1413 1233 1419 1244 ,

203 1281 273 1339 tnm
294 1264 392 1363 aget?
410 1265 484 1352 Quo
513 1285 612 1365 pacto
646 1265 853 1362 ingredietur
882 1264 1042 1340 domum?
1072 1265 1146 1352 Quo
1176 1265 1316 1353 auimo,

203 1379 330 1480 quibus
352 1380 459 1454 oculis
475 1380 604 1456 videbit
626 1380 719 1454 illius
744 1406 882 1456 uxorem
902 1378 1024 1454 suam?
1047 1381 1117 1454 lme
1139 1407 1250 1481 neque
1277 1380 1319 1453 il-

204 1494 285 1584 lius,
301 1521 411 1595 neque
435 1522 531 1570 snam
550 1498 638 1572 iuste
655 1496 733 1597 quis
753 1496 853 1569 talem
872 1495 1034 1596 appellet:
1063 1495 1215 1570 udulaeru
1233 1497 1320 1570 carita

203 1611 328 1683 nullius
352 1625 399 1684 est
421 1637 508 1684 uror
535 1615 673 1707 (1111).»
689 1611 739 1683 Ex
756 1612 880 1711 quibus
901 1612 1080 1711 postremis
1101 1611 1213 1684 verbis
1238 1635 1319 1685 con·

204 1724 342 1799 eludant
366 1727 460 1801 iuxta
480 1754 510 1801 s.
528 1729 717 1816 Ductorem,
741 1754 835 1801 reum
865 1726 1001 1827 quidem
1022 1726 1117 1800 illum
1141 1727 1213 1800 fieri
1231 1785 1240 1814 ‚
1258 1726 1317 1827 qui

203 1866 339 1914 uxorem
358 1858 490 1940 praeter
507 1867 645 1915 eausam
663 1840 894 1915 [ominationis
912 1840 1095 1928 dimiserit;
1111 1857 1227 1915 eontra
1239 1868 1319 1917 vero

203 1954 233 2028 si
259 1956 323 2030 bac
339 1956 383 2030 de
398 1982 503 2031 causa
524 1983 598 2031 eam
611 1954 851 2056 repudiaverit,
874 1955 1057 2029 immunem
1081 1981 1159 2031 esse
1178 1982 1317 2058 prorsus

202 2072 392 2159 acriminc,
413 2071 477 2145 etsi
494 2071 596 2145 aliam
613 2071 756 2160 duxerit,
779 2072 862 2171 quia
878 2071 913 2144 id
931 2071 1096 2147 Dominus
1119 2071 1189 2145 fieri
1214 2097 1315 2171 posse

203 2183 268 2261 boc
293 2187 329 2259 in
354 2212 438 2262 essu
462 2187 580 2262 edixit.
609 2188 729 2262 Verum
760 2188 795 2261 si
816 2186 1046 2286 expendamus
1072 2185 1235 2261 orationis
1266 2212 1318 2260 sa-

203 2301 310 2390 riem‚
348 2301 475 2402 patebit
508 2302 584 2376 ideo
618 2329 648 2376 s.
687 2304 846 2377 loannem
881 2301 1111 2402 chrysostom.
1143 2300 1318 2376 mulierem

205 2416 391 2491 adulteram
417 2417 543 2493 nullius
562 2444 698 2492 uxorem
723 2417 865 2504 dixisse,
886 2417 977 2516 quod
1004 2441 1065 2490 nec
1089 2416 1211 2517 prioris
1241 2442 1319 2517 pro·

152 2620 159 2628 ³
204 2532 278 2632 pris
303 2533 348 2607 sit
371 2560 474 2622 uxor,
503 2535 562 2635 qui
588 2560 662 2608 eam
696 2533 849 2621 dimisit,
879 2559 940 2607 nec
970 2532 1125 2620 alterius,
1146 2533 1205 2633 qni
1242 2548 1320 2633 post

203 2647 297 2723 illam
322 2649 556 2725 dimissionem
574 2648 729 2724 adulterii
749 2675 867 2737 eausa,
892 2649 1045 2723 eamdem
1069 2648 1215 2722 duxerit.
1244 2649 1318 2722 Non

203 2764 344 2864 prioris,
371 2765 453 2865 quia
477 2792 552 2840 eam
577 2792 599 2839 a
623 2791 662 2839 ss
686 2765 830 2867 repulit,
851 2791 960 2865 neque
984 2763 1130 2864 amplius
1156 2763 1205 2837 uti
1235 2788 1319 2836 uxo-

205 2904 275 2951 rem
300 2881 475 2977 agnoscit,
507 2901 666 2956 anteum
690 2907 731 2955 ea
759 2880 955 2955 cohabitare
980 2880 1148 2966 sustinet3
1177 2905 1245 2951 non
1267 2877 1316 2952 al·

205 2994 329 3082 terius,
354 2998 436 3095 quin
462 2997 555 3071 iuxta
578 2997 795 3072 christianam
821 2997 943 3097 legem,
965 2996 1026 3097 qui
1047 2995 1242 3083 dimissam,
1269 2994 1316 3068 vi·

203 3126 304 3185 vente
329 3110 441 3186 adbuc
463 3112 676 3202 dimittente,
704 3113 859 3202 duxerit,
893 3111 1103 3188 moechatur.
1131 3111 1241 3211 Atque
1265 3110 1313 3184 ita

204 3225 263 3316 fit,
287 3244 325 3303 ut
357 3227 508 3303 neutrius
533 3229 578 3303 sit
601 3255 705 3318 uxor,
727 3255 794 3304 non
818 3230 921 3304 unius
946 3227 985 3302 de
1014 3228 1113 3328 sueto,
1139 3253 1206 3302 non
1233 3225 1317 3300 alte·

203 3342 273 3417 rius
293 3342 334 3417 dc
359 3341 442 3417 iure.
920 3364 922 3368 '

276 3457 366 3545 Quin
387 3458 500 3559 potius
519 3485 560 3534 er
585 3459 640 3533 bis
657 3459 769 3534 verbis
795 3485 920 3534 novum
938 3459 1068 3556 exurgit
1084 3471 1318 3554 argumentum

202 3598 264 3673 pro
280 3575 427 3672 genuina
447 3602 478 3650 s.
510 3574 742 3675 Chrysostomi
767 3574 934 3649 sententia
963 3574 1006 3647 de
1031 3571 1186 3647 absoluta
1209 3569 1318 3643 indis-

202 3688 407 3764 solubilitate
430 3690 580 3789 coniugii
605 3691 706 3764 etiam
724 3691 759 3763 in
776 3717 859 3765 casu
885 3689 1053 3764 adulterii.
1082 3687 1117 3761 Si
1134 3687 1225 3761 enim
1242 3686 1317 3786 ipse

202 3803 383 3879 arbitratus
408 3822 499 3882 esset
531 3823 666 3908 propter
699 3806 899 3881 adulterium
936 3804 1108 3880 vinculum
1142 3800 1318 3899 coniugale

273 4100 339 4164 (tte)
357 4099 542 4154 enormiorem
564 4102 639 4155 buius
649 4103 698 4154 loct
715 4101 911 4166 intelligentium,
923 4098 1167 4152 animadvertendum
1181 4099 1228 4162 est,
1249 4097 1317 4161 quod

203 4191 233 4230 en
252 4194 317 4244 quse
336 4180 377 4232 hic
398 4181 460 4233 dlett
472 4197 493 4234 s.
503 4186 540 4234 lo.
552 4185 740 4248 summumne
755 4182 786 4235 de
801 4183 911 4234 defuncti
923 4183 971 4234 riri
991 4182 1114 4245 imagine,
1129 4179 1204 4230 alluta
1216 4179 1266 4230 sint
1284 4179 1316 4230 si·

203 4258 353 4313 militudinis
375 4265 467 4327 grotin3
482 4266 511 4315 ut
533 4265 607 4315 enimi
623 4278 694 4315 sensa
710 4265 832 4329 exprimat
851 4264 926 4325 itlius,
937 4262 981 4327 qui
1003 4261 1093 4313 viderit
1111 4259 1239 4312 mulierem
1258 4272 1315 4309 use

202 4339 329 4391 diuinum
343 4341 376 4392 cb
396 4343 561 4407 adulterium,
581 4346 607 4394 iu
631 4344 731 4395 ulterius
750 4345 896 4408 potestatem
910 4342 1013 4394 renum.

271 4421 338 4485 (tut)
351 4424 410 4475 boc.
420 4422 464 4474 cit.
475 4436 505 4475 ex
516 4426 577 4476 torn.
594 4426 638 4476 111.
650 4438 675 4477 n.
688 4432 710 4478 t.
722 4437 777 4490 pug-
789 4428 844 4477 207.
