3234 5084
307 481 374 531 err.
392 479 426 530 ιι.
444 482 483 531 nr
496 481 608 532 rnnrss.
625 482 721 533 ιιιιι.
737 484 769 533 ιιι
782 484 872 534 erus.
888 484 999 535 inune.
1017 487 1086 536 ιιι.
1103 487 1150 537 ιιι.
1222 467 1291 539 237

181 597 246 669 rint
270 614 348 670 ante
367 597 558 670 absolutum
576 599 754 672 concilium
777 601 1014 688 tridentinum,
1031 629 1072 676 ac
1089 629 1151 676 sua
1168 606 1294 705 scripta

179 712 383 785 subiecerint
408 711 571 785 ecelesiae
604 712 750 798 iudicio,
771 715 872 787 venia
896 716 991 813 digni
1022 717 1136 817 aliqua
1161 720 1292 791 suntin

179 826 242 899 hae
267 826 391 900 tuenda
415 826 578 899 doctrina.
603 827 664 899 Ast
690 854 757 901 non
787 830 835 901 ita
859 828 1038 903 dicendum
1066 849 1119 905 est
1148 831 1191 905 de
1217 833 1284 920 iis,

178 942 235 1040 qui
255 943 433 1040 postremis
451 942 546 1014 hisee
569 942 775 1042 temporibus
792 945 925 1017 connisi
944 963 1023 1019 sunt
1039 947 1191 1020 eamdem
1204 950 1289 1021 tueri
1346 1039 1348 1043 ἢ

179 1058 395 1143 sententiam,
416 1072 492 1155 pest
516 1058 643 1130 editum
663 1084 827 1131 canonem
845 1058 914 1131 Vll.
944 1086 1030 1134 sess.
1059 1063 1170 1134 xxiv.
1192 1062 1292 1136 istius

177 1170 329 1257 concilii,
349 1172 476 1270 quique
492 1171 627 1245 eludere
653 1187 845 1270 sategerunt
866 1192 1117 1272 argumentum,
1141 1177 1233 1276 quod
1250 1205 1291 1251 err

178 1285 234 1358 bis
246 1285 396 1386 Apostoli
410 1286 555 1360 textibus
569 1287 713 1360 habetur
724 1288 768 1361 ad
782 1289 1009 1362 omnimodam
1023 1291 1291 1366 constituendam

178 1400 324 1496 coniugii
341 1415 604 1500 perpetuamque
624 1400 976 1490 indissolubilitatem,
997 1404 1186 1477 cuiusmodi
1212 1424 1292 1480 sunt

177 1514 252 1586 l.A.
262 1516 369 1588 Braun
381 1517 597 1613 moguntinus
613 1518 726 1613 (129);
737 1516 906 1590 Eusebius
918 1518 1032 1591 Amort
1043 1519 1290 1614 (tammonis

178 1656 256 1703 rere
267 1629 343 1702 Ant.
361 1630 494 1704 Frenzel
512 1634 609 1727 (131)
626 1660 634 1718 ;
651 1633 698 1704 lo.
721 1633 788 1704 los.
800 1633 879 1704 Batz
896 1634 1008 1728 (132).
1029 1633 1094 1707 Sed
1108 1659 1217 1733 neque
1234 1635 1289 1708 isti

179 1745 254 1819 neri
285 1746 463 1845 quidpiam
490 1747 680 1845 proferunt,
713 1747 793 1819 durn
815 1764 847 1820 et
871 1747 906 1818 in
930 1748 987 1821 his
1011 1748 1155 1822 textibus
1180 1750 1290 1849 pauli·

177 1860 231 1932 nis
255 1860 459 1933 contendunt
480 1860 795 1958 subintelligendam
823 1861 1010 1937 clausulam
1027 1865 1288 1963 exceptionalem

177 1974 220 2046 de
239 1976 473 2072 fornicatione,
491 1990 592 2073 atque
609 1975 704 2047 aiunt
724 1975 919 2076 Apostolum
947 2004 1013 2050 non
1039 1977 1082 2050 de
1102 1996 1284 2077 praecepte,

180 2089 239 2162 sed
265 2090 308 2161 de
332 2091 465 2161 coneilio
490 2090 597 2190 accipi
615 2089 755 2178 debere,
775 2091 857 2163 dum
875 2092 992 2165 scribit
1008 2119 1144 2166 urrerem
1160 2121 1289 2168 marm

177 2208 363 2303 innuptum,
385 2220 443 2277 eut
467 2231 533 2277 nen
559 2204 726 2278 disserere
753 2205 795 2277 de
820 2204 972 2285 absoluta
1001 2224 1034 2280 et
1058 2225 1218 2308 perpetua
1239 2211 1287 2282 in-

176 2317 453 2404 dissolubilitate3
474 2336 532 2391 aut
551 2318 697 2417 denique
714 2336 858 2393 mentem
875 2319 1024 2419 Apostoli
1050 2346 1146 2409 esse,
1176 2325 1286 2397 cerin-

176 2435 264 2510 thios
286 2435 405 2509 decere
430 2433 601 2508 vinculum
623 2435 800 2533 coniugale
824 2463 901 2510 eum
927 2456 1032 2511 morte
1056 2464 1205 2525 cessare;
1227 2466 1286 2514 seu

175 2575 215 2623 err
239 2552 407 2624 communi
432 2552 548 2648 requlc
571 2576 648 2624 esse
681 2550 932 2639 indissolubile,
958 2579 978 2625 a
1005 2579 1072 2652 qua
1097 2569 1208 2626 tamen
1233 2582 1287 2627 ex-

181 2667 288 2765 ceptio
313 2664 423 2739 locum
445 2665 584 2752 hebeat;
612 2694 666 2740 rr.
695 2682 806 2740 autem
838 2669 895 2738 39.
920 2669 976 2738 tt.
1006 2694 1074 2741 non
1100 2670 1235 2767 proprie
1251 2686 1286 2742 et

180 2805 336 2878 expresse
359 2780 556 2879 Apostolum
579 2781 670 2881 loqui
693 2782 736 2855 de
764 2782 837 2853 iure
861 2781 1013 2868 divortii,
1041 2808 1156 2855 verum
1178 2811 1217 2858 eo
1235 2811 1286 2858 so-

177 2893 246 2965 lum
272 2896 451 2994 respicere,
472 2922 552 2969 num
578 2897 700 2970 melius
719 2897 763 2971 sit
784 2897 922 2982 nubere,
939 2924 981 2970 en
1000 2898 1188 2976 sineuxore
1209 2927 1285 2998 per-

176 3035 321 3083 manere.
901 3022 903 3025 ’

246 3125 318 3198 Ηιι
342 3152 442 3225 perro
458 3129 684 3226 expositiones
705 3156 806 3229 quam
834 3144 1003 3204 contortae
1028 3148 1130 3231 atque
1160 3132 1283 3206 violen-

177 3256 229 3313 tae
255 3241 339 3328 sint,
361 3241 458 3314 facile
483 3241 527 3315 ab
551 3269 755 3344 unoquoque
779 3247 937 3343 cognosci
965 3247 1103 3344 poterit,
1125 3248 1207 3345 quin
1225 3274 1284 3321 ees

176 3466 237 3517 quas
257 3454 390 3506 cardinalis
410 3457 435 3504 in
452 3457 504 3507 suis
525 3458 705 3507 commentariis
727 3458 752 3507 in
772 3457 856 3508 tien.
868 3462 897 3509 T.
909 3458 1010 3521 illapsus
1023 3460 1068 3521 est,
1090 3459 1115 3508 in
1136 3457 1283 3508 hortamen

175 3537 293 3585 sententia
304 3535 335 3586 de
354 3536 477 3587 solutione
498 3537 590 3587 vinculi
609 3538 744 3601 coniugalis
766 3540 863 3602 propter
877 3537 1034 3600 adulterium,
1045 3537 1125 3588 eidem
1143 3538 1282 3598 assentitur,

174 3628 277 3678 eamque
298 3616 357 3666 dum
373 3616 495 3680 defendit,
516 3617 603 3668 iisdem
620 3617 694 3681 piane
706 3619 856 3680 argumentis
871 3618 956 3680 utitur,
969 3618 1059 3681 quibus
1076 3618 1123 3667 bae
1142 3617 1167 3667 in
1187 3630 1283 3667 reuera

176 3694 255 3745 iuerat
275 3699 399 3759 Erasmus,
414 3700 442 3747 ut
454 3711 483 3747 err
501 3711 585 3748 eorum
600 3699 731 3748 collatione
754 3699 854 3761 pienum
872 3698 907 3747 tit.

249 3778 314 3839 (ιιι)
330 3779 358 3826 ia
370 3780 478 3828 Dissert.
487 3791 634 3842 superruo.
650 3778 781 3828 VILtrr'rt.
795 3779 1177 3828 sess.xxiv.1)ernrtrtnronte.
1189 3778 1283 3827 utrem

174 3860 337 3907 manmena
352 3858 490 3909 elamitem
506 3861 532 3908 et
546 3862 574 3909 tn
591 3872 656 3909 casu
672 3857 801 3909 adstiterit
821 3858 932 3909 atterius
947 3862 1087 3920 contererem
1101 3861 1160 3909 ture
1174 3857 1281 3919 diuino,

174 3950 210 3988 aa
224 3938 310 3989 retum
319 3939 558 3990 turrecrlcrtastico
568 3939 710 3990 tractabile
720 3941 764 3989 rit.
778 3943 845 3989 1787.
858 3951 887 3988 ec
897 3952 982 3989 recusa
989 3937 1148 3989 Dusseidortii
1165 3943 1222 3989 uA.
1234 3941 1281 3988 ies.

174 4018 290 4068 Binterim
309 4023 377 4069 1847.
388 4020 431 4082 qui
448 4033 504 4070 eum
526 4021 622 4070 refellit.

246 4100 311 4159 (tet)
326 4102 520 4151 Demonstruttc
537 4104 631 4151 critica
652 4101 786 4165 reltptonir
796 4100 1043 4152 catholicaei'euet.
1056 4102 1123 4149 174⁴.
1134 4098 1247 4163 lolpart
1259 4103 1280 4150 Ι.

175 4192 200 4241 q.
217 4185 252 4229 ¹5·
263 4192 318 4242 1³⁸8·
330 4184 360 4230 7⁹
371 4193 443 4243 seqq.

246 4258 313 4320 titt)
328 4261 397 4309 Dite
410 4260 481 4309 Num
502 4259 766 4323 doemaeottolteum
785 4260 992 4311 sitmutrimoait
1002 4257 1142 4309 vincutum
1154 4259 1224 4310 teter
1242 4260 1280 4307 vi·

176 4349 219 4387 ees
238 4341 360 4401 conitmer
370 4339 447 4389 nette
460 4343 488 4389 in
500 4354 564 4390 caru
580 4339 736 4403 sotetpossit
748 4344 769 4389 r.
782 4339 868 4391 edidit.
880 4342 909 4389 D.
921 4342 1024 4390 Derezar
1034 4338 1196 4389 Uretisiariea
1205 4346 1273 4389 reta.

246 4419 312 4479 (itt)
328 4422 374 4480 Op.
394 4420 418 4468 et
440 4419 485 4468 tec.
506 4419 548 4469 cit.
