3234 5084
344 440 413 490 aar.
426 440 450 488 ι.
464 439 503 487 na
521 439 695 489 retrusum
714 439 1004 489 enutrirentur.
1023 441 1066 490 rr.
1216 420 1259 487 53

161 554 250 654 prior
267 582 288 628 a
305 554 442 627 Christo
460 555 601 629 Domino
627 553 799 653 repudiata
824 573 887 629 est.
904 556 1000 641 Quod
1018 572 1055 629 ut
1070 558 1263 631 evincamus

159 668 349 743 doctrinam
369 668 622 753 exhibebimus,
644 669 781 766 quaein
801 669 908 742 sacris
926 670 1003 742 nori
1021 670 1163 743 foederis
1181 672 1265 744 litte·

162 784 207 856 ris
225 783 432 869 continetur3
451 783 683 857 exhibebimus
701 801 908 857 constantem
920 784 1082 859 ecclesiae
1104 812 1260 872 sensum,

161 923 200 971 ac
225 897 362 971 demum
387 898 538 971 eiusdem
562 914 758 997 perpetuam
781 899 923 997 praxim,
951 926 1038 998 qnae
1063 901 1161 973 nobis
1190 927 1265 997 gerb

161 1036 295 1083 menam
320 1012 510 1085 divinorum
539 1011 747 1085 oraculorum
776 1012 1027 1107 intelligentiam
1059 1015 1261 1112 suppeditet.

233 1126 335 1197 Porro
360 1123 440 1196 lieet
462 1123 616 1199 Christus
639 1125 801 1199 Dominus
825 1124 952 1197 directe
976 1126 1091 1199 hlatth.
1112 1129 1198 1199 Xlll.
1227 1132 1260 1200 3.

163 1263 258 1335 seqq.
280 1236 608 1311 indissolubilitatem
625 1238 750 1312 vinculi
769 1239 956 1335 coniugalis
973 1256 1097 1314 statuat
1107 1269 1168 1340 per
1185 1244 1266 1317 aho-

164 1352 310 1425 litionem
336 1350 441 1423 libelli
467 1354 618 1450 repudii,
646 1370 789 1426 attamen
816 1354 929 1450 negari
961 1356 1077 1453 nequit
1105 1359 1263 1433 unitatem

163 1469 263 1541 etiem
286 1468 491 1542 matrimonii
508 1470 680 1554 statuisse,
701 1486 866 1569 quotenus
884 1472 1077 1568 coniugium
1100 1478 1264 1548 revocavit

166 1581 207 1655 ad
221 1583 424 1680 primaevam
437 1590 533 1657 suem
547 1585 785 1669 obeditionem,
800 1584 930 1658 scilicet
946 1585 988 1658 ad
1007 1591 1267 1685 monogamiam,

163 1722 251 1795 quae
276 1697 363 1770 inter
384 1714 637 1795 protoparentes
663 1698 725 1770 tuit
741 1698 931 1772 constituta.
947 1699 1053 1773 Verba
1069 1699 1194 1775 Christi
1216 1706 1266 1776 sic

165 1837 203 1883 se
218 1810 361 1883 hahent:
378 1813 471 1884 «Non
489 1811 636 1909 legistis,
657 1813 738 1910 quia
749 1812 809 1911 qui
822 1813 900 1885 lecit
912 1813 1081 1891 hominem
1093 1815 1137 1887 ab
1151 1816 1262 1901 initio,

164 1925 354 1999 masculum
376 1942 410 1998 ct
434 1925 612 1998 foeminam
646 1926 723 1999 lecit
753 1925 837 1999 eos?
858 1944 891 1999 ct
921 1927 1020 2000 dixit:
1043 1931 1179 2028 Propter
1204 1932 1268 2005 hoe

164 2040 307 2114 dimittet
324 2041 424 2115 homo
442 2056 571 2139 patrem
581 2058 618 2113 et
633 2058 788 2128 mamam,
804 2059 838 2114 et
849 2042 1043 2117 adhaerebit
1059 2046 1152 2119 uxori
1170 2072 1264 2132 suae,

163 2173 197 2228 et
220 2173 319 2229 erunt
341 2156 410 2230 duo
426 2158 463 2227 in
479 2182 579 2230 earne
595 2184 675 2229 una.
697 2157 897 2256 Itaqueiam
916 2184 982 2231 non
1000 2176 1079 2233 sunt
1094 2160 1182 2247 duo,
1207 2163 1266 2235 sed

165 2299 231 2343 una
255 2297 344 2345 caro.
375 2272 472 2356 Quod
496 2294 575 2368 ergo
591 2273 683 2345 Dens
697 2272 890 2358 coniunxit,
912 2273 1012 2347 homo
1035 2300 1099 2349 nou
1119 2295 1263 2374 separet.

164 2387 286 2460 llicnnt
309 2386 358 2459 illi
380 2388 614 2486 (pharisaei):
636 2388 725 2473 Quid
742 2414 822 2484 ergo
840 2390 971 2488 Moyses
993 2393 1164 2464 mandarit
1186 2393 1266 2465 dare

165 2505 311 2578 libellum
338 2508 468 2605 repudii
491 2525 526 2581 et
550 2507 743 2581 dimittere?
759 2508 814 2579 Ait
837 2507 924 2591 illis;
945 2508 1104 2607 quoniam
1136 2512 1268 2608 Moyses

165 2622 207 2694 ad
232 2623 390 2696 duritiam
416 2625 528 2697 cordis
551 2625 652 2698 vestri
679 2624 831 2724 permisit
854 2618 950 2695 vohis
967 2623 1132 2695 dimittere
1149 2652 1267 2698 uxores

165 2752 311 2810 uestras:
341 2737 385 2811 ab
411 2738 505 2813 initio
530 2755 638 2811 autem
665 2764 731 2811 non
757 2739 820 2809 tuit
837 2738 897 2810 sic.
919 2737 1001 2810 Dico
1018 2754 1127 2808 autem
1148 2739 1264 2823 vobis,

165 2850 244 2947 quia
268 2850 472 2950 quicumque
496 2853 661 2924 dimiserit
684 2876 818 2925 uxorem
851 2876 965 2935 suam,
994 2852 1058 2923 nisi
1092 2851 1136 2924 oh
1165 2852 1268 2924 lomi-

164 2964 349 3047 eationem,
368 2982 403 3038 et
418 2966 519 3041 aliam
546 2967 694 3051 duxerit,
718 2966 928 3051 moechatur,
952 2982 986 3038 et
1009 2967 1066 3064 qui
1093 2966 1266 3041 dimissam

164 3077 315 3163 duxerit,
343 3080 572 3153 moechatur.»

237 3192 328 3276 Quid
354 3193 419 3265 sibi
443 3194 524 3267 velit
547 3213 580 3271 et
603 3220 671 3296 quo
692 3213 824 3293 spectet
850 3196 906 3268 illa
931 3198 1082 3295 exceptio
1108 3197 1150 3269 de
1168 3200 1269 3271 lomi-

165 3306 298 3377 catione
329 3331 391 3379 suo
422 3306 493 3379 loco
523 3310 760 3407 expendemus.
783 3311 917 3382 Interim
951 3336 990 3382 ex
1025 3326 1092 3382 tote
1116 3329 1269 3384 contextu

167 3433 258 3515 patet
275 3418 445 3494 Christum
461 3422 724 3521 adprimaevam
751 3425 991 3498 institutionem
1009 3424 1198 3520 coniugium
1218 3452 1269 3498 re-

167 3558 321 3617 vocasse,
343 3534 388 3605 ·in
417 3558 485 3630 qua
515 3537 648 3610 nonnisi
680 3565 767 3610 unus
798 3541 856 3612 uni
890 3540 1087 3615 coniunctus
1117 3540 1201 3623 luit,
1237 3555 1270 3611 et

168 3662 337 3743 praeterea
353 3672 415 3747 per
432 3652 615 3747 posteriora
627 3652 729 3724 rerba
743 3654 974 3739 construisse,
991 3671 1028 3728 ut
1044 3653 1269 3754 primordialis

168 3900 206 3947 ac
230 3876 265 3946 in
292 3876 367 3973 lege
389 3881 537 3951 mosaica
559 3879 741 3965 acciderat,
772 3881 916 3978 perfecte
941 3901 1141 3970 servaretur,
1171 3883 1218 3956 ita
1234 3899 1271 3953 ut

168 3987 259 4062 nullo
276 4016 434 4089 umquam
453 3993 488 4063 in
506 4018 606 4078 casu,
627 4020 670 4066 ne
687 3994 915 4069 fornicationis
934 3997 1088 4094 quidem,
1108 3998 1160 4070 las
1182 4011 1271 4069 esset

167 4103 238 4174 tiro
247 4105 334 4177 duas
346 4121 404 4177 aut
416 4106 529 4205 plures
543 4133 664 4180 uxores
677 4108 813 4194 habere,
826 4109 896 4181 sive
909 4110 1050 4182 dimissa
1063 4111 1134 4184 sive
1146 4126 1271 4183 retenta

167 4216 316 4317 adultera
340 4246 463 4311 uxore,
486 4220 635 4321 adeoque
653 4224 856 4322 quicumque
875 4223 908 4294 id
928 4240 1100 4296 attentaret
1122 4252 1158 4296 se
1179 4249 1268 4295 reum

166 4330 323 4404 adulterii
348 4335 574 4407 constitueret.
