3234 5084
331 402 374 469 51
498 426 557 473 ur.
579 425 626 474 ιιι.
648 425 732 475 secr.
754 425 777 474 ι.
799 426 838 474 ns
857 427 950 476 sira.
970 425 1092 475 cuarsr.
1113 422 1256 478 11111111.

402 541 498 626 Quod
523 541 659 639 quidem
685 541 809 615 clarius
836 543 949 615 adhuc
973 569 1013 615 ex
1037 542 1120 616 locis
1139 544 1308 642 parallelis
1330 544 1431 619 Marci

329 674 362 728 ct
379 658 486 729 lucae
497 655 716 753 dignoscitur.
734 659 816 729 Nam
832 657 922 730 nulla
934 658 1063 732 adiecta
1075 659 1265 733 conditione
1276 659 1431 733 Christus

330 771 430 842 Marc.
446 771 485 841 X.
505 773 562 841 11.
584 771 735 844 absolute
761 772 977 868 pronunciat:
1001 771 1242 871 «Quicumque
1266 771 1432 846 dimiserit

329 910 462 956 uxorem
476 911 570 957 suam
584 943 592 971 ,
607 903 640 957 et
652 884 751 958 aliam
764 885 910 970 duxerit,
926 885 1127 958 adulterium
1141 887 1318 960 committit
1330 912 1434 984 super

329 1025 442 1083 eam,»
458 999 493 1070 id
519 1015 570 1071 est
595 1016 704 1072 contro
728 1026 798 1071 eam
818 1002 938 1093 (130);
960 1016 993 1073 et
1016 1002 1106 1099 apud
1128 1001 1427 1074 LucamXVl.13.

332 1111 473 1184 «Omnis
498 1111 556 1209 qui
582 1112 718 1185 dimittit
741 1138 875 1185 uxorem
903 1138 998 1185 suam
1015 1129 1048 1187 et
1064 1114 1201 1186 alteram
1218 1111 1327 1200 ducit,
1347 1140 1433 1187 moe·

328 1225 466 1312 chatur,
488 1241 520 1298 et
537 1226 595 1325 qui
616 1226 790 1299 dimissam
811 1227 920 1300 aviro
937 1226 1047 1314 ducit,
1067 1228 1341 1301 moechatur.»Si
1360 1252 1434 1326 pro·

331 1339 408 1412 inde
432 1339 559 1440 absque
593 1339 724 1439 piaculo
749 1367 960 1440 quocumque
986 1342 1021 1413 in
1047 1367 1130 1415 casu
1155 1342 1322 1416 nonlicet
1350 1343 1434 1415 alte-

330 1482 401 1527 ram
426 1455 549 1527 ducere
575 1481 728 1541 uxorem,
751 1455 897 1553 prolecto
914 1457 1124 1553 monogamia
1145 1457 1191 1530 ita
1213 1456 1341 1530 sancita
1361 1473 1430 1542 est,

328 1585 364 1640 ut
391 1568 581 1667 polygamia
612 1569 648 1640 in
674 1568 746 1665 lege
772 1569 955 1643 christiana
984 1571 1122 1644 omnino
1153 1570 1286 1644 sublata
1314 1571 1430 1645 haberi

328 1673 470 1755 debeat?
1208 1731 1213 1745 ·

400 1797 524 1869 Christi
555 1813 725 1895 praeterea
753 1797 950 1870 sententiam
976 1796 1154 1897 Apostolus
1180 1814 1249 1871 tum
1267 1800 1302 1870 in
1319 1797 1427 1897 Epist.

328 1912 370 1983 ad
396 1911 488 1985 Rom.
517 1928 587 1983 tum
613 1911 647 1981 in
673 1911 778 2009 Epist.
802 1913 828 1983 1.
850 1912 892 1984 ad
917 1911 993 1986 Cor.
1016 1912 1113 1986 nobis
1145 1911 1318 1999 declarat,
1349 1913 1430 1984 dum

328 2025 418 2099 omni
437 2025 629 2122 exceptione
647 2041 772 2098 remota
784 2025 913 2098 infinite
925 2027 1142 2125 pronunciat:
1159 2027 1285 2122 «Igitur
1299 2027 1432 2100 visente

331 2140 421 2226 viro,
442 2138 614 2211 vocabitur
631 2138 797 2227 adultera,
820 2140 848 2213 si
867 2139 965 2213 luerit
981 2166 1057 2213 cum
1075 2140 1143 2214 alio
1160 2140 1248 2227 viro;
1269 2140 1299 2213 si
1321 2156 1430 2214 autem

329 2269 478 2329 mortuus
505 2254 604 2327 luerit
628 2254 680 2326 vir
705 2254 798 2340 eius,
827 2254 966 2329 liberata
990 2272 1042 2329 est
1067 2281 1088 2328 a
1116 2255 1189 2352 lege
1204 2256 1289 2341 riri,
1311 2272 1349 2329 at
1365 2281 1430 2328 nou

329 2369 371 2438 sit
395 2368 560 2453 adultera,
582 2369 611 2441 si
638 2368 737 2441 luerit
752 2395 829 2441 cum
846 2369 913 2442 alio
930 2371 1002 2443 viro
1023 2372 1162 2463 (131).»
1175 2369 1217 2441 llt
1228 2369 1301 2441 «lis
1318 2384 1429 2441 autem

327 2482 385 2578 qui
408 2481 617 2554 matrimonio
642 2482 744 2555 iuncti
763 2501 859 2567 sunt,
881 2483 1070 2582 praecipio,
1091 2508 1156 2555 non
1175 2507 1257 2578 ego,
1280 2481 1339 2555 sed
1363 2484 1431 2556 Ilo-

329 2595 458 2681 minua,
480 2622 616 2669 uxorem
633 2623 654 2669 a
670 2598 742 2670 viro
759 2623 825 2669 non
843 2595 1034 2681 discedere;
1055 2597 1145 2695 quod
1162 2597 1192 2668 si
1213 2596 1426 2680 discesserit,

329 2737 461 2783 manere
479 2712 655 2809 innuptam
673 2727 730 2784 aut
746 2711 817 2784 viro
830 2737 892 2783 suo
906 2710 1110 2785 reconciliari
1127 2712 1312 2805 (131).»11]
1328 2711 1429 2809 priori

329 2826 515 2898 testimonio
533 2851 608 2898 cum
628 2826 837 2924 praemiserit
852 2824 1031 2924 Apostolus
1049 2851 1089 2898 ea
1109 2824 1228 2899 verba:
1248 2826 1431 2899 Scirntt'bm

330 2938 427 3033 lepem
454 2939 579 3034 loquor,
610 2954 700 3037 patet
724 2940 835 3036 ipsum
862 2938 1010 3012 alludere
1035 2939 1076 3011 ad
1103 2938 1333 3036 primigeniam
1360 2964 1431 3012 ma-

328 3052 474 3124 trimonii
501 3053 759 3138 institutionem,
788 3080 855 3150 qua
882 3053 1082 3126 matrimonii
1108 3068 1178 3125 tum
1203 3053 1330 3139 unitas,
1359 3069 1429 3125 tum

331 3165 609 3240 indissolubilitas
627 3168 807 3241 constituta
818 3184 885 3255 est,
902 3194 1071 3267 quamque
1084 3166 1238 3240 Christus
1255 3167 1432 3241 confirma·

327 3281 376 3352 vit
393 3281 508 3353 llatth.
524 3282 611 3352 lllll.
624 3281 745 3355 ddum
764 3284 884 3356 reiecto
902 3283 1014 3356 libello
1033 3282 1161 3382 repudii
1187 3309 1207 3354 a
1224 3283 1338 3381 Moyse
1354 3308 1432 3381 per·

330 3397 449 3481 misso,
469 3396 574 3469 voluit
590 3412 628 3469 ut
645 3398 687 3469 ad
706 3397 882 3496 pristinam
895 3398 1119 3471 conditionem
1132 3396 1322 3493 coniugium
1337 3422 1432 3470 revo-

327 3528 475 3596 caretur,
505 3510 547 3583 ad
573 3511 751 3609 perlectam
778 3510 907 3585 scilicet
940 3512 1098 3583 unitatem
1118 3527 1151 3583 et
1167 3511 1210 3582 ad
1236 3527 1429 3608 perpetuam

328 3625 670 3699 indissolubilitatem.
692 3626 766 3710 Quo
791 3628 845 3711 fit,
874 3643 910 3699 ut
934 3627 1005 3698 sive
1029 3627 1080 3696 vir
1105 3627 1177 3698 sive
1194 3625 1313 3698 mulier
1332 3651 1431 3696 num-

327 3765 427 3836 quam
446 3740 578 3839 possint
595 3739 688 3816 alteri
706 3740 877 3836 coniungi,
894 3764 1104 3838 quacumque
1121 3739 1253 3811 demum
1271 3763 1311 3810 ex
1328 3764 1430 3811 causa

328 3855 503 3950 contigerit
527 3873 564 3928 ιι1
588 3856 729 3928 invicem
756 3872 970 3953 separentur;
999 3855 1089 3954 quod
1116 3855 1145 3928 si
1171 3854 1265 3927 elteri
1294 3854 1431 3926 coniun-

326 3986 466 4061 gantur,
492 3996 623 4069 semper
642 3970 788 4043 debeant
812 3970 859 4041 rei
884 3969 1037 4044 adulterii
1060 3970 1200 4044 censeri.
1221 3967 1430 4041 Adulterium

400 4174 464 4231 (tto)
480 4174 517 4222 cl.
529 4172 660 4223 Maldonat.
674 4174 699 4223 in
711 4176 796 4225 Matttr.
813 4178 877 4224 xlx.

398 4251 463 4313 (111)
480 4255 550 4301 Rom.
563 4255 617 4302 Vll.
628 4259 649 4303 ³.

398 4334 463 4392 (itt)
481 4334 498 4380 l.
513 4334 569 4381 Cor.
582 4336 635 4382 Vll.
652 4342 687 4383 to.
