3234 5084
339 402 383 474 tt
515 423 576 474 rra.
594 422 642 472 nr.
658 421 744 473 tuor.
761 422 784 471 ι.
800 422 840 473 nr
857 423 951 474 unrn.
967 422 1089 473 nsnrsr.
1106 423 1248 473 unrrrrn.

337 567 414 639 erga
439 541 611 627 maritum,
632 540 726 615 salua
742 540 973 641 superioritatc
990 566 1091 639 qnam
1109 542 1162 613 vir
1178 542 1225 614 uti
1243 565 1437 639 supremum
1549 550 1556 559 '

337 656 484 730 familiae
509 669 609 755 caput
633 654 734 728 habet
754 680 834 753 erga
853 655 1025 728 mulierem
1044 656 1078 727 in
1095 656 1242 729 familiae
1259 656 1433 753 regimine.

337 773 428 846 llaec
448 797 527 845 raro
551 769 736 869 aequalitas
755 770 789 842 in
806 770 997 871 polygamia
1022 797 1088 845 non
1112 786 1274 845 servatur,
1295 773 1344 844 En
1359 798 1440 868 argo

337 888 449 960 minus
473 886 653 960 conformia
679 901 817 960 naturae
841 886 905 958 iuri
931 887 1073 961 dicenda
1100 901 1163 960 est.

409 1003 567 1075 Rursum:
588 1001 729 1075 societas
745 1002 932 1100 coniugalis
949 1003 1092 1076 societas
1105 1018 1156 1076 est
1168 1007 1350 1088 amicitior,
1371 1030 1439 1104 qua

338 1117 376 1191 lit
392 1134 429 1190 ut
443 1117 603 1211 coniuges
628 1133 805 1191 mutuose
830 1143 870 1191 ac
895 1118 1012 1191 intimo
1037 1144 1149 1191 amore
1173 1136 1434 1217 prosequantur,

338 1232 503 1332 amboque
521 1234 554 1304 in
571 1259 745 1306 commune
762 1232 908 1305 familiae
925 1233 1048 1306 bonum
1067 1233 1197 1332 aequali
1219 1235 1346 1308 ratione
1362 1260 1439 1307 con·

338 1348 484 1447 spirent,
514 1374 677 1447 suamque
701 1370 836 1446 operam
866 1349 1035 1422 conferant
1060 1350 1101 1422 ad
1127 1377 1201 1423 eam
1227 1351 1437 1424 nutriendam

337 1461 655 1561 confovendamque.
674 1464 765 1536 Haec
782 1480 890 1537 autem
908 1464 1053 1563 perlecta
1071 1466 1254 1539 animorum
1273 1480 1306 1538 et
1322 1467 1440 1538 intima

338 1577 548 1661 coniunctio,
576 1603 662 1675 quae
686 1603 727 1649 ex
753 1579 907 1652 societate
931 1580 1096 1677 coniugali
1122 1582 1246 1663 oritur,
1266 1582 1300 1652 in
1322 1608 1439 1656 mono-

339 1692 449 1790 gamia
473 1691 607 1790 qnidam
635 1690 731 1763 facile
754 1692 915 1780 habetur,
942 1711 974 1767 nt
998 1695 1032 1767 in
1059 1695 1248 1795 polygamia
1271 1695 1360 1767 haud
1378 1721 1441 1794 pa-

340 1834 412 1880 rum
430 1805 622 1905 impeditur.
639 1808 755 1904 ltaque
772 1809 1051 1906 quemadmodum
1070 1811 1280 1907 monogamia
1297 1811 1359 1882 iuri
1379 1836 1440 1882 na-

339 1936 433 1994 turae
458 1920 593 1992 omnino
618 1920 797 1994 conformis
823 1938 892 2010 est,
913 1923 960 1995 ita
981 1924 1171 2023 polygamia
1194 1923 1306 1996 minus
1330 1924 1439 1997 eidam

340 2035 519 2109 conformis
545 2034 612 2107 dici
640 2035 737 2108 debet
758 2039 846 2131 (72).

412 2148 547 2221 Accedit
558 2149 648 2247 quod
662 2149 695 2220 in
711 2149 902 2250 polygamia
919 2177 979 2224 nec
996 2152 1071 2250 ipsa
1087 2152 1213 2238 officia,
1235 2178 1321 2252 quae
1338 2153 1442 2250 exigit

339 2265 552 2362 coniugium,
572 2280 605 2338 et
628 2266 670 2337 ad
694 2292 781 2365 qnae
804 2267 1039 2366 unusquisqne
1064 2268 1240 2364 coniugum
1266 2268 1318 2340 ius
1341 2267 1442 2341 habet

339 2380 514 2479 adimpleri
548 2406 681 2479 semper
711 2381 852 2481 possint.
886 2384 969 2454 Nam
999 2382 1115 2456 eadem
1149 2384 1275 2455 ratione
1299 2410 1366 2483 qua
1389 2383 1441 2455 vir

340 2496 515 2593 coniugale
537 2495 685 2569 debitum
709 2497 841 2593 exigere
865 2495 908 2569 ab
933 2522 1054 2583 uxore,
1073 2497 1121 2568 ita
1137 2512 1170 2569 et
1186 2523 1268 2571 uxor
1284 2522 1305 2569 a
1322 2497 1441 2569 marito

340 2629 465 2714 potest;
490 2615 555 2685 iam
574 2639 651 2686 vero
669 2613 698 2687 si
715 2612 768 2685 vir
786 2613 939 2712 pluribus
956 2630 1046 2688 esset
1061 2612 1221 2686 uxoribus
1245 2613 1437 2697 obstrictus,

341 2726 420 2802 huic
437 2727 630 2824 obligationi
653 2727 847 2801 satisfacere
866 2753 1076 2827 nequaquam
1093 2728 1229 2801 valeret.
1246 2729 1284 2799 ln
1303 2728 1443 2828 polyga-

340 2843 407 2918 mia
432 2843 571 2944 proinde
595 2843 712 2917 saltem
734 2869 854 2940 magna
873 2870 913 2915 ox
933 2860 1026 2943 parte
1043 2845 1114 2916 inre
1132 2870 1193 2917 suo
1209 2869 1293 2917 uxor
1308 2844 1442 2917 defrau-

340 2956 478 3030 daretur
501 2983 567 3031 non
594 2957 667 3030 sine
691 2957 951 3030 incontinentiae
976 2958 1182 3031 discrimine.

412 3072 552 3143 Demum
571 3073 605 3143 in
625 3072 835 3172 polygamiae
854 3097 914 3145 sou
935 3071 1136 3173 polygyniae
1157 3089 1244 3145 statu
1269 3071 1312 3143 ad
1337 3073 1442 3144 conti-

341 3184 469 3258 nendas
488 3186 522 3256 in
540 3185 651 3259 nllicio
671 3185 782 3284 plures
806 3212 926 3261 uxores
951 3212 1015 3259 nnn
1038 3203 1104 3259 tam
1122 3212 1235 3260 amore
1255 3212 1356 3285 quam
1380 3187 1442 3257 im-

341 3300 434 3400 perio
460 3303 511 3373 vir
536 3301 695 3374 innitatur
721 3326 857 3375 neccsse
886 3317 957 3388 est;
986 3302 1075 3400 quod
1101 3302 1236 3402 quidem
1265 3301 1441 3400 imperinm

341 3416 376 3488 in
393 3416 609 3491 domesticam
628 3442 713 3515 pene
729 3416 937 3516 tyrannidem
956 3417 1051 3491 facile
1067 3419 1173 3514 vergit
1190 3416 1280 3489 haud
1303 3417 1443 3489 minimo

339 3532 491 3607 ciusdem
516 3532 718 3607 domesticae
741 3533 910 3607 societatis
935 3532 1131 3607 detrimento
1153 3534 1241 3628 (tt).

413 3792 462 3853 (tt)
478 3793 517 3843 ct.
531 3790 652 3856 Taparalli
664 3794 756 3856 saepto
765 3790 810 3843 dcl
819 3790 912 3842 dtn‘ttn
922 3792 1055 3842 notaculo.
1068 3792 1295 3854 Desertvnsap.
1305 3791 1398 3839 Illart.
1408 3790 1439 3838 lt.

341 3872 364 3935 §.
376 3875 407 3923 [Ι.
421 3875 498 3923 Roma
512 3880 579 3923 1855.

413 3950 463 4011 (7³)
479 3951 592 4013 opposita
604 3950 682 4001 cantu
692 3952 811 4000 tustorta
820 3949 983 4010 autumnale,
994 3949 1072 4000 cdv.
1082 3950 1172 4000 'torino
1185 3950 1317 4000 tull-tom.
1327 3950 1358 3997 ll.
1367 3960 1391 4010 p.
1400 3953 1439 3997 51.

342 4027 373 4078 ad
387 4041 438 4078 rem
450 4031 557 4079 nostram
570 4029 666 4079 scribit:
680 4029 752 4079 «cho
765 4042 792 4080 aa
804 4030 847 4078 nol
859 4029 996 4079 cerchiamn
1012 4029 1036 4078 la
1052 4028 1152 4091 anglone
1168 4041 1211 4091 per
1227 4027 1267 4077 coi
1281 4026 1401 4076 nelt’Aria
1419 4026 1440 4075 si

343 4108 459 4173 perpetuo
474 4108 491 4158 ll
510 4108 676 4172 camdeno,
692 4110 717 4160 la
734 4108 855 4159 trorlamn
869 4109 907 4158 ue'
918 4109 971 4160 loro
985 4108 1097 4159 cosmml.
1114 4107 1268 4170 tmperocohe
1283 4106 1369 4155 liberta
1382 4105 1442 4169 poli·

342 4189 390 4238 tlca
401 4200 416 4237 e
426 4186 512 4237 llbertt
525 4188 618 4239 morale
628 4201 675 4238 ran
686 4188 712 4239 dl
726 4201 857 4251 contum
870 4189 901 4238 ne
911 4190 960 4238 mni
973 4190 1037 4252 speri
1049 4189 1176 4238 tolleraret
1195 4201 1209 4236 a
1225 4186 1356 4249 nannhigie
1375 4185 1442 4235 cirili

342 4267 382 4317 chi
400 4280 449 4317 non
469 4266 541 4318 abbla
560 4268 706 4319 commutato
722 4268 762 4319 dal
783 4268 909 4319 ritnrmare
926 4268 934 4318 ἰ
952 4269 1064 4319 costum.
1075 4266 1298 4330 Patnaelamiglla
1313 4278 1373 4315 sono
1388 4264 1441 4314 idae

342 4347 459 4398 nunciate
470 4347 495 4397 tn
507 4350 617 4411 Europa,
631 4360 677 4400 ote
688 4349 705 4398 it
717 4349 813 4411 rnigttor
833 4347 951 4399 cittadino
968 4348 983 4399 t
1001 4346 1018 4399 tt
1038 4346 1134 4411 miglior
1149 4346 1237 4411 padre,
1249 4358 1298 4397 non
1310 4346 1360 4396 onst
1371 4344 1442 4394 orat
