3234 5084
325 492 395 544 oar.
413 492 437 541 r.
453 490 493 540 nr
511 488 687 541 marasan
703 487 995 538 emorrannum.
1012 485 1060 537 ιιι.
1205 461 1245 531 ll

147 634 231 708 qnae
256 634 296 680 ex
322 608 384 681 Dei
412 607 520 706 ipsius
545 605 764 705 inspiratione
787 605 894 678 Adam
920 602 1089 704 prorupit:
1110 616 1140 674 et
1158 615 1252 674 erunt

146 722 461 805 domnamaria,
478 719 630 820 adeoque
652 718 832 818 quamdam
858 718 987 816 legem,
1014 734 1052 791 ut
1074 715 1120 789 ita
1141 714 1251 789 dicam

19 834 20 845 ¹
147 836 339 933 mplicitom
354 833 407 908 vel
424 833 468 906 ab
486 835 562 934 ipso
578 832 695 905 mundi
721 832 857 906 exordio
882 831 1033 905 extitisse
1056 831 1100 903 de
1124 831 1254 905 unitate

147 950 350 1023 matrimonii
380 951 494 1045 (101).
514 948 665 1021 Attamen
694 947 748 1019 lex
776 947 941 1021 eiusmodi
968 971 1034 1019 non
1064 961 1136 1019 erat
1169 945 1252 1020 satis

147 1089 319 1162 expressa,
335 1062 427 1163 quod
445 1063 487 1136 ad
505 1062 611 1160 legem
628 1061 764 1161 propris
779 1060 921 1147 dictam,
942 1059 1098 1134 omnibus
1115 1059 1252 1134 omnino

147 1176 432 1263 assentientibus,
466 1176 666 1276 requiritur,
697 1191 736 1248 ut
761 1174 831 1247 vim
865 1172 1035 1270 obligandi
1070 1171 1192 1247 habeat
1220 1188 1283 1265 et·

148 1291 212 1366 sub
228 1308 366 1392 peccato
383 1288 736 1390 adstringatSeoosdo
753 1315 794 1363 ex
811 1288 928 1363 divina
944 1288 1152 1362 institutione
1168 1287 1252 1362 satis

148 1408 330 1509 apparebat
355 1408 509 1508 aequalia
533 1409 607 1481 iura
630 1406 766 1506 utrique
789 1403 924 1501 coniugi
951 1401 1150 1489 convenire,
1169 1401 1254 1475 adeo

149 1539 187 1597 ut
208 1524 444 1624 unusquisque
467 1538 555 1599 totns
576 1522 714 1597 alterins
738 1537 849 1607 esset,
877 1544 918 1593 ac
946 1517 1066 1591 mulier
1088 1517 1186 1605 viro,
1214 1543 1255 1591 ac

148 1638 198 1709 rir
221 1636 353 1711 mulieri
379 1653 471 1711 esset
496 1663 537 1710 ex
561 1661 669 1736 aequo
693 1636 926 1735 mancipatus;
947 1632 1104 1732 quocirca
1120 1657 1160 1704 eo
1178 1631 1253 1730 ipso

147 1751 237 1850 qnod
265 1750 353 1824 idem
379 1752 433 1826 ins
456 1752 590 1851 utrique
615 1749 749 1847 coniugi
775 1749 923 1835 inesset,
953 1772 1020 1821 non
1053 1761 1181 1845 poterat
1203 1746 1255 1819 vir

147 1864 247 1938 aliam
271 1865 534 1966 superinducere
557 1864 624 1939 nisi
655 1890 696 1937 cx
720 1889 888 1938 consensu
920 1862 1054 1964 prioris.
1088 1862 1194 1933 Tertio
1218 1876 1255 1934 ut

147 1978 340 2080 polygonis
360 1980 459 2054 certis
479 1979 604 2053 finibus
623 1979 846 2065 detineretur,
867 1992 968 2077 atque
991 2001 1058 2050 non
1082 1976 1254 2050 brutorum

149 2119 260 2181 more,
289 2090 350 2169 sed
376 2111 474 2195 prout
497 2094 668 2169 hominem
693 2094 810 2181 decet,
833 2092 949 2166 haberi
974 2108 1108 2192 posset,
1128 2116 1195 2165 non
1213 2090 1254 2162 li·

147 2208 273 2282 bidinis
295 2209 502 2308 explendae,
522 2208 582 2283 sed
598 2207 700 2282 unius
722 2206 947 2309 procreandae
967 2205 1070 2305 prolis
1086 2230 1191 2280 cansa
1206 2204 1255 2277 le-

147 2324 261 2420 gitime
287 2340 417 2423 poterat
440 2324 570 2399 admitti
587 2325 701 2419 (tot).

219 2439 337 2538 ltaque
361 2438 436 2513 sine
458 2439 720 2513 contradictione
745 2437 906 2511 affirmari
933 2438 1054 2536 poterit
1068 2436 1120 2511 rel
1139 2435 1254 2535 negari

150 2551 373 2653 polygamiam
402 2578 479 2627 esse
506 2570 621 2627 eontra
648 2552 776 2650 legem,
810 2570 908 2652 prout
937 2550 1021 2650 legis
1052 2578 1172 2626 nomen
1201 2551 1254 2624 vel

149 2693 263 2767 presse
286 2667 339 2742 uel
364 2667 473 2743 larius
505 2684 708 2768 usurpatur,
736 2694 777 2742 ac
801 2668 903 2743 simili
929 2668 1028 2742 modo
1051 2667 1181 2741 dicetur
1201 2665 1254 2739 rel

150 2783 236 2856 iusta
247 2782 301 2856 vel
319 2782 444 2857 iniusta
461 2799 560 2883 prout
574 2784 818 2872 consentiente,
840 2799 897 2856 aut
914 2782 1018 2856 invita
1035 2780 1136 2881 priori
1153 2804 1255 2853 uxore

149 2896 357 2997 frequentata
390 2913 618 2998 supponatnr;
656 2898 802 2997 itemque
832 2897 975 2971 honesta
997 2894 1051 2970 vel
1079 2894 1255 2970 inhonesta

149 3029 247 3112 prout
271 3013 345 3086 eius
370 3013 448 3087 linis
472 3028 525 3087 est
548 3012 680 3111 generis
707 3012 846 3087 humani
873 3011 1123 3112 multiplicatio,
1143 3025 1203 3084 aut
1217 3010 1256 3083 li·

19 3138 21 3217 ζ
148 3128 269 3201 centia.
290 3128 422 3203 Scilicet
445 3144 482 3200 ut
505 3128 696 3228 polygamia
721 3154 742 3201 a
763 3128 903 3201 crimine
926 3126 1068 3201 violatae
1093 3126 1177 3224 legis
1202 3123 1256 3198 di·

148 3243 246 3317 vinae
278 3243 436 3318 immunis
469 3244 622 3318 credatur
644 3259 713 3318 tres
736 3244 945 3318 conditiones
979 3243 1115 3317 omnino
1149 3242 1256 3341 requi·

150 3375 286 3444 rantur,
313 3375 351 3433 ut
374 3358 466 3433 nulla
491 3359 648 3459 explicita
672 3358 745 3456 lege
768 3375 919 3446 vetetur,
940 3375 977 3431 ut
993 3384 1076 3431 uxor
1097 3382 1255 3456 expresse

149 3471 201 3545 sel
226 3474 324 3549 tacite
347 3475 534 3549 consentiat
549 3477 662 3569 (103),
682 3491 719 3547 ut
736 3474 813 3548 finis
836 3475 881 3546 sit
900 3473 1083 3547 honestus:
1107 3470 1197 3571 quod
1224 3470 1254 3542 si

221 3764 287 3827 (tot)
305 3767 359 3815 lluc
373 3765 524 3828 relocantur,
536 3779 599 3829 qnae
612 3778 682 3817 conc.
694 3765 852 3816 tridentlnum
864 3779 923 3816 sess.
935 3767 1022 3815 xlllv.
1032 3764 1150 3815 etlrlbcns
1166 3763 1254 3815 doctri·

150 3856 206 3894 nem
225 3845 257 3895 ds
276 3849 429 3896 memento
449 3847 598 3897 nrnulmonii
617 3847 731 3910 protulit:
749 3846 919 3897 «Matrimonll
937 3847 1081 3910 perpetuom
1099 3844 1254 3896 indissolubl-

151 3922 247 3987 lemque
259 3936 348 3974 nexum
367 3924 460 3988 primns
477 3925 579 3975 hnmani
594 3923 689 3989 generls
706 3938 793 3989 parens
811 3924 889 3975 divini
905 3924 1005 3989 spiritus
1016 3924 1132 3974 instinctu
1148 3937 1253 3988 pronun·

151 4001 240 4063 clarit,
252 4017 308 4053 cum
322 4003 587 4055 domonstraret
597 4018 631 4056 es
642 4005 743 4056 ossibus
755 4007 875 4055 ineu...et
890 4006 969 4055 crum
984 4003 1037 4055 duo
1054 4007 1081 4054 tn
1095 4017 1175 4055 coms
1189 4017 1253 4054 nnn.

151 4083 203 4133 lloc
216 4084 298 4134 auum
312 4082 413 4134 rlncrdo
428 4082 493 4135 duos
513 4073 697 4135 antummodo*
710 4085 820 4149 copulari
836 4088 861 4136 et
873 4086 1002 4148 coniungi,
1015 4086 1128 4136 cliristos
1137 4084 1256 4135 Dominus

150 4165 266 4225 operum
283 4162 383 4223 docuit,
402 4177 459 4214 curn
477 4167 598 4227 postrema
618 4165 661 4215 llla
681 4165 768 4229 rerba,
783 4169 908 4230 umqusnr
924 4167 999 4215 roeo
1013 4166 1120 4228 prolata,
1134 4164 1254 4225 reterens,

149 4236 223 4289 dixit:
234 4243 331 4305 reaque
340 4243 393 4291 tam
405 4254 456 4292 nort
464 4244 529 4293 sunt
537 4240 590 4292 duo
599 4241 645 4293 sed
654 4255 712 4293 unc
721 4256 809 4294 carc.»

220 4320 286 4380 (tot)
300 4318 340 4369 ct.
349 4319 436 4370 Merlin
447 4320 511 4371 Dias⁴
523 4321 566 4371 cit.
579 4319 602 4384 ς.
614 4321 657 4370 lv.

219 4399 286 4460 (tot)
300 4397 417 4449 Nonnulli
431 4401 511 4449 umen
529 4398 591 4449 hanc
609 4399 774 4450 conditionem
791 4404 875 4464 utpote
891 4415 940 4451 non
955 4404 1115 4453 commentam
1127 4407 1253 4467 respuam.
