3234 5084
308 399 376 471 att
451 421 512 470 ιιι.
525 419 574 471 ιιι.
590 419 677 470 secr.
690 418 820 469 ιιιιιι.
841 418 881 469 ιι
898 417 1010 469 inuras.
1031 417 1126 469 ιιιι.
1144 416 1267 469 enarer.

307 539 434 625 lavent,
463 554 500 609 ut
525 536 637 637 potius
660 535 759 635 longa
780 536 971 611 seculorum
988 536 1075 611 serie
1092 535 1136 608 ah
1152 551 1262 609 aetate
1284 550 1421 634 aposto-

308 654 375 728 lica
400 654 571 753 perpetuis
597 652 809 726 documentis
834 666 963 725 constet
986 650 1148 725 ecelesiae
1171 650 1359 725 doctrinam
1387 668 1423 725 et

310 769 440 869 praxim
465 793 541 841 esse
566 765 614 839 illi
642 768 828 841 sententiae
852 791 991 867 prorsus
1013 766 1224 840 contrariam.

384 885 446 958 His
476 883 704 971 documentis,
738 883 786 957 uti
814 910 854 957 ex
879 883 1032 957 instituta
1063 883 1178 957 critica
1208 909 1323 957 eorum
1351 882 1426 956 dis-

309 1002 468 1075 eussione
494 1014 601 1099 patet,
631 1025 699 1073 non
724 999 818 1072 aliud
844 999 1026 1073 adversarii
1053 1024 1224 1099 opponere
1246 1012 1423 1099 potuerunt

309 1143 412 1217 quam
439 1115 643 1215 sophisticas
668 1114 920 1201 cavillationes,
942 1128 1043 1215 atque
1060 1114 1180 1200 etiam,
1200 1129 1237 1186 ut
1252 1113 1419 1200 vidimus,

312 1230 477 1305 violentas
502 1230 672 1305 interdum
697 1244 730 1302 et
754 1226 921 1302 absurdas
946 1228 1254 1327 interpretationes,
1287 1252 1375 1327 quae
1402 1254 1424 1301 ι

312 1346 482 1419 communi
509 1371 613 1419 sensu
638 1341 831 1417 abhorrent.
852 1344 901 1415 Ex
927 1343 1037 1416 medio
1055 1358 1165 1415 autem
1183 1368 1266 1416 aevo
1287 1340 1425 1439 college·

313 1474 390 1533 runt
415 1459 482 1533 hue
500 1457 649 1558 illucque
665 1472 829 1559 quotquot
847 1472 1025 1557 potuerunt
1042 1456 1241 1531 documenta
1257 1472 1294 1529 ut
1311 1458 1424 1529 lucum

313 1576 479 1673 imperitis
497 1574 662 1660 lacerent;
683 1573 743 1646 sed
761 1599 849 1673 quae
867 1573 929 1646 rite
946 1598 1112 1673 perpensa
1129 1570 1426 1671 deprehenduntur

315 1706 373 1765 aut
399 1691 505 1778 falsa,
534 1707 592 1765 aut
621 1691 735 1765 critice
759 1688 881 1775 dubia,
914 1705 1015 1788 atque
1043 1688 1209 1785 exegetica
1237 1688 1426 1761 examinata

317 1833 453 1882 sensum
479 1807 641 1895 fundunt,
670 1807 728 1908 qui
755 1831 831 1878 eum
857 1802 1021 1877 catholiea
1044 1805 1185 1877 veritate
1201 1804 1353 1903 apprime
1373 1829 1430 1877 eo·

317 1920 459 2008 haeret,
496 1947 651 2022 quaeque
680 1919 715 1991 id
739 1918 831 2020 quod
861 1917 1045 1990 adversarii
1074 1917 1280 1991 contendunt
1307 1917 1349 1990 de
1377 1918 1428 1990 la-

318 2036 442 2111 cnltate
467 2037 586 2110 iterum
613 2034 762 2110 nubendi
788 2049 865 2135 post
889 2033 1066 2109 dimissam
1087 2033 1272 2139 adulteram
1294 2050 1352 2107 aut
1375 2033 1428 2106 di·

319 2154 462 2227 missum
481 2153 687 2240 adulterum,
715 2151 908 2225 nullatenus
931 2149 1086 2250 probant.

392 2266 440 2342 Ac
466 2295 502 2341 re
527 2294 610 2343 sene
633 2290 733 2355 vera,
763 2267 793 2341 si
819 2266 896 2341 talis
914 2266 1036 2340 luisset
1053 2292 1175 2340 sensus
1193 2280 1264 2339 tum
1282 2279 1428 2338 textuum

318 2380 498 2469 Matthaei,
528 2399 598 2455 tum
624 2381 766 2482 apostoli
793 2379 906 2468 Pauli,
928 2378 1062 2481 qualem
1080 2380 1136 2452 isti
1159 2380 1379 2466 contendunt;
1400 2378 1428 2451 si

321 2495 399 2569 talis
424 2496 610 2569 exstitisset
634 2496 768 2570 traditio
786 2523 806 2568 a
825 2493 976 2594 patribus
1002 2509 1157 2594 accepta,
1179 2509 1212 2567 et
1229 2521 1290 2593 per
1310 2518 1431 2567 manus

320 2611 520 2701 decurrens,
550 2613 585 2683 in
611 2639 646 2685 re
670 2638 758 2713 qnae
783 2611 868 2684 adeo
886 2609 1060 2683 hominum
1077 2609 1252 2710 cupiditati
1275 2634 1315 2682 ao
1335 2607 1431 2680 lihen

320 2729 380 2800 tati
407 2727 512 2814 lavet,
539 2744 573 2802 et
598 2728 632 2800 in
651 2754 754 2827 quam
771 2726 855 2799 adeo
874 2724 1038 2825 proclives
1056 2726 1091 2798 in
1109 2740 1157 2798 tot
1178 2750 1288 2798 rerum
1312 2723 1431 2798 adiun-

324 2843 387 2915 ctis
415 2841 550 2940 plurimi
576 2841 807 2940 reperiuntnr;
828 2841 863 2912 in
882 2867 918 2914 re
934 2841 988 2914 oui
1014 2839 1105 2939 leges
1131 2839 1246 2913 civiles
1270 2865 1331 2912 sen
1348 2837 1432 2938 poli-

323 2957 428 3041 ticae,
455 2968 493 3028 ut
518 2957 655 3055 saepius
680 2955 853 3030 innuimus
885 2956 987 3030 immo
1016 2971 1050 3029 ct
1079 2955 1313 3054 patefecimus,
1341 2952 1432 3026 haud

323 3095 443 3169 parum
468 3069 644 3158 latebant,
673 3072 732 3170 qul
758 3071 830 3143 lieri
856 3072 1039 3170 potuisset,
1072 3087 1109 3144 ut
1138 3096 1203 3145 non
1233 3069 1433 3145 haberemus

324 3184 435 3285 potius
460 3186 661 3259 contrariam
687 3186 886 3261 sententiam
911 3203 945 3261 et
970 3188 1099 3287 praxim
1124 3186 1242 3287 pleno,
1262 3201 1300 3259 ut
1316 3188 1362 3260 ita
1383 3185 1434 3258 di-

324 3326 420 3385 cam,
449 3316 550 3402 etque
573 3301 754 3373 exundanti
781 3301 876 3377 alveo
906 3328 966 3401 per
994 3301 1108 3375 secula
1138 3300 1271 3398 singula
1300 3298 1344 3373 ad
1373 3324 1433 3373 nos

325 3442 436 3517 usque
453 3416 709 3489 decurrentem?
726 3418 761 3490 Si
781 3445 847 3493 non
872 3417 938 3490 alia
963 3416 1134 3491 doctrinae
1150 3415 1335 3490 catholicae
1355 3441 1435 3515 sup-

325 3546 475 3631 peterent
500 3530 715 3620 documenta,
744 3532 797 3606 vel
823 3532 934 3631 ipsum
953 3531 1062 3605 solum
1080 3531 1203 3605 lactum
1221 3530 1319 3605 nohis
1341 3555 1435 3632 prae-

325 3643 419 3718 heret
443 3646 517 3718 eius
542 3645 757 3719 ineluctabile
774 3662 1018 3745 argumentum.

398 3761 457 3832 Vix
488 3762 578 3834 enim
611 3762 698 3836 inter
727 3763 833 3837 seculi
862 3763 1141 3838 litteratores
1173 3764 1325 3839 doctrina
1354 3762 1435 3836 haec

327 3875 530 3963 obtinuerat,
551 3895 588 3951 ut
606 3877 696 3952 illico
713 3880 826 3978 praxis
844 3878 1079 3953 dissolutionis
1093 3879 1136 3953 ob
1150 3880 1349 3954 adulterium
1362 3904 1438 3953 oon-

328 3990 494 4087 iugiorum
513 3992 611 4090 longe
629 3992 762 4093 lateque
781 4019 885 4093 penes
904 3994 997 4093 ipsos
1014 3994 1140 4068 dilsusa
1156 3995 1218 4068 sit:
1239 3996 1274 4067 in
1293 3994 1438 4068 tribuna·

330 4103 420 4179 libus
437 4108 510 4181 sive
526 4107 765 4184 ecelesiasticis
783 4110 855 4184 sive
872 4110 1027 4185 civilibus
1040 4137 1061 4184 a
1074 4111 1243 4185 iudicibus
1257 4112 1438 4213 quotannis

330 4221 525 4296 innumerae
543 4249 647 4323 prope
663 4224 706 4297 de
722 4224 878 4299 divortiis
901 4223 965 4298 hac
990 4226 1033 4299 de
1058 4252 1161 4300 eausa
1179 4227 1440 4328 pronunciantur

329 4338 525 4410 sententiae.
556 4338 647 4411 ldem
673 4338 728 4412 dic
753 4339 796 4411 de
822 4341 968 4437 graecis,
998 4368 1101 4440 penes
1131 4369 1217 4442 quos
1243 4342 1286 4416 ab
1312 4341 1439 4440 aliquot
