3234 5084
375 470 451 520 sur.
463 470 500 519 ιι.
517 469 557 519 ra
573 469 751 519 ronvomr
767 468 966 519 suncrssrvu.
983 468 1053 518 rar.
1071 468 1097 517 ι.
1112 500 1115 511 ι
1254 446 1300 515 lid

189 586 422 716 monogamia,
451 610 533 659 usus
558 585 781 661 communiter
805 598 957 685 receptus
991 582 1177 663 amandae
1200 585 1304 663 casti-

190 701 324 779 monice
347 701 550 788 adstruitur,
573 699 633 775 ssd
652 725 718 774 non
737 699 813 775 ideo
830 698 999 835 secundas
1015 699 1153 798 nuptiae
1170 699 1219 775 uti
1244 723 1302 777 ve·

188 818 269 893 titas
295 816 560 918 proscribuntur.

219 932 312 1005 De
335 947 447 1009 mente
470 931 661 1007 Clementis
684 929 855 1005 alexandr
885 956 915 1004 s.
941 929 1075 1017 Basilii,
1099 956 1135 1007 s.
1157 868 1306 1026 Gregorii

190 1047 409 1133 numanaeni,
430 1073 461 1123 s.
478 1047 525 1120 lo.
546 1045 791 1146 Chrysostomi,
818 1044 1074 1142 allieronymi,
1089 1044 1174 1144 quin
1190 1058 1306 1121 eorum

191 1162 384 1239 testimonia
409 1159 605 1258 singillatim
631 1186 891 1259 persequamur,
919 1185 961 1233 ex
989 1160 1051 1247 iis,
1077 1186 1166 1259 quae
1199 1157 1306 1261 ‘paulo

191 1292 270 1351 ante
293 1275 498 1357 adduximus
515 1275 603 1351 satis
621 1290 770 1351 constat.
789 1276 874 1351 Nam
892 1275 948 1351 isti
967 1300 1082 1349 omues
1108 1274 1143 1346 in
1167 1300 1208 1348 eo
1224 1300 1305 1351 con-

192 1390 333 1465 veniunt
347 1404 386 1462 ut
409 1388 651 1488 professionem
676 1390 902 1471 continentiae
915 1404 1012 1487 'post‘
1026 1388 1225 1465 viduitatem
1250 1414 1307 1463 er-

194 1503 331 1592 tollant,
352 1504 635 1604 quomadmodum
659 1504 863 1602 virginitatis
889 1530 950 1581 seu
966 1502 1163 1579 caelibatus·
1183 1518 1306 1579 statum

190 1620 294 1697 statui
320 1619 489 1716 coniugali
514 1635 733 1719 anteponunt.
761 1619 855 1695 Haec
876 1634 1036 1694 constans
1061 1632 1114 1693 est
1139 1617 1306 1691 sentiendi

191 1751 229 1809 et
252 1732 422 1809 scdhendi
448 1732 648 1834 ratio'apud
673 1749 807 1832 patras:
830 1732 971 1807 alterum
989 1732 1084 1805 altori
1102 1746 1229 1809 statum
1246 1752 1308 1809 oen

192 1848 424 1950 perlectionem
449 1847 562 1921 minus
587 1847 1016 1954 periectonpraelemnmt
1034 1870 1101 1920 uon
1120 1846 1195 1920 ideo
1212 1846 1309 1921 dam·

196 1980 280 2039 nant
309 1965 405 2041 velut
431 1980 603 2064 peccatum
632 1962 771 2041 alteram
801 1963 1055 2062 professionem.
1086 1962 1124 2035 ln
1148 1961 1308 2039 secundis

194 2096 367 2181 praeterea
384 2079 528 2179 nuptiis,
548 2101 625 2155 cum
642 2076 821 2178 peculium
841 2077 925 2157 ratio
942 2078 1061 2163 adeas
1084 2076 1310 2151 cohonestan-

197 2195 262 2269 das
277 2220 354 2269 nnn
373 2193 573 2281 intersedit,
594 2192 871 2293 deprehendunt,
891 2208 929 2265 ut
948 2192 1034 2266 alias
1059 2191 1306 2279 adnotavimus,

197 2310 372 2412 quoddam
397 2307 674 2408 intemperantiae
698 2323 758 2382 aut
785 2308 1050 2383 incontinentiae·
1075 2307 1258 2395 indicium,
1278 2322 1311 2380 et

196 2425 265 2501 hao
289 2425 460 2500 decanea
482 2449 543 2499 aas
563 2423 732 2499 interdum
757 2438 916 2523 carpunt,
935 2422 1040 2521 idque
1056 2447 1096 2495 ex
1113 2448 1227 2496 amore
1243 2442 1312 2521 quo
1398 2409 1405 2417 ⁸

199 2540 293 2614 iuxta
317 2538 444 2625 Christi
468 2551 503 2611 st
525 2526 750 2637 apostolorum
776 2536 932 2636 spiritum
956 2560 1038 2633 erga
1069 2536 1256 2613 castitatem
1280 2549 1313 2609 et

201 2654 443 2730 continentiam
461 2651 664 2729 serebantur.

274 2771 392 2870 Neque
414 2768 458 2843 ab
483 2769 625 2844 istorum
641 2794 746 2844 oanan
762 2768 943 2867 Origenem
966 2770 1078 2867 ipsum
1104 2766 1314 2841 excludimus

198 2886 299 2961 onias
321 2885 426 2959 etiam
450 2883 553 2959 verba
577 2884 745 2959 dedimus.
765 2886 849 2961 Nam
880 2884 1013 2959 litatis
1037 2883 1241 2984 quandoque
1267 2884 1316 2957 ita

205 3001 339 3079 locutus
370 3024 449 3075 esso
478 2999 632 3074 videatur
662 3027 703 3075 ac
732 3002 763 3075 si
797 3000 965 3077 secundae
997 3000 1133 3100 nuptiae
1164 3027 1186 3074 a
1215 3026 1317 3098 regno

207 3116 270 3188 Dei
300 3107 535 3201 excluderent,
560 3131 672 3191 tamen
697 3116 734 3188 in
751 3141 805 3189 co
833 3116 910 3215 ipso
934 3131 1089 3191 oonmxtu
1106 3141 1147 3189 ea
1171 3116 1319 3190 continet

209 3256 299 3332 quae
317 3230 482 3304 sinceram
498 3229 684 3303 doctrinam
710 3231 952 3330 praescierunt:
981 3231 1036 3304 Sic
1063 3231 1152 3303 enim
1178 3230 1314 3305 scribit:

206 3345 368 3419 «Bonum
393 3360 446 3418 est
472 3358 506 3417 et
533 3343 680 3443 primum
709 3344 1022 3440 (matrimonium),
1047 3344 1078 3418 si
1111 3371 1180 3443 qna
1210 3359 1321 3442 potest

202 3460 407 3557 virginitatis
432 3459 576 3556 gratiam
596 3458 781 3559 possidere.
801 3459 838 3530 Si
856 3473 965 3535 autem
988 3459 1053 3532 hoc
1070 3485 1136 3532 non
1154 3458 1318 3558 potuerit,

205 3574 266 3648 sed
290 3575 437 3649 evenerit
453 3573 484 3646 ai
508 3589 547 3647 ut
566 3573 685 3673 perdat
707 3574 836 3664 virum,
860 3572 964 3649 vidua
990 3589 1191 3673 perseveret.
1221 3572 1320 3661 Quod

205 3689 343 3790 quidem
364 3715 432 3763 non
453 3688 562 3765 solum
586 3705 663 3789 post
686 3705 826 3763 mortem
847 3689 933 3776 viri,
956 3689 1136 3763 sedetiam
1160 3715 1238 3761 cum
1265 3687 1323 3762 ille

208 3807 292 3881 vivit
314 3804 416 3879 debet
438 3804 563 3879 habere
579 3805 614 3875 in
633 3804 764 3893 animo,
785 3818 822 3876 ut
846 3804 947 3878 etiam
973 3805 1002 3878 si
1029 3830 1095 3877 non
1115 3803 1245 3879 venerit
1269 3829 1325 3878 vo-

199 3922 320 4023 luntas
344 3921 455 4020 ipsius
487 3934 521 3995 et
546 3920 775 4021 propositum,
801 3946 821 3993 a
846 3920 989 3993 Domino
1019 3935 1196 3994 coronetur
1215 3935 1251 3991 et
1273 3919 1326 3991 di·

209 4052 278 4110 eat:
300 4034 372 4109 lloc
396 4060 502 4109 voveo
528 4051 628 4135 atque
646 4035 802 4135 promitto
821 4034 852 4108 si
870 4035 953 4107 mihi
979 4035 1162 4108 humanum
1180 4033 1323 4134 aliquid,

208 4151 299 4252 quod
326 4176 395 4224 non
421 4163 500 4250 opto
525 4150 717 4249 contigerit,
750 4148 836 4222 nihil
861 4148 954 4223 aliud
976 4150 1118 4239 faciam,
1151 4175 1253 4250 quarn
1280 4149 1328 4219 in·

208 4266 435 4339 contaminata
458 4263 630 4364 viduaque
652 4289 874 4365 perseverem.
897 4266 993 4336 Nunc
1009 4291 1090 4339 vero
1107 4280 1141 4339 et
1157 4260 1329 4338 secundae

210 4394 246 4452 et
268 4379 393 4456 tertiae
422 4394 455 4455 et
478 4396 618 4481 quartae
644 4380 798 4481 nuptiae,
819 4394 857 4455 ut
876 4377 920 4453 de
937 4379 1091 4480 pluribus
1109 4396 1256 4468 taceam,
1277 4405 1329 4453 re-
