3234 5084
602 367 622 407 ,

275 475 756 542 csr.vr.ns1ttss.usm·strt,
771 474 836 529 son
850 475 1012 530 uousun.
1028 477 1101 529 sur.
1112 478 1148 530 u.
1203 455 1271 526 tte

153 624 230 676 esse
254 595 481 673 conditionem
505 593 644 669 tacitum
669 592 713 667 alr
737 592 881 668 ecclesia
911 592 1101 694 appositam
1130 593 1275 669 celebra·

155 715 235 790 tioui
259 711 408 810 coniugii
431 710 582 785 omnium
599 708 764 783 fidelium.
793 708 970 811 Siquidem
995 708 1139 784 ecclesia
1154 709 1274 784 ecdem

154 834 226 905 iure
246 850 320 929 'quo
338 842 450 928 potest
471 826 676 901 constituere
699 825 941 926 impedimenta
961 825 1208 900 matrimonium
1226 824 1276 899 di·

153 945 329 1032 rimentia,
359 942 467 1043 potuit
489 941 716 1016 conditionem
745 966 935 1044 apponere,
963 957 1001 1016 ut
1024 940 1289 1016 matrimonium·

154 1058 288 1133 tamdiu
307 1055 506 1132 dissolubile
523 1056 585 1145 sit,
609 1056 770 1157 quamdiu
788 1082 857 1131 uun
875 1056 975 1129 luerit
990 1072 1270 1129 consummatum.

151 1177 195 1249 Et
220 1175 272 1250 sic
296 1174 422 1273 optime
446 1172 579 1259 omniu,
608 1186 646 1245 ut
669 1171 738 1271 ipsi
758 1185 895 1272 putant,
923 1168 1152 1270 explicantur,
1173 1187 1275 1271 atque

153 1305 360 1365 evanescunt
385 1287 620 1377 difficultates,
645 1311 735 1387 quae
759 1301 876 1360 contra
898 1286 1011 1384 urgeri
1046 1300 1198 1386 possent.

225 1405 287 1479 Ast
309 1401 475 1477 eiusmodi
509 1401 673 1489 conditio,
709 1426 798 1502 quae
828 1400 949 1474 recidit
972 1400 1006 1472 iu
1035 1400 1266 1501 superiorem,

153 1544 256 1619 quam
286 1515 388 1618 paulo
416 1531 497 1590 ente
525 1515 771 1617 expendimus,
807 1541 876 1590 non
909 1513 1013 1590 afficit
1037 1515 1105 1589 nisi
1137 1514 1274 1591 modum

153 1659 254 1735 quem
278 1631 421 1707 ecclesia
445 1647 553 1719 tenet,
575 1630 657 1705 dum
682 1631 775 1706 iuxta
800 1631 890 1705 hauc
911 1632 1111 1706 sententiam
1128 1657 1191 1705 sua
1207 1631 1273 1706 uti-

153 1765 208 1824 tur
231 1762 415 1848 potestate,
445 1773 507 1821 nec
541 1746 609 1820 dici
635 1763 745 1847 potest
769 1773 893 1822 nurum
925 1763 1181 1846 argumentum,
1211 1774 1273 1823 seu

154 1889 240 1940 nora
266 1862 431 1964 probatio.
460 1864 532 1937 lam
556 1879 753 1961 argumenta
776 1864 853 1963 ipsa
879 1863 1141 1963 perpendamus.

225 1978 404 2079 lleponuut
428 1977 531 2076 igitur
555 1976 759 2051 adversarii:
779 1978 839 2077 qui
865 1977 953 2052 hauc
977 1993 1112 2051 tuentur
1137 1993 1273 2052 sentem

153 2093 234 2169 tiam
258 2108 437 2169 assumunt
460 2090 637 2167 ecclesiam
661 2090 850 2192 praeditam
868 2092 932 2166 hac
955 2107 1120 2192 potestate
1143 2092 1274 2167 aGhri·

153 2226 206 2284 sto
230 2209 358 2297 luisse,
386 2233 449 2282 nec
476 2222 587 2281 umen
612 2206 648 2280 id
673 2208 845 2283 educunt.
881 2208 975 2296 Quae
1000 2209 1092 2282 enirn
1116 2207 1160 2283 ab
1185 2210 1273 2309 ipsis

72 2368 76 2373 .
155 2325 369 2427 proferuntur
392 2323 582 2398 testimonia
601 2322 728 2397 biblica
752 2324 854 2397 nimis
875 2350 962 2424 vaga
983 2341 1083 2414 sunt,
1108 2351 1149 2400 ac
1173 2352 1271 2424 gene·

153 2438 259 2515 ralem
276 2438 431 2514 collatam
448 2439 612 2514 ecciesiae
629 2453 826 2541 potestatem
844 2439 953 2514 solum
978 2440 1182 2543 respiciunt,
1202 2467 1269 2516 non

154 2572 266 2629 autem
284 2555 467 2656 specialem
488 2554 533 2628 de
549 2580 618 2656 qua
642 2553 861 2644 disserimus,
882 2582 1038 2659 quaeque
1059 2557 1089 2631 si
1113 2582 1274 2655 urgeren-

153 2686 207 2744 tur
230 2671 308 2772 plus
333 2671 524 2747 evincerent
548 2697 651 2772 quam
677 2670 713 2744 hi
738 2671 886 2771 theologi
907 2670 1044 2747 uellent.
1071 2672 1155 2746 Nam
1181 2674 1210 2745 si
1237 2670 1272 2745 id

154 2786 359 2861 concludunt
382 2813 423 2861 ex
447 2786 578 2861 uerbis:
602 2786 831 2886 Quodcumque
852 2787 1026 2887 liquem
1048 2786 1271 2887 quodcumque

153 2900 308 2987 solveris,
332 2926 437 3002 quare
462 2927 503 2976 ea
528 2902 704 2978 extendere
723 2929 789 2978 uon
808 2920 947 3003 possent
961 2903 1064 2977 etium
1082 2902 1127 2977 ad
1151 2905 1273 2976 matri·

155 3015 305 3091 monium
331 3016 623 3092 consummatum?
647 3017 742 3094 Idem
766 3017 823 3093 dic
847 3018 891 3094 de
915 3017 1013 3093 aliis:
1043 3044 1143 3119 posce
1169 3044 1272 3119 uqoos

153 3154 250 3202 nuos.

228 3244 620 3348 Assumuutpraeterea,
640 3248 835 3337 ecclesiam,
859 3247 941 3322 dum
958 3248 1207 3323 matrimonium
1224 3273 1274 3323 ra·

156 3376 225 3434 tum
251 3358 407 3435 dissolvit
430 3360 474 3437 ob
491 3361 674 3436 solemnem
692 3362 865 3461 religionis
892 3363 1153 3463 professionem,
1173 3387 1272 3436 usum

154 3501 230 3551 esse
255 3491 419 3577 potestate
450 3476 516 3551 sibi
549 3478 704 3580 propria,
735 3504 839 3580 mam
863 3503 885 3551 a
908 3477 1044 3553 Christo
1068 3478 1219 3578 accepit,
1240 3494 1274 3553 et

154 3615 220 3665 uon
255 3591 369 3691 potius
395 3618 433 3667 se
457 3593 606 3691 gessisse
631 3609 669 3667 ut
692 3594 798 3668 divini
824 3593 916 3668 iuris
946 3594 1171 3695 interpretem.
1200 3593 1273 3668 Hac

153 3709 243 3780 euim
262 3710 296 3781 in
314 3707 496 3811 hypothesi
514 3710 627 3783 omnia
643 3709 743 3784 etiam
765 3726 997 3809 exponuntur,
1018 3736 1107 3810 quae
1125 3710 1273 3784 aSusre·

152 3823 206 3896 zio
230 3823 320 3899 dicta
341 3842 421 3902 suut
438 3825 481 3900 de
508 3824 670 3926 exemplis
691 3852 733 3899 ex
759 3826 959 3927 antiquitate
984 3825 1215 3927 depromptis,
1235 3826 1270 3899 in

152 3936 278 4038 quihus
302 3956 340 4013 ut
363 3940 545 4042 plurimum
571 3942 709 4033 saltem,
731 3969 797 4018 uon
816 3943 927 4042 agitur
943 3944 1009 4017 nisi
1028 3943 1072 4018 de
1097 3943 1271 4044 proposito

152 4052 377 4127 continentiae
394 4057 600 4146 seruandae,
621 4073 678 4131 aut
696 4057 739 4132 de
755 4056 832 4157 ipsa
848 4057 1074 4133 obseruantia.
1096 4056 1270 4158 Siquidem

152 4166 297 4243 ecclesia
322 4184 437 4269 utpote
461 4172 566 4247 divini
593 4173 677 4248 iuris
698 4173 865 4274 interpres
884 4173 1046 4248 iudicavit
1062 4172 1133 4248 illis
1157 4173 1194 4246 in
1218 4199 1272 4249 ca-

153 4278 250 4359 sibus
272 4284 327 4359 ius
343 4284 495 4362 diuinum
512 4288 724 4365 dissolutioni
742 4289 902 4364 contracti
920 4289 1124 4366 matrimonii
1143 4290 1266 4366 lavere⁸

153 4397 311 4500 Alioquin
338 4401 478 4500 intelligi
503 4429 570 4478 nou
596 4421 730 4504 posset,
758 4403 927 4506 quomodo
948 4420 996 4481 tot
1015 4404 1205 4482 seculorum
1223 4405 1273 4480 in·
