3234 5084
371 445 441 518 lli
513 462 885 518 autumantium.
907 466 947 517 nu
964 464 1076 518 morsa
1097 467 1192 519 uara.
1213 460 1336 521 cnmsr.

367 582 671 658 cohabitationem:
703 608 781 681 ergo
810 581 965 657 homiues
989 576 1147 684 separant
1169 584 1261 687 quod
1284 585 1375 661 Deus
1399 602 1483 663 oon·

368 698 477 774 iunxit
495 699 608 795 (29).n

440 813 483 886 Ει
506 812 564 885 hio
580 828 797 913 praepostera
812 814 939 888 vinculi
960 814 1146 914 coniugalis
1162 816 1297 891 notione
1317 817 1481 918 deceptus

367 942 421 1002 est
444 926 658 1004 adversarius
683 945 796 1004 noster
821 930 1025 1030 permiscens
1048 930 1220 1013 vinculum
1245 923 1323 1006 cum
1350 932 1480 1006 vinculi

366 1041 553 1117 effectibus.
574 1044 707 1118 Etenim
732 1044 767 1116 in
785 1070 825 1119 eo
841 1044 1013 1120 vinculum
1030 1045 1199 1133 consistit,
1220 1060 1258 1118 ut
1275 1045 1410 1144 alligata
1432 1047 1482 1120 sit

367 1158 488 1232 mulier
509 1159 583 1234 viro
607 1150 772 1261 quamdiu
795 1161 915 1235 vixerit
938 1161 991 1235 vir
1006 1162 1101 1250 eius,
1121 1175 1159 1235 ut
1179 1161 1277 1235 donet
1296 1161 1480 1263 Apostolus

368 1272 463 1347 llum
483 1275 554 1348 Vll.
575 1276 610 1357 2.
631 1291 664 1349 et
689 1278 723 1349 l.
744 1276 819 1350 Cor.
839 1277 909 1349 Vll.
932 1278 990 1350 st.
1019 1277 1077 1350 ubi
1103 1277 1225 1352 iisdem
1250 1279 1354 1352 ferme
1373 1280 1482 1352 utitur

367 1388 480 1463 verbis
505 1386 640 1465 dicens:
657 1390 801 1464 «Mulier
826 1391 962 1489 alligata
984 1407 1035 1467 est
1063 1391 1148 1491 legi,
1178 1408 1304 1493 quanto
1328 1408 1482 1493 tempore

367 1502 420 1575 vir
443 1502 517 1577 eius
541 1502 644 1591 vivit;
665 1504 757 1603 quod
782 1505 813 1578 si
839 1504 1013 1580 dormierit
1036 1505 1088 1581 vir
1111 1506 1186 1580 eius
1215 1505 1357 1580 liberata
1386 1522 1477 1581 est.»

368 1615 452 1690 Cum
477 1616 580 1715 igitur
602 1618 774 1692 vinculum
800 1619 976 1718 coniugale
992 1620 1027 1691 in
1045 1618 1103 1693 illa
1120 1616 1332 1722 potissimum
1349 1621 1482 1720 obliga·

368 1729 460 1805 tione
484 1731 666 1821 consistat,
703 1728 772 1833 qua
799 1733 959 1831 coniuges
982 1749 1099 1809 mutuo
1124 1735 1378 1832 obstringuntur
1410 1748 1481 1810 toto

368 1844 458 1919 vitae
483 1861 646 1946 tempore,
674 1847 720 1919 ita
745 1862 782 1920 ut
806 1848 937 1948 absquo
961 1849 1094 1949 piaculo
1118 1875 1180 1952 nec
1203 1850 1257 1926 vir
1279 1875 1342 1924 nec
1358 1848 1482 1923 mulier

367 1960 502 2059 possint
519 1960 615 2035 alteri
633 1988 670 2035 se
686 1963 907 2061 coniungere,
928 1963 1028 2064 plane
1044 1965 1262 2066 consequitur
1277 1963 1409 2040 obiecta
1432 1965 1484 2038 bi-

366 2071 458 2149 blica
481 2073 556 2149 loca
580 2075 623 2148 ad
649 2102 719 2150 rem
744 2102 811 2151 non
829 2077 950 2152 iacere.
972 2080 1146 2179 Siquidem
1162 2107 1204 2153 ea
1220 2081 1407 2181 respiciunt
1423 2096 1484 2155 aut

368 2188 553 2262 naturalem
579 2190 679 2263 linem
704 2192 927 2281 matrimonii,
955 2209 1014 2267 aut
1037 2192 1149 2268 cilicia
1173 2196 1370 2293 coniugum,
1392 2220 1482 2297 quae

366 2302 538 2378 vinculum
555 2321 824 2406 consequuntur,
845 2333 988 2407 quorum
1006 2325 1116 2383 tamen
1135 2310 1248 2409 praxis
1265 2325 1299 2382 et
1314 2336 1399 2383 usus
1417 2309 1482 2383 im·

367 2415 476 2516 pediri
489 2433 617 2518 potest,
632 2418 789 2494 manente
798 2420 946 2495 vinculo.
963 2421 1123 2522 Alioquin
1138 2422 1166 2495 si
1182 2422 1377 2497 discesserit
1392 2423 1484 2497 iusta

366 2528 409 2606 de
420 2558 526 2607 musa
535 2533 588 2608 uir
599 2561 620 2608 a
632 2533 771 2610 muliere
780 2534 855 2609 siue
867 2535 1013 2623 itineris,
1029 2538 1103 2611 sire
1113 2538 1237 2636 negotii
1250 2538 1394 2612 alicuius
1408 2564 1483 2637 gra-

367 2646 430 2735 tia,
459 2663 517 2722 aut
538 2647 573 2721 in
594 2648 822 2747 captivitatem
840 2648 939 2722 luerit
955 2649 1140 2741 abductus,
1159 2666 1218 2726 aut
1233 2649 1427 2726 cursoribus
1448 2668 1483 2726 et

366 2761 510 2836 maculis
527 2765 753 2863 mancipatus,
774 2765 847 2837 siue
871 2790 954 2838 uxor
978 2764 1179 2840 infirmitate.
1194 2766 1347 2854 detenta,
1368 2767 1481 2841 autin

365 2880 529 2949 mmomm
555 2878 656 2950 luerit
680 2878 851 2975 regionam
876 2878 1041 2969 abducta,
1069 2879 1250 2954 vinculum.
1266 2880 1379 2981 ipsum
1395 2880 1482 2955 iorot

365 2988 581 3063 dissolutum.
604 2991 699 3077 Quod
719 2992 864 3090 prolecto
881 3020 991 3093 neque
1012 2992 1195 3069 aduersarii
1213 2993 1343 3081 (licent,
1362 3009 1480 3094 utpote

366 3102 565 3176 absurdum.
588 3105 799 3208 Quapropter
815 3108 846 3181 si
862 3109 1033 3183 'vinculum
1051 3125 1223 3211 permanet
1247 3110 1282 3183 in
1307 3110 1363 3184 bis
1384 3111 1481 3186 aliis·

366 3243 435 3320 que
452 3217 621 3294 similibus
638 3220 792 3307 casibus,
808 3222 893 3297 adeo
910 3239 1029 3298 utnon
1048 3224 1205 3298 desinant
1219 3250 1298 3299 rere
1318 3225 1480 3324 coningos

365 3338 464 3422 ess'e,
491 3335 625 3410 etiamsi
650 3336 752 3410 simul
772 3337 970 3412 'cohabitare
995 3356 1178 3439 nequeant,
1198 3341 1299 3413 otiam
1321 3341 1410 3414 iusto
1427 3340 1482 3413 in-

363 3449 571 3524 terveniente
594 3450 761 3538 divortio,
790 3451 912 3549 iugiter
927 3452 1098 3528 uneulum
1116 3469 1317 3552 perseverat.
1343 3453 1481 3529 Falsum

365 3564 545 3662 igiturest
569 3565 670 3667 quod
685 3566 896 3640 Chemnitiu's
921 3568 1242 3669 assemt'pontifieia
1266 3568 1326 3643 illa
1342 3595 1481 3671 separa·

368 3680 459 3755 tione
482 3679 598 3754 multis
622 3696 657 3754 et
679 3681 783 3754 uariis
807 3681 920 3756 'm'odis
936 3682 1108 3757 vinculum
1125 3684 1272 3782 coniugii
1298 3683 1404 3773 solvi,
1429 3701 1482 3759 nt-

359 3804 434 3893 'que
458 3794 613 3869 homines
638 3804 805 3896 separare
820 3796 911 3897 quod
935 3798 1027 3871 Deus
1052 3799 1235 3873 coniunxit.
1286 3806 1289 3811 ’

439 3908 537 3995 Quod
562 3910 688 3983 dimum
712 3925 766 3984 est
789 3909 834 3984 de
856 3909 991 3985 biblicis
1017 3912 1183 4002 textibus,
1204 3913 1295 3986 idem
1312 3914 1355 3986 de
1377 3914 1482 3989 allata

367 4023 628 4124 pervulgataque
644 4025 856 4100 matrimonii
880 4026 1076 4101 delinitione
1104 4028 1236 4102 censeri
1269 4029 1381 4104 debet.
1416 4030 1481 4104 llla

364 4140 456 4212 enim
482 4140 657 4215 individua
680 4141 771 4216 vitae
794 4141 1003 4217 consuetudo
1028 4143 1226 4217 naturaliter
1247 4166 1289 4218 ac
1314 4171 1374 4244 per
1398 4168 1438 4220 se
1457 4171 1481 4219 a

366 4253 568 4352 coniugibus
592 4255 776 4332 intenditur
799 4255 891 4331 ‘velut
913 4256 1041 4335 [motus
1066 4275 1100 4333 et
1126 4257 1266 4361 sequela
1294 4258 1368 4334 initi
1396 4285 1480 4335 con·

425 4402 568 4466 -tttllntu
623 4416 626 4423 '
915 4416 918 4431 ¹
