3234 5084
334 431 401 499 toi
476 451 537 500 ιιι.
555 450 603 500 ιιι.
621 448 707 499 ιιιι.
724 447 855 499 strena.
873 450 912 498 ιιιι
930 447 1153 499 rarissumi.
1171 446 1293 498 censs.

332 594 487 641 scussum
513 566 620 639 luisse
648 590 763 637 casum
793 564 971 637 cuiusdam
995 564 1058 636 viri
1084 563 1194 660 graeei
1220 565 1278 663 qui
1298 562 1446 639 dissolu-

332 685 455 756 tionem
486 680 631 776 coniugii
658 680 701 753 ob
732 679 933 752 adulterium
965 679 1079 752 uxoris
1105 705 1189 752 suae
1212 680 1384 753 convictae
1413 700 1447 754 et

332 797 523 881 confessae,
552 795 653 866 etiam
680 810 756 893 post
780 795 980 866 sententiam
1010 818 1148 890 graecae
1174 793 1295 891 synodi
1314 794 1447 868 solutio

333 937 409 984 nem
438 910 647 983 decernentis
675 909 834 1007 petebat:
865 925 898 980 et
924 932 1055 981 sacmm
1081 907 1145 980 hoo
1167 905 1311 979 tribunal
1339 909 1448 982 decre-

334 1026 424 1099 visse
440 1025 632 1121 coniugium
658 1023 771 1122 quoad
794 1021 965 1094 vinculum
984 1018 1219 1094 indissolubile
1244 1021 1445 1119 persistere,

336 1166 396 1212 nec
409 1138 591 1213 ullomodo
611 1163 712 1236 posse
729 1136 838 1208 virum
858 1134 953 1207 illum
973 1161 1077 1207 novas
1096 1133 1183 1207 inire
1207 1135 1343 1233 nuptias
1358 1137 1445 1230 (il).

419 1256 467 1326 Ειι
492 1255 655 1326 hactenus
680 1251 844 1351 expositis
875 1277 1015 1350 pronum
1040 1265 1093 1323 est
1121 1249 1277 1347 eolligere
1311 1254 1346 1321 i.
1374 1250 1450 1325 licet

336 1396 479 1445 errorem
502 1372 702 1467 'graecorum
734 1367 916 1466 practicum
953 1366 1064 1467 potius
1098 1392 1198 1464 quam
1235 1365 1448 1441 theoreticam

336 1488 379 1560 de
404 1485 570 1559 solutione
593 1484 741 1581 coniugii
776 1499 911 1583 propter
940 1481 1140 1554 adulterium
1167 1507 1247 1555 esse
1270 1482 1445 1569 dicamus,

338 1619 447 1675 tamen
465 1600 697 1701 quaestionem
712 1624 783 1697 per
808 1625 845 1670 se
872 1596 964 1670 nulla
990 1623 1128 1696 prorsus
1146 1598 1274 1671 ratione
1295 1599 1344 1671 uti
1362 1624 1452 1671 mere

338 1716 591 1815 disciplinarem
617 1715 762 1813 spectari
798 1739 924 1812 posse,
961 1712 1021 1785 sed
1047 1712 1236 1786 habendam
1268 1739 1347 1787 esse
1376 1740 1452 1788 rere

340 1830 558 1905 doctrinalem
585 1846 687 1929 atque
719 1829 963 1926 dogmaticam3
993 1829 1026 1898 2.
1055 1845 1233 1929 utramque
1261 1847 1449 1930 praeterea,

340 1944 533 2019 orientalem
559 1943 690 2017 scilicet
711 1959 745 2016 et
769 1941 1009 2015 occidentalem
1034 1941 1232 2031 ecelesiam,
1257 1943 1375 2042 primis
1400 1969 1453 2016 se-

341 2061 426 2134 culis
457 2060 546 2132 circa
575 2058 728 2131 eamdem
762 2058 997 2143 consensisse,
1031 2082 1094 2129 neo
1124 2056 1226 2129 ullam
1258 2059 1322 2131 hac
1352 2058 1395 2132 de
1419 2085 1453 2132 re

343 2178 430 2249 inter
454 2202 512 2250 eas
538 2176 715 2248 excitatam
742 2174 847 2247 luisse
864 2174 1139 2259 controversiam
1162 2172 1194 2244 3.
1216 2175 1368 2274 eoepisse
1383 2176 1455 2275 qui-

343 2293 419 2365 dem
445 2291 605 2391 temporis
631 2306 738 2363 tractu
764 2288 855 2387 apud
881 2313 1019 2385 graecos
1042 2305 1076 2361 et
1105 2288 1284 2362 orientales
1315 2315 1455 2362 eonsue-

344 2405 492 2480 tudinem
519 2404 686 2478 introduci
707 2403 858 2478 solvendi
883 2403 1039 2500 coniugia
1065 2403 1099 2474 in
1117 2429 1198 2476 casu
1217 2403 1384 2491 adulterii;
1403 2430 1456 2478 re

343 2551 418 2596 rum
443 2521 608 2597 eiusmodi
631 2520 886 2595 consuetudinis
911 2519 1073 2615 originem
1098 2519 1310 2617 repetendam
1336 2545 1456 2593 essee

344 2638 500 2715 civilibus
524 2637 676 2736 legibus,
696 2663 759 2710 nec
782 2637 949 2734 cogitasse
965 2660 1103 2732 graecos
1120 2634 1163 2708 de
1179 2634 1345 2709 eiusmodi
1363 2637 1455 2736 praxi

346 2757 417 2829 sive
442 2756 705 2853 Scripturarum,
734 2754 806 2826 sive
831 2768 961 2851 patmm
986 2750 1186 2824 testimoniis
1210 2750 1457 2824 cohonestanda

347 2870 413 2942 nisi
440 2870 564 2956 serius,
585 2895 660 2942 cum
686 2868 751 2941 hae
775 2866 818 2940 de
842 2892 945 2940 causa
962 2864 1130 2963 obiurgari
1147 2882 1329 2965 coepemnt
1345 2865 1388 2939 ab
1404 2891 1458 2938 eo-

425 3109 476 3172 (te)
491 3110 532 3160 sio
552 3111 626 3160 etiam
646 3122 661 3160 a
681 3123 752 3175 eoog.
773 3109 872 3161 couelii
885 3109 1004 3174 reperitur
1015 3109 1073 3161 (lata
1085 3110 1144 3162 liaeo
1158 3109 1275 3161 resolutio
1288 3109 1315 3159 in
1327 3108 1458 3160 Tleaosro

348 3189 501 3240 resolution.
516 3190 604 3240 Urbini
625 3196 691 3242 tias.
708 3190 755 3241 sub
774 3191 848 3243 titulo
867 3190 985 3242 Dulium
1003 3193 1166 3242 matrimonii
1187 3198 1224 3241 15.
1243 3192 1295 3240 lan.
1318 3194 1385 3241 till.
1398 3194 1458 3251 Age·

349 3270 421 3320 batur
441 3269 472 3320 de
493 3270 601 3334 quodam
620 3271 725 3334 Georgia
745 3270 862 3323 ‹l'lscoti
882 3271 1116 3336 graeoooatholioo,
1134 3268 1177 3333 qni
1198 3269 1381 3320 matrimonium
1399 3282 1456 3319 con·

349 3352 456 3400 traxerat
474 3363 531 3400 cum
552 3350 654 3401 muliere
674 3351 802 3401 lotlierana
821 3365 905 3402 eoram
925 3350 1022 3401 duobus
1042 3350 1144 3401 lestibm
1161 3352 1187 3400 et
1206 3350 1363 3415 praeffloante
1381 3349 1459 3400 lullae·

350 3444 411 3481 runo
427 3431 563 3483 incivitate
576 3431 779 3494 wiburgi,quae
796 3432 845 3485 sila
864 3438 901 3483 esi
918 3432 944 3481 tn
959 3432 1094 3495 Floronia,
1114 3444 1178 3496 quae
1192 3445 1249 3497 pars
1264 3434 1302 3500 est
1320 3431 1387 3497 regni
1400 3434 1457 3482 sre

350 3511 415 3573 vici,
427 3524 533 3575 ournque
551 3512 670 3574 Georgius
689 3512 791 3562 militem
812 3524 886 3574 ageas
906 3512 1018 3575 captivus
1037 3511 1116 3562 lactus
1127 3512 1212 3562 luisset
1224 3511 1256 3562 ab
1272 3512 1461 3576 homonepost

351 3590 456 3640 reditum
474 3591 643 3655 acaptiritate
653 3594 703 3642 tras
720 3590 800 3653 tilios,
813 3604 839 3641 se
851 3590 966 3653 somate,
978 3604 993 3641 ι
1009 3604 1053 3641 ιιιι
1066 3604 1142 3642 uxore
1158 3591 1296 3656 progenitos
1317 3591 1459 3654 micuisset,

352 3683 406 3721 eam
424 3670 450 3720 in
470 3671 587 3722 iudicium
601 3671 706 3721 vocarit.
723 3673 836 3734 cumque
853 3672 906 3734 ipsa
918 3669 1007 3734 triplex
1021 3670 1131 3722 oontema
1143 3670 1218 3722 luerit
1230 3670 1394 3733 adeledam,
1406 3684 1460 3734 pro·

351 3752 401 3800 lata
418 3752 456 3801 esi
475 3751 594 3802 ιιιιιιιιιίι
614 3751 639 3800 in
661 3750 755 3813 synodo
774 3750 806 3801 de
825 3750 986 3803 dissolutione
1004 3751 1154 3802 matrimonii
1171 3750 1252 3815 quood
1272 3751 1416 3813 viaculum,
1435 3755 1461 3800 et

351 3832 461 3882 libertate
484 3832 581 3894 Georgii
609 3832 642 3881 ad
662 3832 723 3882 alias
748 3833 848 3897 nuptias
872 3833 1016 3884 trameuurll
1047 3833 1117 3885 iusta
1142 3846 1284 3897 ιιιιιιιιιιιι
1306 3833 1400 3896 praxim
1418 3845 1460 3883 ιιι

353 3910 472 3973 abusum,
486 3911 759 3975 interpretationemque
777 3925 793 3962 a
812 3914 907 3976 graecis
926 3912 1008 3964 damni
1026 3912 1152 3964 doctrinae
1162 3926 1182 3964 ι.
1198 3913 1297 3975 liasilii,
1309 3912 1336 3962 in
1353 3925 1404 3975 qua
1419 3926 1460 3975 po·

355 3990 475 4041 tissimum
488 3990 597 4055 synodus
607 4005 666 4042 suae
687 3993 821 4044 sententiae
834 3995 943 4058 reposuit
960 3993 1153 4044 tundamentum.
1170 3992 1328 4056 cumquest
1343 3991 1464 4056 praelatae

352 4071 486 4121 seniemiae
500 4083 611 4120 normam
626 4074 746 4135 Georgius
760 4073 906 4123 ratleicum
919 4073 968 4123 alia
986 4072 1108 4137 foemina,
1119 4073 1160 4123 cul
1179 4086 1248 4124 suam
1263 4071 1337 4122 fldem
1352 4071 1460 4134 delerat,

353 4148 537 4199 matrimonium
554 4151 712 4213 contrahere,
726 4154 793 4213 pater
815 4151 963 4215 Apollinaris
981 4152 1128 4216 cspocoinus
1143 4152 1312 4202 missiooarlus
1328 4151 1353 4201 lo
1369 4154 1461 4202 liosoo·

354 4228 412 4291 ris,
424 4227 514 4293 degens
530 4230 669 4293 Petropoll,
687 4229 799 4281 inducias
818 4244 834 4280 a
854 4229 958 4293 Georgia
979 4230 1099 4295 obtinuit,
1120 4234 1149 4282 ut
1166 4244 1187 4282 s.
1199 4230 1269 4282 sodis
1287 4229 1405 4281 iudicium
1422 4243 1463 4280 ex·

355 4307 472 4370 uoueret.
492 4312 528 4359 lle
542 4306 576 4359 ‘ad
598 4322 647 4359 sac.
670 4313 807 4373 congregat.
829 4323 863 4360 ιι.
888 4309 1052 4373 inquisitionis
1072 4312 1167 4376 deira,
1181 4324 1243 4376 resp.
1254 4313 1395 4373 ,marom
1411 4322 1461 4361 ιιιιι

354 4398 429 4449 pesse
449 4384 526 4436 aliud
544 4388 742 4439 matrimonium
759 4387 914 4439 conuehere
929 4400 984 4452 pag.
997 4396 1091 4453 ssoqq.
