3234 5084
319 417 365 486 68
488 437 550 489 iis.
571 436 619 487 iii.
640 434 726 487 siidt.
747 433 771 484 l.
792 434 833 484 nit
854 433 950 486 narn.
967 432 1089 485 tumst.
1109 433 1255 483 usitare.

364 554 455 631 'Hoc
481 555 595 655 itaque
619 552 752 628 sublato
774 568 890 653 utpote
912 553 999 653 soleo
1023 553 1234 642 documento,
1259 549 1429 651 expende‘

311 696 389 745 mus
414 669 556 744 alterum
576 684 726 768 oportet,
746 668 838 767 quod
858 667 901 741 ad
920 668 1033 742 minus
1054 670 1263 767 aequivocum
1279 666 1428 740 diximus

310 787 355 861 ad
369 785 572 860 fulciendam
586 784 824 886 polygamiam.
835 783 1032 857 Desumitur
1041 810 1121 857 vero
1133 810 1174 856 ex
1186 781 1330 882 epistola
1348 781 1428 854 Gre-

310 903 396 1003 gorii
414 902 560 976 lunioris
579 927 640 974 seu
661 902 704 971 ll.
722 901 765 973 ad
786 926 816 973 s.
829 899 1038 973 Bonilacium
1059 899 1118 999 qui
1143 898 1337 997 pontificem
1363 896 1428 970 hac

310 1018 356 1092 de
381 1044 417 1091 re
448 1017 732 1115 interrogaverat,
759 1015 843 1117 quid
869 1015 958 1088 iacto
983 1040 1069 1114 opus
1100 1014 1201 1087 fuerit
1233 1012 1428 1086 infirmitate

310 1134 484 1208 laborante
496 1132 674 1206 cniusdam
690 1130 816 1206 uxore?
829 1130 1057 1231 Respondisse
1074 1147 1185 1203 autem
1203 1129 1353 1228 pontifex
1370 1128 1427 1202 his

308 1250 422 1325 verbis
439 1248 650 1347 perhibetur:
667 1250 776 1321 «Nam
792 1247 885 1346 quod
906 1246 1128 1346 proposuisti,
1144 1243 1235 1345 quod
1255 1245 1285 1317 si
1307 1243 1431 1317 mulier

310 1363 505 1437 infirmitate
534 1379 687 1462 correpta
712 1388 779 1434 non
805 1360 949 1435 valuerit
980 1360 1131 1433 debitum
1156 1360 1230 1432 viro
1260 1358 1425 1445 reddere,

309 1480 392 1581 quid
417 1479 492 1553 eius
518 1478 618 1553 faciat
642 1476 792 1575 iugalis?
823 1478 950 1551 Bonum
977 1492 1090 1564 osset,
1119 1474 1150 1549 si
1177 1475 1228 1548 sic
1253 1500 1428 1574 permane-

308 1613 377 1685 ret,
397 1612 435 1669 nt
451 1590 837 1670 abstinentiae'vaceret.
858 1594 923 1667 Sed
941 1594 1023 1695 quia
1047 1593 1113 1667 hoc
1136 1617 1335 1690 magnorum
1354 1606 1423 1679 est,

309 1709 366 1784 ille
394 1711 546 1810 quinon
572 1708 693 1808 poterit
717 1707 905 1795 continere,
935 1707 1040 1780 nubat
1061 1707 1190 1805 magis:
1217 1732 1284 1779 non
1314 1720 1426 1778 tamen

311 1823 457 1899 subsidii
483 1848 582 1922 opem
614 1820 789 1895 subtrahet
815 1821 860 1894 ah
883 1821 966 1909 illa,
995 1822 1097 1921 quam
1124 1819 1303 1893 infirmitas
1327 1843 1427 1918 prae·

309 1941 417 2041 pedit,
433 1953 467 2012 et
479 1965 547 2011 non
564 1934 773 2011 deoestahilis
791 1936 891 2037 culpa
907 1935 1054 2010 excludit
1069 1935 1296 2033 (173).»Βὶιί
1314 1950 1427 2009 sutem

310 2055 477 2130 eiusmodi
496 2051 688 2127 subsidium
700 2053 817 2126 solnm
832 2055 1062 2151 aequivocum,
1078 2052 1182 2153 idque
1194 2066 1265 2124 tum
1277 2077 1319 2124 ex
1332 2067 1427 2152 parte

310 2170 499 2256 historica,
532 2184 602 2243 tum
633 2194 674 2240 ex
699 2182 793 2268 parte
819 2166 976 2240 iuridica.
1001 2168 1132 2240 Etenim
1158 2167 1271 2266 quoad
1296 2183 1426 2265 partem

309 2284 504 2359 historicam
518 2284 584 2356 hoc
597 2282 767 2384 pontificis
780 2282 981 2382 rescriptum
993 2281 1052 2353 elii
1066 2283 1101 2353 in
1114 2282 1256 2355 dubium
1271 2300 1430 2358 revocant

307 2425 350 2472 ex
367 2424 408 2472 eo
426 2397 516 2497 quod
538 2396 602 2471 sub
622 2397 697 2470 eius
717 2421 913 2471 successore
938 2396 1099 2470 Zacharia
1124 2397 1280 2497 quamvis
1306 2396 1427 2472 sedulo

309 2514 344 2585 in
371 2508 532 2587 archiviis
553 2510 702 2586 romanis
719 2511 947 2610 conquisitum
966 2511 1082 2599 luerit,
1103 2526 1271 2610 repertum
1289 2513 1428 2586 minime

308 2714 363 2767 cap.
374 2709 413 2753 ti.
423 2700 569 2755 iibivnec
579 2713 628 2751 non
640 2700 775 2762 Mnasias
784 2699 811 2750 in
821 2697 919 2750 annm.
927 2697 1228 2763 paleadensis-sicat&
1237 2704 1337 2750 ansis.
1347 2712 1372 2748 n.
1380 2701 1423 2750 iv.

308 2781 353 2844 qni
368 2792 425 2831 cum
440 2781 520 2829 totum
533 2780 581 2829 hoc
595 2777 720 2842 negotium
741 2778 911 2842 expendisset,
925 2777 1065 2828 concludit:
1074 2799 1087 2822 «
1098 2780 1169 2836 Quae
1188 2780 1262 2841 igitur
1281 2777 1313 2829 de
1333 2777 1429 2829 innisa

308 2859 404 2922 virgine
418 2860 531 2909 socrates
546 2860 643 2921 narmi,
657 2870 689 2909 eo
703 2859 767 2909 aunt
778 2871 796 2907 u
806 2870 869 2907 uero
877 2870 987 2921 maus
1003 2858 1101 2909 olene.
1116 2859 1236 2910 Defuncto
1250 2873 1308 2923 ergo
1320 2861 1427 2923 serere,

310 2938 497 2990 Valentinianus
510 2938 617 2989 Iustinae
630 2938 729 3000 nuptias
744 2936 850 3001 adeptus
862 2939 924 2987 est.»
936 2941 1005 2995 Quae
1015 2951 1073 2988 cnm
1085 2938 1121 2989 ita
1133 2940 1197 3002 sint,
1212 2940 1293 2989 nescio
1308 2940 1374 2991 unde
1384 2939 1426 2991 de·

310 3016 443 3080 sumpserit
448 3026 533 3067 recena
541 3019 627 3066 anaim
636 3015 783 3079 Basnsgium
792 3015 914 3067 adducere
921 3028 967 3082 pro
976 3016 1113 3081 polygamia
1121 3017 1199 3081 legem
1207 3021 1231 3069 et
1239 3019 1330 3070 iactum
1339 3020 1427 3069 valen·

309 3096 441 3159 tinianl,et
449 3096 561 3160 Gregorii
571 3097 673 3147 ii.rom.
681 3095 814 3160 pontilicis,
822 3109 879 3148 cum
887 3097 1020 3161 magius
1030 3098 1146 3151 refellerit
1154 3101 1287 3163 Socratem,
1295 3112 1340 3150 nec
1350 3099 1427 3150 ullam

311 3188 411 3240 prorsus
423 3174 535 3239 Gregorii
549 3177 580 3225 11.
591 3176 740 3226 mentionem
750 3176 869 3227 iniecerit.
880 3178 986 3226 Rursum
999 3177 1105 3228 baronio
1118 3190 1147 3228 er
1162 3191 1212 3240 qno
1225 3190 1271 3228 uos
1283 3179 1428 3241 argumenta

310 3254 343 3305 ad
352 3254 460 3305 socratis
475 3253 635 3318 respuendam
651 3253 817 3304 narrationem
827 3254 1009 3319 desumpsimus
1020 3256 1184 3320 adstipulatus
1192 3256 1266 3306 etiarn
1277 3259 1314 3307 est
1325 3270 1356 3307 ex
1369 3270 1425 3320 pro·

311 3333 459 3386 natatibus
476 3333 594 3384 iielchior
613 3332 740 3385 zeidlarns
754 3333 780 3382 in
796 3333 1065 3399 Tractdepoiygamtr
1076 3349 1102 3400 p.
1117 3340 1160 3386 117
1173 3348 1243 3399 seqq.
1254 3335 1429 3387 Waechtierns

311 3417 394 3466 umen
405 3412 432 3463 in
442 3413 514 3477 epist.
529 3412 562 3464 ad
578 3415 614 3463 io.
625 3411 796 3463 Burehardnm
814 3413 983 3465 Meucienium
1001 3415 1093 3466 maesta
1102 3416 1173 3466 Actia
1186 3414 1314 3466 meditor.
1327 3417 1389 3466 tom.
1401 3422 1425 3467 5.

311 3490 479 3559 snppietnenti
491 3506 517 3557 p.
530 3499 573 3544 ios
591 3506 643 3556 seq.
656 3506 701 3543 nec
715 3505 765 3543 non
774 3491 892 3544 Vedeiins
906 3494 950 3544 iiio.
963 3497 1001 3546 Dc
1014 3495 1161 3559 pncdentta
1178 3498 1273 3546 netem
1289 3495 1427 3557 melariae,

312 3588 338 3639 p.
355 3582 412 3627 229.
427 3573 577 3637 andquioras
597 3572 718 3623 lutherani
735 3573 835 3623 baronii
851 3578 993 3639 momenta
1004 3575 1036 3625 ad
1046 3589 1087 3626 an.
1104 3580 1158 3627 tio.
1170 3576 1232 3626 nihil
1249 3575 1322 3626 solidi
1338 3575 1429 3627 emus

314 3654 446 3705 affirmant.
454 3653 521 3706 Adeo
531 3655 635 3716 pomoni
644 3652 769 3704 inanimis
777 3654 910 3719 anudpata
918 3654 1025 3706 iudicia!
1037 3656 1076 3705 ct.
1083 3658 1178 3718 praeter
1184 3655 1316 3707 Remulum
1330 3669 1370 3709 an.
1381 3656 1426 3707 cit.

315 3749 342 3785 n.
353 3739 396 3786 itt
413 3747 465 3798 seq.
473 3734 599 3786 valesium
608 3735 635 3786 in
644 3734 749 3785 notisad
758 3735 806 3786 loe.
814 3736 985 3799 cit.socretis,
997 3735 1099 3799 Papium
1107 3736 1132 3785 in
1141 3739 1192 3787 not.
1200 3736 1231 3786 ad
1243 3750 1283 3786 an.
1295 3740 1350 3787 ⁸75.
1361 3749 1387 3787 n.
1399 3744 1424 3789 t.

312 3817 369 3865 ilat
376 3816 478 3866 Menan
490 3815 516 3866 in
528 3828 578 3867 sec.
589 3817 661 3865 iiim.
670 3815 716 3864 uit.
722 3817 769 3866 art.
777 3817 820 3865 iv.
827 3817 907 3878 itque
916 3815 980 3866 inter
988 3815 1055 3879 ipsos
1063 3818 1224 3879 protestantes
1234 3818 1331 3880 praeter
1337 3818 1427 3867 Basns·
1470 3868 1477 3895 Ι

315 3895 381 3958 pum
387 3932 395 3959 ,
406 3895 600 3947 Pudendortium
610 3898 649 3946 De
658 3897 718 3945 ture
725 3897 841 3946 noturus
850 3898 876 3946 ct
886 3898 1013 3961 pontium.
1024 3897 1177 3948 Franeoiurtt
1187 3897 1219 3948 ad
1230 3899 1345 3948 Moenum
1356 3901 1425 3948 tite.

316 3976 377 4024 tom·
390 3974 411 4024 1.
424 3973 670 4037 itb.vi.csp.1.ite
686 3976 804 4025 marim.
815 3973 840 4038 §.
853 3981 890 4026 is.
901 3978 926 4025 et
937 3974 1079 4026 Bnddaeum
1099 3978 1191 4027 instit.
1212 3975 1292 4027 theol.
1308 3975 1425 4040 deumne.

314 4054 411 4118 Lipsiae
426 4058 493 4110 tiit.
503 4054 547 4109 lib.
557 4057 588 4104 V.
600 4066 623 4105 e.
634 4057 678 4105 vi.
690 4054 714 4118 §.
723 4060 762 4106 tt.
773 4055 799 4105 in
810 4057 862 4106 not.
872 4068 928 4119 pag.
943 4063 1010 4108 isis.
1021 4055 1066 4120 qui
1078 4057 1168 4120 pariter
1178 4056 1299 4108 eiusmodi
1311 4056 1426 4107 tabellam

311 4134 449 4185 munst.
460 4136 543 4192 Quare
551 4133 641 4185 mirum
654 4136 705 4197 est,
719 4135 788 4199 qnod
798 4135 854 4186 sit.
865 4135 991 4186 Fabricius
1001 4136 1027 4186 in
1039 4149 1084 4187 sua
1091 4136 1293 4201 Biblioprophtu
1303 4138 1427 4201 antiquu-

314 4216 370 4275 rto,
382 4227 405 4264 c.
417 4215 470 4263 iiii.
480 4213 504 4277 §.
516 4217 547 4263 x.
558 4214 640 4265 adhue
653 4215 722 4267 risus
738 4216 772 4265 sit
789 4215 854 4266 hanc
870 4217 978 4267 &onds
996 4216 1161 4267 mundonem
1171 4217 1309 4268 admittere.

386 4293 453 4356 (iis)
467 4294 538 4358 apud
557 4295 694 4358 limiaehn,
713 4296 833 4347 coneilio
849 4300 1009 4359 umentes.
1025 4297 1114 4347 coion.
1129 4299 1229 4364 agripp.
1249 4303 1317 4351 itas.
1331 4301 1392 4349 iem.
1404 4300 1426 4347 i.

314 4386 340 4435 n.
354 4378 392 4427 si.
400 4386 430 4424 ac
439 4374 542 4427 retertur
551 4388 567 4426 a
576 4376 694 4427 Gratiano
705 4378 793 4429 cauae
804 4379 902 4428 xxiiii.
917 4390 943 4441 q.
956 4379 998 4428 vi.
1009 4390 1063 4441 cap.
1074 4379 1161 4429 xviii.
