3234 5084
343 443 388 512 tt
518 461 582 513 ιιι.
597 461 645 514 m.
661 460 747 514 sacr.
769 464 792 512 ι.
813 461 854 512 ιι
871 459 966 512 urm.
981 456 1105 512 osnrsr.
1125 456 1268 512 umnam.

341 578 425 656 viris
449 579 607 666 mortuis,
634 577 739 652 nubat
761 579 925 653 foemina:
950 603 1012 652 neo
1030 603 1072 650 ex
1096 603 1170 652 meo
1194 577 1295 651 corde
1319 588 1453 677 praeter

342 692 533 793 Scripturas
549 707 685 768 sanotae
700 693 950 778 auctoritatem,
971 690 1174 791 quotaslibet
1190 691 1326 792 nuptias
1343 691 1454 767 audeo

344 808 565 884 condemnare
592 808 720 903 (72).»

417 922 508 997 llaec
532 922 770 996 confirmantur
793 948 834 995 ex
851 922 894 995 iis
913 947 1002 1022 quae
1026 921 1199 1022 respondit
1215 920 1372 995 Christus
1387 921 1458 996 llo-

345 1038 457 1112 minus
483 1036 684 1111 sadducaeis
709 1036 753 1109 ab
776 1063 817 1110 eo
840 1036 1089 1111 sciscitantibus
1112 1038 1210 1110 ouius
1230 1036 1343 1110 lutura
1366 1053 1459 1111 esset

344 1177 444 1239 uxor,
464 1178 551 1251 quae
568 1166 696 1249 septem
716 1149 874 1224 fratribus
892 1167 1062 1251 nupserat.
1084 1152 1168 1224 Nam
1186 1176 1261 1224 eam
1273 1176 1340 1225 non
1360 1151 1457 1225 dam-

345 1281 404 1340 net
420 1266 511 1365 quod
528 1280 657 1364 septem
672 1264 755 1339 viris
773 1266 961 1363 nupsisset,
982 1280 1019 1338 ut
1036 1265 1157 1338 iterum
1174 1264 1329 1340 observat
1347 1291 1378 1339 s.
1393 1265 1459 1339 Au-

345 1381 501 1479 gustinus
513 1379 682 1453 scribens:
707 1381 847 1478 «Ipsum
866 1406 1002 1480 quoque
1019 1380 1244 1480 apostolorum
1257 1380 1457 1477 magistrum

346 1513 380 1569 et
394 1494 574 1568 Dominum
596 1494 697 1567 audio
714 1493 916 1567 sadducaeis
933 1494 1215 1593 respondentem,
1235 1519 1312 1568 cum
1335 1520 1460 1596 propo-

346 1609 497 1684 suissent
512 1606 685 1681 mulierem
699 1633 766 1681 non
785 1607 971 1696 univiram,
990 1606 1044 1681 vel
1060 1606 1222 1694 biviram,
1244 1608 1320 1696 sed,
1341 1609 1371 1682 si
1389 1609 1459 1682 dici

346 1740 479 1826 potest,
511 1723 731 1824 septiviram,
764 1722 799 1794 in
829 1722 1070 1797 resurrectione
1099 1723 1196 1796 cuius
1230 1723 1341 1797 lutura
1369 1741 1462 1799 esset

348 1865 443 1913 uxor.
467 1840 648 1937 lncrepans
668 1836 758 1909 enim
778 1862 855 1924 eos,
874 1835 939 1925 ait,
962 1836 1115 1922 Emotis,
1138 1863 1203 1909 uon
1221 1838 1355 1910 scientes
1370 1839 1461 1911 Scri-

342 1967 481 2051 pturus,
508 1976 609 2049 ecque
631 1950 784 2022 uirtutem
803 1951 876 2024 Ilei.
904 1949 947 2023 Iu
970 1952 1199 2023 retentatione
1219 1952 1306 2023 culm
1324 1978 1381 2024 uec
1396 1978 1458 2025 uu-

333 2067 438 2152 deut,
458 2093 515 2140 uec
531 2092 649 2140 uxore
667 2068 794 2139 ducem:
814 2093 879 2139 uou
895 2067 980 2139 cuim
995 2067 1151 2164 incept'eut
1166 2068 1266 2151 nuri,
1287 2066 1345 2139 sed
1361 2082 1460 2140 eruut

345 2181 498 2280 aequales
511 2184 636 2282 sepelis
654 2186 728 2259 Ilei.
749 2186 874 2259 Eorum
891 2183 1005 2282 itaque
1022 2181 1299 2256 resurrectionem
1316 2207 1460 2256 comme-

348 2296 507 2385 moravit,
535 2300 594 2398 qui
620 2317 792 2399 resurgent
817 2298 1010 2384 advitam,
1039 2321 1107 2369 non
1132 2296 1191 2396 qui
1216 2313 1391 2394 resurgent
1415 2297 1460 2371 ad

348 2438 503 2512 poenam.
532 2415 642 2489 Potuit
658 2443 737 2516 ergo
762 2415 894 2503 dicere,
914 2411 1035 2486 erratis
1055 2411 1243 2485 nescientes
1269 2412 1460 2511 Scripturas

348 2552 459 2628 neque
476 2529 632 2604 umutem
650 2532 730 2619 Ilei,
754 2532 789 2602 in
807 2530 866 2603 illa
882 2528 971 2602 enim
988 2526 1230 2601 resurrectione
1251 2526 1461 2602 multinubae

349 2643 436 2718 istae
458 2670 535 2719 esse
559 2672 626 2720 non
652 2661 824 2747 poterunt:
852 2643 975 2717 deinde
999 2641 1143 2730 addere,
1164 2642 1246 2742 quia
1262 2668 1326 2716 uec
1344 2641 1460 2743 aliqua

349 2756 397 2830 ibi
415 2758 522 2832 nubit.
543 2759 608 2834 Sed
629 2786 692 2835 nec
708 2761 838 2859 ipsam,
859 2773 896 2831 ut
916 2755 1087 2842 videmus,
1107 2771 1156 2829 tot
1172 2756 1367 2830 maritorum
1384 2782 1461 2830 mn-

349 2869 464 2944 lierem
488 2871 558 2946 ulla
577 2899 659 2947 suae
676 2874 862 2948 sententiae
879 2869 1125 2968 significatione
1142 2869 1315 2945 damnavit
1335 2872 1459 2967 (73).u

422 2984 489 3058 Nec
507 2985 550 3058 eb
571 2986 747 3084 Augustini
765 3012 869 3060 sensu
887 2982 1007 3083 reliqui
1026 2998 1139 3081 patras
1162 2982 1369 3071 abscedunt,
1395 2984 1462 3058 etsi

349 3095 516 3170 interdum
529 3098 695 3174 eiusmodi
708 3099 876 3174 connubia
887 3096 1007 3171 acerbe
1020 3097 1247 3196 perstringant
1257 3114 1358 3198 atque
1370 3098 1464 3171 dam·

351 3237 431 3285 nare
454 3211 642 3286 videantur.
672 3215 722 3288 lta
747 3214 903 3288 Clemens
937 3211 1109 3286 alexandr.
1138 3212 1197 3311 qui
1223 3213 1270 3286 ita
1294 3212 1459 3287 disserite

353 3323 670 3410 «Quemadmodum
691 3327 850 3415 avaritia,
872 3345 906 3401 et
922 3326 1021 3426 plura
1037 3325 1186 3399 habendi
1202 3327 1392 3426 cupiditas,
1413 3325 1465 3399 di·

351 3438 437 3512 citur
466 3438 660 3528 fornicatio,
693 3458 731 3515 ut
756 3467 845 3542 quae
869 3439 1066 3515 adversatur
1093 3439 1335 3527 sufficientiam
1368 3454 1402 3513 et
1425 3457 1465 3514 ut

350 3552 539 3628 idololatria
550 3570 602 3629 est
614 3582 654 3629 ex
670 3582 738 3630 uno
759 3556 794 3629 in
814 3556 937 3631 multos
948 3555 1010 3629 Ilei
1027 3553 1211 3642 attributio,
1227 3555 1273 3629 ita
1285 3554 1463 3630 lomicatio

350 3685 403 3743 est
418 3668 463 3742 ab
479 3696 548 3744 uno
565 3671 777 3744 matrimonio
794 3671 839 3744 ad
856 3669 954 3772 plura
971 3669 1142 3770 prolapsio
1162 3672 1234 3765 (ll)
1251 3727 1259 3756 ,
1276 3700 1294 3740 »
1314 3695 1376 3744 nec
1393 3696 1463 3744 non

351 3811 382 3858 s.
404 3784 581 3883 Gregorius
602 3785 848 3873 nazianzenus,
864 3786 922 3884 qui
940 3783 1091 3884 Apostoli
1110 3784 1212 3859 verba
1225 3799 1463 3861 sacromentum

352 3898 409 3970 doc
429 3925 584 3998 muquum
602 3914 651 3973 est
670 3915 730 3973 cte.
756 3899 969 3999 expendens:
995 3898 1079 3973 baec
1098 3898 1239 3974 scribit:
1269 3899 1371 3972 «Hac
1387 3925 1465 3974 ora·

355 4012 446 4091 tione
470 4013 636 4089 secundas
667 4014 802 4116 nuptias
828 4014 914 4087 mibi
939 4013 1111 4116 deprecari
1135 4014 1279 4089 videtur.
1311 4014 1464 4088 Sionim

426 4237 476 4301 (72)
490 4239 543 4290 mu.
554 4241 669 4293 DeBouo
678 4238 802 4292 uuuttut.
818 4241 939 4305 capxlt
949 4239 1075 4294 edetur.
1084 4239 1317 4306 opscurum.
1327 4243 1433 4304 aleten.

425 4318 476 4462 llll
490 4318 585 4452 lille
601 4400 644 4451 ιιι.
663 4403 706 4452 ιιι.
721 4414 775 4466 pag.
792 4405 846 4455 su.
858 4401 898 4454 su.
911 4403 952 4453 cu.
