3234 5084
309 453 378 503 cnr.
395 453 430 503 rr.
452 454 492 503 ns
506 453 618 503 lucrm.
635 453 730 502 urvo.
746 452 778 500 vn
792 451 883 502 crus.
899 451 1011 501 tuum.
1029 451 1099 500 lor.
1117 452 1140 500 v.
1233 429 1299 498 lll

184 572 277 645 ditus
304 571 492 670 professor,
522 587 559 643 ut
582 569 719 669 planum
746 568 783 641 fit
807 593 848 641 ex
873 568 1007 665 duabus
1033 568 1226 642 memoratis
1252 595 1305 640 re·

182 687 399 761 censionibus
424 686 598 760 Wetstenii
625 702 658 759 et
677 684 886 758 Griesbacbii
908 684 943 755 in
968 684 1058 756 bunc
1076 683 1187 757 locum
1210 685 1300 780 (2⁰).

183 803 319 877 Accedit
338 803 428 901 quod
450 800 564 875 sibae
586 801 713 873 ratione
732 799 783 872 las
810 815 900 873 esset
925 799 973 872 uti
1000 798 1112 872 aliena
1137 823 1239 871 manu
1258 798 1306 871 iu-

184 936 274 993 serta
295 918 431 990 reiicere
447 917 520 990 loea
535 917 668 1003 omnia,
689 942 778 1014 quae
790 915 959 988 variantes
981 914 1141 988 lectiones
1159 913 1304 1001 habent,

183 1034 240 1107 vix
258 1032 357 1105 nobis
374 1031 503 1130 aliquid
524 1047 735 1130 permaneret
751 1056 792 1104 ex
810 1029 917 1102 sacris
941 1028 1078 1117 bibliis,
1099 1054 1174 1103 eum
1193 1027 1308 1102 nullus

197 1149 264 1223 lere
287 1147 382 1222 locus
407 1147 473 1234 sit,
501 1148 560 1247 qui
583 1146 793 1221 variantibus
816 1162 929 1219 careat
957 1144 1182 1231 lectionibus,
1212 1171 1309 1244 prae·
1418 1183 1420 1186 ⁴

186 1264 306 1339 sertim
331 1263 366 1334 in
391 1264 482 1336 Novo
502 1263 735 1349 Testamento,
760 1277 797 1334 ut
811 1260 1035 1360 percurrendo
1052 1284 1171 1334 omnes
1193 1260 1309 1334 editio

186 1408 247 1455 nes
268 1380 404 1454 criticas
426 1379 537 1476 graeei
556 1394 684 1466 textus,
707 1378 853 1479 quisque
871 1376 969 1451 facile
990 1375 1056 1449 sibi
1075 1376 1304 1474 persuadebit.

259 1494 341 1567 Esto
365 1493 533 1567 interdum
554 1519 658 1593 penes
678 1508 807 1567 veteres
831 1491 969 1593 reperiri
990 1489 1172 1590 quamdam
1200 1490 1235 1561 in
1260 1490 1311 1563 al-

186 1609 353 1708 legatione
371 1610 512 1683 duorum
537 1611 678 1682 istorum
701 1625 851 1682 textuum
869 1608 1119 1693 diversitatem,
1141 1623 1240 1705 prout
1257 1632 1311 1679 se-

186 1726 298 1799 cundo
322 1726 396 1799 loco
419 1724 535 1799 obiicit
560 1725 657 1821 Hug;
686 1724 854 1798 eiusmodi
881 1742 992 1798 tamen
1014 1724 1161 1797 varietas
1180 1721 1309 1797 nullum

187 1840 325 1940 praebet
337 1840 408 1914 sive
421 1840 547 1913 clarum
566 1840 638 1914 sive
655 1839 838 1914 obscurum
857 1839 1019 1913 indicium
1033 1839 1076 1912 de
1090 1839 1220 1910 intrusa
1233 1862 1310 1910 cou-

191 1957 320 2030 ditione
345 1971 480 2054 eucepta
504 1957 730 2055 fornicationis
752 1981 870 2039 ceusu,
893 1954 944 2027 ve'l
969 1957 1037 2028 cici
1060 1955 1098 2026 ob
1117 1954 1311 2052 seminatio-

189 2098 280 2155 nem,
308 2096 385 2143 cum
403 2069 578 2170 multiplex
596 2070 681 2145 ratio
699 2069 773 2142 dari
792 2070 900 2167 possit
921 2067 1089 2142 eiusmodi
1105 2066 1311 2141 diversitatis

192 2190 227 2260 in
254 2188 376 2261 borum
402 2203 551 2260 textuum
569 2185 792 2283 allegation03
819 2185 976 2259 videlieet
996 2185 1030 2257 id
1048 2185 1241 2281 contingere
1257 2209 1314 2282 po

192 2305 254 2378 tnit
277 2303 321 2377 ob
338 2328 457 2377 eornm
482 2302 755 2389 similitudinem,
776 2328 844 2402 qua
861 2301 985 2377 lactum
1005 2317 1077 2389 est,
1098 2316 1134 2375 ut
1151 2298 1236 2373 alter
1252 2324 1313 2399 pro

190 2419 296 2492 altero
321 2417 544 2514 allegaretur,
574 2418 672 2491 cuins
699 2417 852 2516 exempla
876 2433 1054 2491 oceumunt
1079 2415 1169 2516 apud
1196 2414 1315 2512 Orige-

192 2560 292 2621 nem,
320 2534 380 2633 qui
409 2549 446 2605 ut
471 2533 643 2606 adnotavit
670 2532 933 2619 Griesbacbiue‚
964 2549 1014 2606 ter
1046 2531 1201 2605 commati
1232 2530 1315 2602 llat-

194 2649 241 2721 tb.
269 2649 356 2720 xlx.
381 2652 414 2720 9.
444 2648 619 2722 substituit
642 2648 761 2721 Mattb.
778 2648 815 2718 V.
839 2649 897 2719 32.
928 2646 1020 2720 ldem
1046 2645 1211 2746 praestitit
1236 2644 1315 2716 Ter-

192 2763 352 2838 tullianus
369 2763 429 2836 lib.
441 2765 492 2835 lll.
508 2779 614 2836 contr.
628 2763 830 2836 Marcionem
846 2789 876 2836 c.
891 2762 1032 2835 lllllllV.
1055 2762 1143 2855 (bl).
1160 2759 1314 2837 Ceterum

195 2879 325 2953 nullum
347 2878 487 2953 dubium
505 2896 557 2952 est
578 2895 690 2978 patres
711 2879 745 2950 in
764 2879 838 2953 suis
856 2876 1104 2978 exemplaribus
1123 2877 1156 2948 in
1174 2890 1316 2975 utroque

193 2996 350 3070 llatthaei
373 3012 463 3069 textu
488 2994 580 3068 illam
606 2994 811 3082 clausulam,
841 2994 1031 3095 etquidem
1056 3006 1249 3067 constanter
1273 2991 1318 3064 le

194 3113 309 3210 gisse,
335 3138 411 3185 cum
434 3111 572 3197 exinde,
600 3127 638 3184 ut
653 3110 868 3198 videbimus,
897 3126 970 3184 orta
994 3111 1039 3183 sit
1063 3125 1160 3183 vetus
1185 3125 1317 3182 contro-

194 3230 306 3304 versia
318 3229 362 3302 de
375 3227 520 3328 perfecta
533 3228 605 3301 sive
617 3227 812 3327 imperfecta
834 3226 981 3324 coniugii
998 3226 1225 3301 dissolutione
1242 3250 1319 3324 pro-

195 3360 268 3445 pter
279 3343 545 3429 fornicationem,
562 3343 634 3416 sive
651 3341 868 3416 adulterium.
882 3342 974 3417 Haeo
988 3341 1078 3417 enim
1091 3340 1317 3415 controversia

194 3460 323 3533 nullum
346 3458 458 3533 locum
489 3457 613 3532 habere
646 3458 837 3557 potuisset,
870 3457 1007 3557 dempto
1034 3456 1097 3529 boc
1126 3470 1314 3541 commate,

194 3575 286 3674 quod
312 3575 403 3675 apud
430 3572 539 3647 solum
566 3601 595 3647 s.
618 3572 824 3646 llattbaeum
851 3572 1006 3646 occurrit.

269 3690 366 3777 Quod
380 3691 477 3764 tertio
493 3689 567 3763 loco
584 3688 701 3762 obiicit
717 3689 794 3785 Hug
806 3714 846 3760 ex
866 3686 1014 3787 epistola
1027 3712 1047 3759 a
1061 3684 1248 3761 Ptolemaeo
1260 3685 1321 3757 Va-

195 3807 313 3879 lentini
332 3821 495 3879 sectatore
515 3805 558 3878 ad
584 3830 730 3879 sororem
750 3829 846 3877 suam
871 3803 1000 3876 Floram
1019 3801 1167 3900 scripta,
1188 3800 1320 3874 adrem

197 3947 261 3995 non
282 3920 373 3994 lacit.
395 3921 479 3993 Nam
502 3919 712 3994 Ptolemaeus
733 3945 800 3992 non
826 3917 890 3991 sibi
914 3917 1108 4019 proposuit,
1129 3932 1169 3989 ut
1187 3917 1222 3987 in
1243 3940 1320 4015 pro-

275 4102 326 4164 (2⁰)
342 4100 516 4151 Griesbaebtus
525 4101 587 4149 inter
597 4098 696 4149 codices
705 4098 748 4162 qul
760 4098 876 4148 exhibent
890 4097 955 4146 hune
970 4094 1118 4151 versiculum
1130 4108 1188 4146 cnm
1209 4093 1320 4145 clausula

193 4175 323 4245 παρεκτὸς
341 4172 425 4244 λόγου
444 4172 577 4245 πορνείας,
589 4164 716 4229 ‘nonunt
731 4178 872 4228 vnttcauum
883 4177 995 4228 omniurn
1010 4176 1215 4240 uuttqntrstmnm
1227 4177 1252 4225 et
1265 4185 1321 4225 ceu·

194 4261 365 4325 tabrigtertseur
380 4275 423 4313 sen
442 4260 637 4312 alexandrinum.
655 4261 754 4309 Possem
770 4259 832 4309 altas
843 4257 994 4311 recensiones
1011 4257 1110 4308 oritlcas
1120 4256 1209 4307 altere
1219 4254 1317 4316 virtut,

195 4342 306 4405 Gregorii
322 4341 536 4405 wiennam,
553 4338 706 4400 Tittmanul,
722 4334 877 4401 aliorumque
893 4350 982 4399 magno
998 4350 1112 4399 numero,
1128 4336 1150 4386 st
1160 4348 1222 4400 opus
1235 4334 1309 4385 emet.

272 4420 322 4482 (tr)
336 4422 365 4469 lu
380 4423 438 4470 uota
452 4432 468 4470 rr
484 4431 559 4483 quarn
570 4416 684 4481 opposuit
701 4416 732 4466 arl
749 4417 835 4467 vrttn.
849 4418 911 4466 xlx.
928 4424 951 4465 9.
