3234 5084
318 420 389 494 snt
475 444 537 495 ua.
549 444 597 495 ιιι.
614 442 702 497 secr.
718 442 850 495 mrem.
867 444 907 495 oe
923 444 1037 499 renus.
1054 446 1151 501 ιιιιι.
1168 445 1291 501 cansr.

348 574 351 579 ’
389 562 498 662 Atque
514 578 553 635 ut
570 561 613 635 ab
633 562 677 635 iis
696 562 919 651 testimoniis,
940 588 1028 664 quae
1044 561 1137 639 clara
1160 579 1259 653 aunt,
1280 560 1435 640 exordie-

316 707 409 768 mur,
431 708 472 754 ea
492 680 590 754 nobis
610 697 795 779 suppetunt
814 696 885 754 tum
901 708 942 753 ex
959 681 1092 755 duobus
1114 680 1210 756 libris
1223 682 1432 769 laomen,
1466 776 1469 779 Α

315 813 386 870 tum
411 824 451 869 ex
476 793 563 869 libro
588 797 636 868 De
657 797 821 896 patientia
845 812 942 871 etex
966 795 1053 869 libro
1078 797 1127 869 lte
1150 800 1369 896 monopomic.

389 912 427 983 ln
443 909 531 984 libro
549 912 575 983 1.
591 908 642 982 Ad
660 936 797 983 uxorem
821 937 897 1009 cap.
917 911 955 985 V.
977 911 1110 985 scribit:
1127 912 1242 985 «Cum
1263 913 1347 1013 quid
1367 913 1435 985 dil·
1541 939 1545 945 ·

316 1025 405 1100 ficila
421 1026 572 1114 videtur,
589 1026 783 1100 difficiliora
795 1026 882 1101 alios
902 1026 1064 1102 obeuntes
1079 1054 1327 1103 recenseamus.
1345 1028 1436 1116 Quot

313 1143 404 1216 enim
430 1156 527 1229 suat,
556 1142 615 1242 qui
635 1142 749 1215 statim
768 1168 789 1214 a
806 1141 941 1216 lavacro
957 1168 1093 1216 oernom
1111 1170 1207 1217 auam
1224 1144 1435 1242 obsignant?

315 1258 405 1345 Quot
420 1258 521 1346 item,
539 1259 598 1357 qui
617 1283 787 1332 consensu
805 1258 880 1357 pari
898 1259 986 1332 inter
1002 1285 1040 1332 se
1055 1260 1261 1334 matrimonii
1281 1259 1433 1335 debitum

315 1372 463 1448 tollunt?
480 1371 663 1448 Voluntarii
679 1372 847 1471 spadones
866 1398 928 1471 pro
946 1372 1129 1472 cupiditate
1146 1374 1239 1471 regni
1261 1373 1431 1449 coelestis.

314 1489 471 1577 Quodsi
499 1487 593 1562 salvo
621 1488 836 1562 matrimonio
866 1488 1073 1562 abstinentia
1106 1489 1282 1578 toleratur,
1314 1505 1435 1588 quanto

312 1606 421 1703 inopis
445 1602 620 1700 adempto?
637 1602 744 1676 Credo
765 1604 856 1679 enim
877 1603 1052 1677 difficilius
1075 1604 1207 1679 salvum
1224 1603 1431 1705 derelinqui,

313 1746 415 1821 quam
430 1718 594 1792 amissum
610 1743 677 1791 non
691 1718 878 1793 desiderari
896 1722 1012 1816 (84).»
1026 1721 1098 1794 Lib.
1114 1747 1194 1795 uero
1207 1722 1252 1793 ll.
1269 1721 1318 1794 Ad
1334 1747 1430 1796 uxor.
1505 1718 1509 1723 ’

311 1862 388 1936 cap.
420 1836 447 1907 l.
467 1834 649 1907 «Proxime
679 1833 763 1921 tibi,
799 1835 931 1934 inquit,
967 1835 1191 1913 dilectissima
1224 1836 1257 1909 in
1289 1836 1434 1911 Domino

311 1976 497 2037 conserva,
525 1949 607 2049 quid
634 1948 801 2022 foeminae
818 1967 975 2038 sanctae,
997 1950 1211 2024 matrimonio
1233 1976 1433 2050 quaerunque

311 2081 397 2139 sorte
415 2065 582 2163 adempto,
604 2064 801 2137 sectandum
821 2066 885 2153 ait,
905 2082 942 2137 ut
958 2066 1070 2165 potui,
1089 2081 1317 2167 prosequutus
1339 2093 1428 2141 sum.

313 2184 409 2255 Nunc
426 2180 470 2254 ad
489 2178 638 2253 secunda
657 2180 800 2253 consilia
816 2198 1070 2269 convertamur,
1093 2199 1246 2281 respectu
1263 2182 1432 2257 humanae

312 2294 539 2381 infirmitatis,
575 2293 798 2394 quarumdam
834 2293 998 2394 exemplis
1028 2295 1311 2384 admonentibus,
1343 2323 1432 2397 quaa

311 2411 475 2493 divortio,
513 2410 566 2482 vel
600 2411 716 2482 moniti
746 2437 899 2495 excessa,
932 2410 1044 2484 oblata
1075 2411 1299 2485 continentiae
1334 2438 1432 2486 occa·

312 2527 424 2614 sione,
461 2552 527 2599 non
558 2525 658 2599 modo
683 2524 879 2599 abiecerunt
903 2527 1186 2626 opportunitatem
1212 2527 1294 2601 tanti
1321 2526 1428 2615 boni,

311 2644 372 2718 sed
400 2669 441 2716 ne
467 2642 502 2715 in
528 2641 686 2716 nubendo
711 2641 850 2743 quidem
876 2641 1080 2741 disciplinae
1104 2642 1301 2717 meminisse
1320 2642 1433 2718 volue-

309 2775 406 2845 runt,
434 2775 472 2832 ut
497 2758 533 2830 in
558 2758 702 2832 Domino
721 2757 937 2856 potissimum
956 2757 1120 2831 nuberent
1141 2761 1256 2854 (35).»

384 2876 421 2946 ln
448 2873 534 2948 libro
559 2874 608 2946 De
625 2874 788 2973 patientia
805 2899 882 2972 cap.
902 2874 976 2945 Xll.
999 2873 1135 2946 scribit:
1151 2872 1222 2945 «At
1238 2873 1329 2947 enim
1351 2898 1429 2945 cum

311 3014 446 3066 omnem
474 2989 622 3088 speciem
648 2988 808 3063 salutaris
834 2987 1036 3088 disciplinae
1060 2987 1243 3087 gubernet,
1264 2987 1348 3088 quid
1371 2987 1430 3060 mi-

315 3131 388 3178 rum
406 3104 618 3205 quodetiam
637 3105 861 3203 poenitentiae
877 3105 1064 3192 ministrat,
1086 3103 1205 3179 solitae
1221 3103 1329 3205 lapsis
1353 3102 1430 3177 eub-

306 3219 454 3297 uenire?
471 3221 555 3293 Cum
580 3220 750 3295 disiuncto
775 3220 1009 3309 matrimonio,
1038 3246 1079 3294 ex
1103 3242 1145 3295 ea
1168 3235 1280 3293 tamen
1305 3243 1425 3306 causa,

309 3365 378 3440 qua
403 3338 483 3413 licet
507 3363 569 3410 seu
594 3338 667 3411 viro
692 3363 754 3411 seu
781 3337 946 3412 foeminae
962 3335 1006 3410 ad
1022 3335 1197 3409 uiduitatis
1217 3360 1429 3435 perseveran-

308 3453 390 3526 tiam
410 3452 590 3539 sustineri;
611 3452 696 3526 haec
713 3468 885 3552 expectat,
906 3452 991 3525 haec
1008 3466 1160 3551 exoptat,
1182 3450 1267 3523 haec
1291 3465 1425 3536 exorat,

308 3569 550 3669 poenitentiam
568 3567 772 3670 quandoque
790 3568 945 3656 inituris,
970 3566 1138 3641 salutem?
1160 3566 1330 3653 Quantum
1346 3564 1427 3639 boni

310 3685 447 3785 utrique
464 3681 616 3759 confert?
628 3681 778 3757 Alterum
791 3710 858 3758 non
873 3682 1063 3761 adulterum
1080 3681 1160 3756 lacit
1175 3682 1268 3777 (36),
1285 3678 1426 3755 alterum

306 3798 502 3875 emendat.»

379 4021 430 4081 (et)
444 4018 489 4068 ad.
504 4019 685 4082 nigricante.
700 4023 768 4070 raet.
781 4033 836 4083 pag.
851 4022 902 4069 tot.

379 4100 429 4159 (³5)
446 4097 508 4148 ibid.
521 4112 577 4162 pag.
590 4102 641 4149 167.
654 4096 693 4148 ed.
707 4097 785 4148 Poris.
800 4101 869 4148 16⁴1.

377 4180 427 4240 (36)
443 4180 511 4236 Quae
522 4178 597 4229 verba
607 4180 643 4229 sic
654 4182 751 4228 enarrat
763 4178 895 4241 nigritiae:
905 4198 918 4221 «ι
926 4176 1067 4241 Dlsiuocto,
1078 4178 1172 4242 inquit,
1183 4188 1296 4228 excausa
1306 4170 1422 4226 adulteri

304 4260 476 4321 matrimonio,
487 4260 603 4324 patientia
620 4259 764 4321 intercedit,
776 4274 805 4309 nc
815 4259 949 4323 plurimam
964 4259 1021 4310 boot
1031 4260 1131 4324 otnqns
1139 4259 1247 4321 contem
1258 4258 1363 4308 alterurn
1376 4268 1426 4306 non

304 4340 376 4403 tecit,
391 4340 438 4390 boc
454 4344 504 4401 ast,
524 4342 668 4404 coniugem,
685 4340 814 4404 repudiata
833 4340 936 4403 coniuge
957 4339 1082 4403 multem,
1102 4353 1152 4390 oon
1172 4338 1251 4389 rnitttt
1269 4337 1301 4388 ed
1320 4337 1425 4388 alterurn

304 4419 503 4481 contagiones
514 4423 550 4470 ost
561 4420 674 4470 ornntno:
688 4433 737 4470 non
749 4420 817 4481 lacit,
827 4433 876 4470 non
888 4419 980 4483 mittit,
992 4419 1089 4471 eodm
1099 4433 1147 4471 non
1160 4418 1243 4470 siclt.»
1251 4416 1324 4477 Quod
1331 4431 1362 4469 er
1369 4418 1427 4469 Ter·
