3234 5084
310 448 379 501 car.
392 447 440 499 ιιι.
454 447 493 497 nn
510 443 607 500 seusu
624 446 716 498 rann.
731 447 1159 500 uta.1nntss.nnrn.ann.11.
1246 427 1316 498 oct

202 569 346 642 factione
377 568 567 656 studuerit,
603 566 647 639 ab
670 566 834 643 ecclcsiae
865 569 1032 644 consortio
1062 583 1194 642 mancat
1223 591 1320 668 sepa·

202 699 296 759 ratus
325 684 476 780 (217).»

705 888 743 985 p.
773 888 816 959 11.

310 1085 346 1134 De
360 1082 514 1140 documentis
529 1082 611 1132 dubiis
625 1081 691 1132 circa
705 1081 948 1133 indissolubilitetem
963 1079 1057 1133 vinculi
1073 1082 1208 1146 coniugatis

577 1169 654 1211 esec.
671 1163 703 1211 V.
719 1162 763 1211 vl.
780 1163 805 1212 et
821 1161 946 1225 deinceps.

276 1357 367 1430 inter
383 1355 487 1430 dubia
511 1355 710 1431 documenta
730 1357 838 1431 resero
863 1381 1026 1430 canonem
1047 1353 1182 1429 concilii
1207 1354 1321 1428 hibor-

202 1472 321 1545 nensis
340 1471 383 1543 ΙΙ.
406 1471 496 1571 quod
516 1471 580 1545 sub
598 1498 628 1545 s.
645 1471 788 1545 Patricio
806 1469 1011 1545 celebratum
1024 1469 1238 1569 perhibetur,
1259 1472 1319 1569 qui

201 1601 255 1659 est
271 1591 410 1661 numero
424 1587 536 1659 xxvi.
558 1601 659 1685 atque
675 1586 724 1659 ita
745 1585 892 1686 legitur:
924 1584 1045 1659 «Audi
1069 1586 1252 1660 Dominum
1271 1584 1321 1658 di·

202 1715 354 1774 centem:
393 1700 462 1788 Qui
488 1700 643 1774 misaco
668 1703 832 1776 Maidoi
843 1756 854 1786 ,
882 1726 985 1776 caum
1015 1726 1131 1799 corpas
1160 1700 1313 1800 efficitur.

202 1817 301 1906 lem,
329 1816 481 1890 adultero
502 1816 691 1915 lapidetur:
713 1817 749 1889 id
771 1832 845 1905 est,
873 1816 952 1891 huic
975 1817 1057 1891 vitio
1073 1816 1259 1902 moriatur,
1282 1831 1320 1889 ut

198 1932 333 2007 desinat
345 1957 617 2033 crescere,·quae
630 1941 696 2007 nc'n
709 1931 836 2006 desinit
850 1932 1033 2034 moechari.
1051 1934 1152 2020 Imm,
1171 1934 1205 2006 ci
1220 1930 1320 2004 odol-

199 2062 304 2121 tcroto
329 2048 431 2148 fuscat
453 2047 597 2132 mulier,
630 2046 789 2146 uunquid
817 2049 991 2122 revertur
1007 2045 1065 2122 'od
1084 2049 1194 2119 cinam
1223 2072 1319 2119 mum

194 2162 371 2261 priorcffl
396 2163 500 2249 lwm,
526 2162 692 2238 ccu'it'cct
715 2164 797 2236 ciro.
816 2162 977 2236 dimittere
1001 2177 1160 2247 anunm,
1185 2162 1255 2235 ccci
1282 2161 1321 2234 od

198 2302 333 2378 coccam
363 2278 608 2377 saumaticos,
637 2303 678 2351 ac
702 2277 844 2352 sidicat
876 2276 915 2349 od
941 2277 1024 2350 hanc
1053 2302 1206 2354 caueam:
1230 2276 1322 2352 unde

198 2392 231 2466 si
262 2392 364 2466 ducat
395 2391 535 2467 aiteram
568 2390 661 2468 volut
692 2407 770 2492 post
801 2405 941 2466 mortem
975 2389 1130 2490 prioris,
1164 2416 1230 2467 non
1263 2416 1322 2465 ve-

201 2521 273 2581 tant
300 2509 451 2604 (218).'»
1203 2523 1205 2528 ’

217 2649 220 2658 ·
271 2622 440 2699 Cononem
453 2623 546 2699 hunc
562 2625 651 2700 inter
662 2622 864 2700 documenta
879 2621 986 2698 dubia
1003 2620 1123 2709 retuli,
1144 2644 1210 2695 non
1229 2621 1320 2721 quod

197 2738 272 2813 eius
295 2740 399 2815 ‘verba
424 2741 507 2815 satis
532 2749 650 2842 aperta
675 2767 744 2816 non
765 2739 836 2813 sint
855 2736 967 2839 quoad
992 2736 1203 2825 facultatem,
1232 2762 1321 2836 quae

197 2853 271 2928 uiro
283 2855 463 2954 praebetur
475 2869 552 2957 post
568 2856 739 2932 adulterae
756 2854 990 2930 dimissionem
1003 2851 1142 2926 aiteram
1157 2851 1316 2942 ducendi,

197 2966 259 3041 sud
273 2967 350 3041 ideo
362 2968 608 3068 quia'iucertae
618 2969 827 3045 auctoritatis
841 2983 894 3043 est
906 2966 1155 3041 documentum.
1169 2966 1316 3055 Etenim,

196 3082 247 3156 uti
273 3083 335 3156 rite
359 3067 594 3159 animadvertit
616 3085 755 3174 Amort,
784 3110 852 3158 non
876 3097 987 3184 potest
1011 3082 1076 3155 hoo
1100 3081 1213 3157 vocari
1238 3107 1319 3156 con·

195 3197 334 3287 cilium,
363 3224 439 3272 cum
465 3198 591 3272 nuliam
616 3199 750 3273 concilii
775 3198 942 3299 praeierat
961 3198 1127 3286 sormam,
1148 3196 1208 3269 sed
1227 3221 1320 3271 com·

195 3313 392 3414 pilationem
409 3314 591 3414 quamdam
608 3315 721 3389 uerius
742 3315 915 3390 vocaveris
933 3312 978 3386 ab
997 3312 1153 3412 imperito
1177 3337 1316 3386 consar-

193 3430 345 3505 cinatore
374 3430 583 3519 consectam,
616 3432 675 3532 qui
705 3430 817 3505 vadas
847 3428 983 3526 collegit
1012 3425 1197 3501 sententias
1232 3426 1317 3501 sorte

194 3545 372 3621 traditione
391 3545 509 3646 spuria
526 3572 556 3619 s.
578 3545 722 3620 Patricio
740 3545 930 3619 attributas.
953 3540 1125 3643 imperitia
1142 3555 1317 3640 praeterea

194 3660 297 3736 huius
322 3662 605 3737 consarcinatoris
631 3687 670 3735 se
695 3662 807 3761 prodit
829 3688 871 3734 ex
892 3660 965 3735 scia
988 3658 1091 3732 huius
1108 3656 1248 3731 canonis
1266 3657 1316 3731 in·

195 3776 376 3875 spectione.
407 3778 492 3850 Nam
518 3776 699 3877 inprimis
726 3776 811 3850 haec
833 3775 954 3850 uerba:
985 3774 1054 3863 Qui
1072 3772 1228 3848 adiiceret
1248 3798 1316 3846 mc-

271 3985 336 4049 (217)
351 3988 424 4052 Apud
436 3989 514 4041 ΜΗ).
525 3990 587 4041 tom.
607 3991 650 4041 lx.
665 4002 721 4054 pag.
734 3995 773 4041 ta.
785 3990 811 4042 et
822 3989 848 4040 in
861 3987 967 4041 collect.
979 3989 1099 4038 mortno
1114 3985 1209 4037 contu.
1223 3984 1313 4037 Manu.

194 4064 281 4116 venat.
295 4071 363 4119 1772.
378 4071 448 4119 Toou.
460 4071 537 4120 xvlt.
550 4069 600 4121 col.
613 4076 652 4121 tt.
664 4069 712 4120 fflc
723 4069 761 4120 est
775 4068 885 4121 tamosm
899 4069 982 4120 textus
997 4080 1072 4131 quem
1086 4065 1211 4118 Lanuuino
1222 4065 1251 4116 ut
1260 4065 1312 4115 tra·

192 4144 304 4198 auctio
318 4159 451 4202 rumenam
460 4148 532 4201 foeda
540 4149 665 4214 corrupit,
675 4148 829 4200 substituens
838 4148 872 4200 ad
883 4146 946 4199 illud
958 4145 991 4198 ob
1001 4146 1064 4207 too,
1076 4144 1109 4197 ob
1119 4144 1211 4208 suad,
1224 4142 1314 4196 danda

191 4223 278 4278 dotem
292 4224 337 4276 illa
346 4226 434 4278 ruha:
446 4228 527 4280 tutto
540 4231 643 4282 rottom
652 4241 775 4294 prom
789 4228 862 4281 Tales
872 4229 931 4280 sunt
940 4225 1076 4280 catholicae
1088 4223 1217 4278 doctrinae
1231 4223 1312 4289 impu·

315 4316 322 4345 Ι
554 4337 557 4344 ,

192 4314 337 4458 midi)
351 4395 424 4462 apuu
437 4396 557 4450 naum
571 4400 638 4452 scu
651 4399 699 4451 ao.
711 4400 763 4452 cm
775 4401 796 4453 1.
807 4400 857 4453 er.
872 4402 940 4452 noo.
