<?xml version="1.0" encoding="UTF-8"?>
<!DOCTYPE html PUBLIC "-//W3C//DTD XHTML 1.0 Transitional//EN"
    "http://www.w3.org/TR/xhtml1/DTD/xhtml1-transitional.dtd">
<html xmlns="http://www.w3.org/1999/xhtml" xml:lang="en" lang="en">
 <head>
  <title>
</title>
<meta http-equiv="Content-Type" content="text/html;charset=utf-8" />
  <meta name='ocr-system' content='tesseract 3.04.00' />
  <meta name='ocr-capabilities' content='ocr_page ocr_carea ocr_par ocr_line ocrx_word'/>
</head>
<body>
  <div class='ocr_page' id='page_1' title='image "./dematrimoniochr03perrgoog_0499.png"; bbox 0 0 3234 5084; ppageno 0'>
   <div class='ocr_carea' id='block_1_1' title="bbox 304 356 1315 455">
    <p class='ocr_par' dir='ltr' id='par_1_1' title="bbox 304 356 1315 455">
     <span class='ocr_line' id='line_1_1' title="bbox 304 356 1315 455; baseline 0 -13"><span class='ocrx_word' id='word_1_1' title='bbox 304 393 373 442; x_wconf 79' lang='lat' dir='ltr'>cir.</span> <span class='ocrx_word' id='word_1_2' title='bbox 385 392 428 442; x_wconf 89' lang='grc' dir='ltr'>ιι.</span> <span class='ocrx_word' id='word_1_3' title='bbox 442 391 482 441; x_wconf 86' lang='grc' dir='ltr'>ιι</span> <span class='ocrx_word' id='word_1_4' title='bbox 500 356 579 441; x_wconf 66' lang='grc' dir='ltr'><strong>ιιιιζ</strong></span> <span class='ocrx_word' id='word_1_5' title='bbox 592 390 687 441; x_wconf 79' lang='lat' dir='ltr'>asra.</span> <span class='ocrx_word' id='word_1_6' title='bbox 701 392 785 455; x_wconf 81' lang='lat' dir='ltr'>sarr,</span> <span class='ocrx_word' id='word_1_7' title='bbox 801 392 866 444; x_wconf 80' lang='lat' dir='ltr'>rou</span> <span class='ocrx_word' id='word_1_8' title='bbox 878 392 1042 445; x_wconf 73' lang='lat' dir='ltr'>cossura.</span> <span class='ocrx_word' id='word_1_9' title='bbox 1060 395 1130 444; x_wconf 87' lang='grc' dir='ltr'><strong>ιιι.</strong></span> <span class='ocrx_word' id='word_1_10' title='bbox 1143 394 1179 445; x_wconf 92' lang='grc' dir='ltr'>ιι.</span> <span class='ocrx_word' id='word_1_11' title='bbox 1246 374 1315 442; x_wconf 79' lang='lat' dir='ltr'>itt</span> 
     </span>
    </p>
   </div>
   <div class='ocr_carea' id='block_1_2' title="bbox 184 507 1317 3123">
    <p class='ocr_par' dir='ltr' id='par_1_2' title="bbox 195 507 1317 1637">
     <span class='ocr_line' id='line_1_2' title="bbox 205 507 1315 607; baseline 0.001 -23"><span class='ocrx_word' id='word_1_12' title='bbox 205 511 246 584; x_wconf 88' lang='lat' dir='ltr'>lit</span> <span class='ocrx_word' id='word_1_13' title='bbox 266 525 303 582; x_wconf 89' lang='lat' dir='ltr'>ut</span> <span class='ocrx_word' id='word_1_14' title='bbox 325 508 466 607; x_wconf 76' lang='lat' dir='ltr'>gratiam</span> <span class='ocrx_word' id='word_1_15' title='bbox 493 507 767 582; x_wconf 76' lang='lat' dir='ltr'><strong>sacramentalem</strong></span> <span class='ocrx_word' id='word_1_16' title='bbox 793 507 956 607; x_wconf 89' lang='lat' dir='ltr'>producat</span> <span class='ocrx_word' id='word_1_17' title='bbox 979 509 1022 582; x_wconf 92' lang='lat' dir='ltr'>ad</span> <span class='ocrx_word' id='word_1_18' title='bbox 1049 535 1187 583; x_wconf 87' lang='lat' dir='ltr'>munera</span> <span class='ocrx_word' id='word_1_19' title='bbox 1208 526 1315 585; x_wconf 88' lang='lat' dir='ltr'>status</span> 
     </span>
     <span class='ocr_line' id='line_1_3' title="bbox 203 621 1317 723; baseline 0.001 -25"><span class='ocrx_word' id='word_1_20' title='bbox 203 623 387 721; x_wconf 77' lang='lat' dir='ltr'>coniugalis</span> <span class='ocrx_word' id='word_1_21' title='bbox 416 623 479 696; x_wconf 93' lang='lat' dir='ltr'>rite</span> <span class='ocrx_word' id='word_1_22' title='bbox 507 621 686 709; x_wconf 87' lang='lat' dir='ltr'>obeunda,</span> <span class='ocrx_word' id='word_1_23' title='bbox 715 639 749 696; x_wconf 89' lang='lat' dir='ltr'>et</span> <span class='ocrx_word' id='word_1_24' title='bbox 771 639 935 723; x_wconf 88' lang='lat' dir='ltr'>qnantum</span> <span class='ocrx_word' id='word_1_25' title='bbox 960 650 999 696; x_wconf 85' lang='lat' dir='ltr'>ex</span> <span class='ocrx_word' id='word_1_26' title='bbox 1029 649 1067 698; x_wconf 89' lang='lat' dir='ltr'>se</span> <span class='ocrx_word' id='word_1_27' title='bbox 1095 638 1167 711; x_wconf 90' lang='lat' dir='ltr'>est,</span> <span class='ocrx_word' id='word_1_28' title='bbox 1194 624 1317 699; x_wconf 82' lang='lat' dir='ltr'>&#39;reddat</span> 
     </span>
     <span class='ocr_line' id='line_1_4' title="bbox 202 736 1314 839; baseline 0.003 -29"><span class='ocrx_word' id='word_1_29' title='bbox 202 737 350 838; x_wconf 87' lang='lat' dir='ltr'>nuptiale</span> <span class='ocrx_word' id='word_1_30' title='bbox 373 736 492 811; x_wconf 88' lang='lat' dir='ltr'>loedus</span> <span class='ocrx_word' id='word_1_31' title='bbox 517 762 717 838; x_wconf 86' lang='lat' dir='ltr'>permanens</span> <span class='ocrx_word' id='word_1_32' title='bbox 735 762 775 811; x_wconf 91' lang='lat' dir='ltr'>ac</span> <span class='ocrx_word' id='word_1_33' title='bbox 792 736 992 824; x_wconf 86' lang='lat' dir='ltr'>insolubile,</span> <span class='ocrx_word' id='word_1_34' title='bbox 1015 755 1048 812; x_wconf 91' lang='lat' dir='ltr'>et</span> <span class='ocrx_word' id='word_1_35' title='bbox 1064 737 1129 812; x_wconf 90' lang='lat' dir='ltr'>hcc</span> <span class='ocrx_word' id='word_1_36' title='bbox 1149 754 1203 811; x_wconf 89' lang='lat' dir='ltr'>est</span> <span class='ocrx_word' id='word_1_37' title='bbox 1223 739 1314 839; x_wconf 90' lang='lat' dir='ltr'>quod</span> 
     </span>
     <span class='ocr_line' id='line_1_5' title="bbox 198 852 1313 954; baseline -0.002 -25"><span class='ocrx_word' id='word_1_38' title='bbox 198 880 229 929; x_wconf 84' lang='lat' dir='ltr'>s.</span> <span class='ocrx_word' id='word_1_39' title='bbox 253 854 460 950; x_wconf 73' lang='lat' dir='ltr'>Augustinus</span> <span class='ocrx_word' id='word_1_40' title='bbox 485 852 617 941; x_wconf 90' lang='lat' dir='ltr'>docuit,</span> <span class='ocrx_word' id='word_1_41' title='bbox 649 854 731 954; x_wconf 91' lang='lat' dir='ltr'>quia</span> <span class='ocrx_word' id='word_1_42' title='bbox 754 870 806 927; x_wconf 90' lang='lat' dir='ltr'>est</span> <span class='ocrx_word' id='word_1_43' title='bbox 831 853 966 951; x_wconf 81' lang='lat' dir='ltr'>signum</span> <span class='ocrx_word' id='word_1_44' title='bbox 988 852 1106 927; x_wconf 85' lang='lat' dir='ltr'>efficax</span> <span class='ocrx_word' id='word_1_45' title='bbox 1127 853 1253 951; x_wconf 78' lang='lat' dir='ltr'>gratiae</span> <span class='ocrx_word' id='word_1_46' title='bbox 1269 854 1313 927; x_wconf 91' lang='lat' dir='ltr'>ad</span> 
     </span>
     <span class='ocr_line' id='line_1_6' title="bbox 197 965 1311 1066; baseline -0.001 -25"><span class='ocrx_word' id='word_1_47' title='bbox 197 969 310 1041; x_wconf 80' lang='lat' dir='ltr'>rivum</span> <span class='ocrx_word' id='word_1_48' title='bbox 329 983 584 1066; x_wconf 89' lang='lat' dir='ltr'>repraesentans</span> <span class='ocrx_word' id='word_1_49' title='bbox 601 967 765 1041; x_wconf 90' lang='lat' dir='ltr'>unionem·</span> <span class='ocrx_word' id='word_1_50' title='bbox 777 965 903 1041; x_wconf 86' lang='lat' dir='ltr'>Christi</span> <span class='ocrx_word' id='word_1_51' title='bbox 923 993 999 1041; x_wconf 92' lang='lat' dir='ltr'>cum</span> <span class='ocrx_word' id='word_1_52' title='bbox 1016 966 1171 1041; x_wconf 87' lang='lat' dir='ltr'>ecclesia.</span> <span class='ocrx_word' id='word_1_53' title='bbox 1190 969 1311 1042; x_wconf 88' lang='lat' dir='ltr'>Verum</span> 
     </span>
     <span class='ocr_line' id='line_1_7' title="bbox 198 1081 1311 1183; baseline 0.001 -29"><span class='ocrx_word' id='word_1_54' title='bbox 198 1082 263 1157; x_wconf 89' lang='lat' dir='ltr'>hoc</span> <span class='ocrx_word' id='word_1_55' title='bbox 295 1107 364 1156; x_wconf 93' lang='lat' dir='ltr'>non</span> <span class='ocrx_word' id='word_1_56' title='bbox 389 1081 530 1182; x_wconf 82' lang='lat' dir='ltr'>impedit</span> <span class='ocrx_word' id='word_1_57' title='bbox 555 1081 735 1183; x_wconf 84' lang='lat' dir='ltr'>quominus</span> <span class='ocrx_word' id='word_1_58' title='bbox 760 1082 803 1154; x_wconf 86' lang='lat' dir='ltr'>cb</span> <span class='ocrx_word' id='word_1_59' title='bbox 825 1084 1023 1167; x_wconf 75' lang='lat' dir='ltr'>extrinseco,</span> <span class='ocrx_word' id='word_1_60' title='bbox 1048 1082 1096 1155; x_wconf 89' lang='lat' dir='ltr'>uti</span> <span class='ocrx_word' id='word_1_61' title='bbox 1123 1084 1311 1181; x_wconf 88' lang='lat' dir='ltr'>expositum</span> 
     </span>
     <span class='ocr_line' id='line_1_8' title="bbox 198 1195 1311 1297; baseline -0.002 -25"><span class='ocrx_word' id='word_1_62' title='bbox 198 1211 269 1284; x_wconf 88' lang='lat' dir='ltr'>est,</span> <span class='ocrx_word' id='word_1_63' title='bbox 288 1222 407 1297; x_wconf 89' lang='lat' dir='ltr'>nempe</span> <span class='ocrx_word' id='word_1_64' title='bbox 419 1197 480 1271; x_wconf 86' lang='lat' dir='ltr'>Dei</span> <span class='ocrx_word' id='word_1_65' title='bbox 493 1195 662 1270; x_wconf 85' lang='lat' dir='ltr'>vuluntate</span> <span class='ocrx_word' id='word_1_66' title='bbox 673 1196 836 1296; x_wconf 85' lang='lat' dir='ltr'>positiva,</span> <span class='ocrx_word' id='word_1_67' title='bbox 852 1195 917 1269; x_wconf 89' lang='lat' dir='ltr'>hoc</span> <span class='ocrx_word' id='word_1_68' title='bbox 930 1212 1174 1270; x_wconf 84' lang='lat' dir='ltr'>sacramentum</span> <span class='ocrx_word' id='word_1_69' title='bbox 1192 1223 1311 1297; x_wconf 89' lang='lat' dir='ltr'>quam-</span> 
     </span>
     <span class='ocr_line' id='line_1_9' title="bbox 197 1308 1311 1410; baseline 0.003 -29"><span class='ocrx_word' id='word_1_70' title='bbox 197 1308 256 1382; x_wconf 89' lang='lat' dir='ltr'>diu</span> <span class='ocrx_word' id='word_1_71' title='bbox 284 1309 532 1383; x_wconf 83' lang='lat' dir='ltr'>matrimonium</span> <span class='ocrx_word' id='word_1_72' title='bbox 566 1325 833 1384; x_wconf 90' lang='lat' dir='ltr'>consummatum</span> <span class='ocrx_word' id='word_1_73' title='bbox 858 1335 926 1383; x_wconf 91' lang='lat' dir='ltr'>nun</span> <span class='ocrx_word' id='word_1_74' title='bbox 952 1325 1024 1397; x_wconf 79' lang='lat' dir='ltr'>est,</span> <span class='ocrx_word' id='word_1_75' title='bbox 1050 1310 1207 1384; x_wconf 83' lang='lat' dir='ltr'>ellectum</span> <span class='ocrx_word' id='word_1_76' title='bbox 1237 1336 1311 1410; x_wconf 89' lang='lat' dir='ltr'>pro-</span> 
     </span>
     <span class='ocr_line' id='line_1_10' title="bbox 195 1422 1309 1525; baseline 0.003 -29"><span class='ocrx_word' id='word_1_77' title='bbox 195 1422 296 1498; x_wconf 90' lang='lat' dir='ltr'>ducat</span> <span class='ocrx_word' id='word_1_78' title='bbox 319 1423 626 1499; x_wconf 88' lang='lat' dir='ltr'>indissolubilitatis</span> <span class='ocrx_word' id='word_1_79' title='bbox 653 1439 854 1524; x_wconf 78' lang='lat' dir='ltr'><strong>perpetuae,</strong></span> <span class='ocrx_word' id='word_1_80' title='bbox 876 1424 935 1498; x_wconf 90' lang='lat' dir='ltr'>sed</span> <span class='ocrx_word' id='word_1_81' title='bbox 961 1423 1167 1501; x_wconf 81' lang='lat' dir='ltr'>dissolvatur</span> <span class='ocrx_word' id='word_1_82' title='bbox 1183 1450 1242 1525; x_wconf 90' lang='lat' dir='ltr'>per</span> <span class='ocrx_word' id='word_1_83' title='bbox 1258 1451 1309 1499; x_wconf 83' lang='lat' dir='ltr'>so</span> 
     </span>
     <span class='ocr_line' id='line_1_11' title="bbox 195 1538 818 1637; baseline 0 -28"><span class='ocrx_word' id='word_1_84' title='bbox 195 1538 337 1614; x_wconf 88' lang='lat' dir='ltr'>lemnam</span> <span class='ocrx_word' id='word_1_85' title='bbox 362 1539 536 1636; x_wconf 81' lang='lat' dir='ltr'>religionis</span> <span class='ocrx_word' id='word_1_86' title='bbox 562 1538 818 1637; x_wconf 78' lang='lat' dir='ltr'>professionem.</span> 
     </span>
    </p>

    <p class='ocr_par' dir='ltr' id='par_1_3' title="bbox 184 1652 1307 3123">
     <span class='ocr_line' id='line_1_12' title="bbox 264 1652 1307 1753; baseline 0.005 -27"><span class='ocrx_word' id='word_1_87' title='bbox 264 1655 313 1727; x_wconf 82' lang='lat' dir='ltr'>Ex</span> <span class='ocrx_word' id='word_1_88' title='bbox 341 1652 396 1725; x_wconf 89' lang='lat' dir='ltr'>his</span> <span class='ocrx_word' id='word_1_89' title='bbox 424 1667 515 1753; x_wconf 86' lang='lat' dir='ltr'>patet</span> <span class='ocrx_word' id='word_1_90' title='bbox 548 1679 688 1727; x_wconf 90' lang='lat' dir='ltr'>necesse</span> <span class='ocrx_word' id='word_1_91' title='bbox 718 1652 816 1726; x_wconf 92' lang='lat' dir='ltr'>nobis</span> <span class='ocrx_word' id='word_1_92' title='bbox 846 1678 913 1728; x_wconf 92' lang='lat' dir='ltr'>non</span> <span class='ocrx_word' id='word_1_93' title='bbox 943 1680 1020 1728; x_wconf 88' lang='lat' dir='ltr'>esse</span> <span class='ocrx_word' id='word_1_94' title='bbox 1045 1655 1087 1727; x_wconf 91' lang='lat' dir='ltr'>ad</span> <span class='ocrx_word' id='word_1_95' title='bbox 1114 1655 1307 1734; x_wconf 82' lang='lat' dir='ltr'>solvendam</span> 
     </span>
     <span class='ocr_line' id='line_1_13' title="bbox 191 1766 1307 1870; baseline 0.003 -29"><span class='ocrx_word' id='word_1_96' title='bbox 191 1767 420 1842; x_wconf 79' lang='lat' dir='ltr'>difficultatem</span> <span class='ocrx_word' id='word_1_97' title='bbox 451 1782 598 1842; x_wconf 77' lang='lat' dir='ltr'>statuere</span> <span class='ocrx_word' id='word_1_98' title='bbox 622 1793 700 1841; x_wconf 91' lang='lat' dir='ltr'>cnm</span> <span class='ocrx_word' id='word_1_99' title='bbox 727 1767 900 1841; x_wconf 89' lang='lat' dir='ltr'>nonnullis</span> <span class='ocrx_word' id='word_1_100' title='bbox 929 1766 1094 1865; x_wconf 79' lang='lat' dir='ltr'>theologis</span> <span class='ocrx_word' id='word_1_101' title='bbox 1120 1768 1193 1842; x_wconf 84' lang='lat' dir='ltr'>sire</span> <span class='ocrx_word' id='word_1_102' title='bbox 1216 1769 1307 1870; x_wconf 90' lang='lat' dir='ltr'>quod</span> 
     </span>
     <span class='ocr_line' id='line_1_14' title="bbox 190 1881 1307 1983; baseline 0.001 -28"><span class='ocrx_word' id='word_1_103' title='bbox 190 1882 393 1956; x_wconf 81' lang='lat' dir='ltr'>matrimonii</span> <span class='ocrx_word' id='word_1_104' title='bbox 413 1884 476 1955; x_wconf 89' lang='lat' dir='ltr'>rati</span> <span class='ocrx_word' id='word_1_105' title='bbox 498 1882 701 1979; x_wconf 78' lang='lat' dir='ltr'>significatio</span> <span class='ocrx_word' id='word_1_106' title='bbox 722 1881 857 1956; x_wconf 83' lang='lat' dir='ltr'>diversa</span> <span class='ocrx_word' id='word_1_107' title='bbox 882 1883 929 1955; x_wconf 91' lang='lat' dir='ltr'>sit</span> <span class='ocrx_word' id='word_1_108' title='bbox 952 1881 996 1955; x_wconf 91' lang='lat' dir='ltr'>ab</span> <span class='ocrx_word' id='word_1_109' title='bbox 1020 1900 1059 1959; x_wconf 81' lang='lat' dir='ltr'>ea</span> <span class='ocrx_word' id='word_1_110' title='bbox 1084 1909 1185 1983; x_wconf 87' lang='lat' dir='ltr'>quam</span> <span class='ocrx_word' id='word_1_111' title='bbox 1210 1910 1307 1982; x_wconf 90' lang='lat' dir='ltr'>prae-</span> 
     </span>
     <span class='ocr_line' id='line_1_15' title="bbox 190 1994 1306 2097; baseline 0 -26"><span class='ocrx_word' id='word_1_112' title='bbox 190 1997 292 2071; x_wconf 83' lang='lat' dir='ltr'>celert</span> <span class='ocrx_word' id='word_1_113' title='bbox 315 2011 602 2084; x_wconf 80' lang='lat' dir='ltr'>consummatum3</span> <span class='ocrx_word' id='word_1_114' title='bbox 630 1996 721 2097; x_wconf 93' lang='lat' dir='ltr'>quod</span> <span class='ocrx_word' id='word_1_115' title='bbox 748 1995 877 2069; x_wconf 86' lang='lat' dir='ltr'>scilicet</span> <span class='ocrx_word' id='word_1_116' title='bbox 901 2021 962 2095; x_wconf 92' lang='lat' dir='ltr'>per</span> <span class='ocrx_word' id='word_1_117' title='bbox 987 1994 1071 2068; x_wconf 93' lang='lat' dir='ltr'>illud</span> <span class='ocrx_word' id='word_1_118' title='bbox 1097 1996 1306 2093; x_wconf 82' lang='lat' dir='ltr'>significetur</span> 
     </span>
     <span class='ocr_line' id='line_1_16' title="bbox 188 2108 1305 2210; baseline -0.001 -25"><span class='ocrx_word' id='word_1_119' title='bbox 188 2109 380 2185; x_wconf 87' lang='lat' dir='ltr'>coniunctio</span> <span class='ocrx_word' id='word_1_120' title='bbox 405 2108 528 2182; x_wconf 80' lang='lat' dir='ltr'>Christi</span> <span class='ocrx_word' id='word_1_121' title='bbox 554 2135 630 2183; x_wconf 91' lang='lat' dir='ltr'>cum</span> <span class='ocrx_word' id='word_1_122' title='bbox 655 2110 768 2182; x_wconf 91' lang='lat' dir='ltr'>anima</span> <span class='ocrx_word' id='word_1_123' title='bbox 794 2109 944 2183; x_wconf 84' lang='lat' dir='ltr'>fidelium</span> <span class='ocrx_word' id='word_1_124' title='bbox 962 2136 1022 2209; x_wconf 89' lang='lat' dir='ltr'>per</span> <span class='ocrx_word' id='word_1_125' title='bbox 1039 2110 1199 2207; x_wconf 79' lang='lat' dir='ltr'>gratiam,</span> <span class='ocrx_word' id='word_1_126' title='bbox 1216 2137 1305 2210; x_wconf 87' lang='lat' dir='ltr'>quac</span> 
     </span>
     <span class='ocr_line' id='line_1_17' title="bbox 187 2221 1303 2323; baseline -0.001 -26"><span class='ocrx_word' id='word_1_127' title='bbox 187 2221 399 2297; x_wconf 87' lang='lat' dir='ltr'>dissolubilis</span> <span class='ocrx_word' id='word_1_128' title='bbox 417 2237 488 2309; x_wconf 87' lang='lat' dir='ltr'>cst,</span> <span class='ocrx_word' id='word_1_129' title='bbox 510 2248 570 2321; x_wconf 90' lang='lat' dir='ltr'>per</span> <span class='ocrx_word' id='word_1_130' title='bbox 587 2222 675 2295; x_wconf 89' lang='lat' dir='ltr'>istud</span> <span class='ocrx_word' id='word_1_131' title='bbox 696 2247 775 2296; x_wconf 87' lang='lat' dir='ltr'>vero</span> <span class='ocrx_word' id='word_1_132' title='bbox 793 2221 889 2295; x_wconf 89' lang='lat' dir='ltr'>Verbi</span> <span class='ocrx_word' id='word_1_133' title='bbox 914 2249 991 2297; x_wconf 89' lang='lat' dir='ltr'>cum</span> <span class='ocrx_word' id='word_1_134' title='bbox 1016 2221 1225 2297; x_wconf 89' lang='lat' dir='ltr'>humanitate</span> <span class='ocrx_word' id='word_1_135' title='bbox 1243 2249 1303 2323; x_wconf 89' lang='lat' dir='ltr'>per</span> 
     </span>
     <span class='ocr_line' id='line_1_18' title="bbox 188 2335 1299 2438; baseline 0.002 -28"><span class='ocrx_word' id='word_1_136' title='bbox 188 2338 345 2412; x_wconf 90' lang='lat' dir='ltr'>unionem</span> <span class='ocrx_word' id='word_1_137' title='bbox 370 2336 638 2438; x_wconf 78' lang='lat' dir='ltr'>hypostaticam,</span> <span class='ocrx_word' id='word_1_138' title='bbox 659 2352 718 2410; x_wconf 91' lang='lat' dir='ltr'>aut</span> <span class='ocrx_word' id='word_1_139' title='bbox 734 2363 795 2436; x_wconf 87' lang='lat' dir='ltr'>per</span> <span class='ocrx_word' id='word_1_140' title='bbox 811 2335 1008 2411; x_wconf 89' lang='lat' dir='ltr'>charitatem</span> <span class='ocrx_word' id='word_1_141' title='bbox 1033 2365 1110 2411; x_wconf 92' lang='lat' dir='ltr'>cum</span> <span class='ocrx_word' id='word_1_142' title='bbox 1135 2338 1299 2426; x_wconf 91' lang='lat' dir='ltr'>ecclesia,</span> 
     </span>
     <span class='ocr_line' id='line_1_19' title="bbox 187 2450 1301 2552; baseline -0.001 -27"><span class='ocrx_word' id='word_1_143' title='bbox 187 2477 275 2551; x_wconf 86' lang='lat' dir='ltr'>quae</span> <span class='ocrx_word' id='word_1_144' title='bbox 300 2477 437 2552; x_wconf 88' lang='lat' dir='ltr'>prorsus</span> <span class='ocrx_word' id='word_1_145' title='bbox 460 2450 713 2525; x_wconf 87' lang='lat' dir='ltr'>indissolubiles</span> <span class='ocrx_word' id='word_1_146' title='bbox 731 2466 832 2536; x_wconf 91' lang='lat' dir='ltr'>sunt;</span> <span class='ocrx_word' id='word_1_147' title='bbox 853 2450 926 2525; x_wconf 85' lang='lat' dir='ltr'>sive</span> <span class='ocrx_word' id='word_1_148' title='bbox 943 2451 1034 2551; x_wconf 90' lang='lat' dir='ltr'>quod</span> <span class='ocrx_word' id='word_1_149' title='bbox 1052 2452 1301 2525; x_wconf 88' lang='lat' dir='ltr'>matrimonium</span> 
     </span>
     <span class='ocr_line' id='line_1_20' title="bbox 188 2564 1298 2666; baseline -0.003 -26"><span class='ocrx_word' id='word_1_150' title='bbox 188 2581 295 2643; x_wconf 89' lang='lat' dir='ltr'>ratum</span> <span class='ocrx_word' id='word_1_151' title='bbox 308 2592 373 2641; x_wconf 92' lang='lat' dir='ltr'>non</span> <span class='ocrx_word' id='word_1_152' title='bbox 387 2567 432 2640; x_wconf 89' lang='lat' dir='ltr'>sit</span> <span class='ocrx_word' id='word_1_153' title='bbox 443 2565 529 2642; x_wconf 90' lang='lat' dir='ltr'>adeo</span> <span class='ocrx_word' id='word_1_154' title='bbox 542 2564 737 2666; x_wconf 88' lang='lat' dir='ltr'>perlectum,</span> <span class='ocrx_word' id='word_1_155' title='bbox 754 2565 855 2665; x_wconf 91' lang='lat' dir='ltr'>quale</span> <span class='ocrx_word' id='word_1_156' title='bbox 866 2580 918 2638; x_wconf 92' lang='lat' dir='ltr'>est</span> <span class='ocrx_word' id='word_1_157' title='bbox 930 2581 1196 2639; x_wconf 87' lang='lat' dir='ltr'>consummatum</span> <span class='ocrx_word' id='word_1_158' title='bbox 1209 2568 1298 2661; x_wconf 80' lang='lat' dir='ltr'>(st);</span> 
     </span>
     <span class='ocr_line' id='line_1_21' title="bbox 186 2678 1302 2781; baseline -0.002 -28"><span class='ocrx_word' id='word_1_159' title='bbox 186 2680 259 2753; x_wconf 82' lang='lat' dir='ltr'>siue</span> <span class='ocrx_word' id='word_1_160' title='bbox 282 2679 428 2781; x_wconf 88' lang='lat' dir='ltr'>denique</span> <span class='ocrx_word' id='word_1_161' title='bbox 460 2680 549 2780; x_wconf 88' lang='lat' dir='ltr'>quod</span> <span class='ocrx_word' id='word_1_162' title='bbox 582 2694 688 2753; x_wconf 91' lang='lat' dir='ltr'>ratum</span> <span class='ocrx_word' id='word_1_163' title='bbox 722 2678 915 2775; x_wconf 83' lang='lat' dir='ltr'>coniugium</span> <span class='ocrx_word' id='word_1_164' title='bbox 943 2678 1073 2753; x_wconf 92' lang='lat' dir='ltr'>ineatur</span> <span class='ocrx_word' id='word_1_165' title='bbox 1100 2679 1164 2753; x_wconf 90' lang='lat' dir='ltr'>sub</span> <span class='ocrx_word' id='word_1_166' title='bbox 1189 2679 1302 2753; x_wconf 89' lang='lat' dir='ltr'>condi-</span> 
     </span>
     <span class='ocr_line' id='line_1_22' title="bbox 185 2790 1300 2894; baseline 0.002 -29"><span class='ocrx_word' id='word_1_167' title='bbox 185 2793 293 2881; x_wconf 87' lang='lat' dir='ltr'>tione,</span> <span class='ocrx_word' id='word_1_168' title='bbox 313 2820 381 2894; x_wconf 91' lang='lat' dir='ltr'>qna</span> <span class='ocrx_word' id='word_1_169' title='bbox 397 2794 590 2879; x_wconf 82' lang='lat' dir='ltr'>deficiente,</span> <span class='ocrx_word' id='word_1_170' title='bbox 612 2809 760 2867; x_wconf 67' lang='lat' dir='ltr'>censeat</span> <span class='ocrx_word' id='word_1_171' title='bbox 777 2793 812 2864; x_wconf 90' lang='lat' dir='ltr'>in</span> <span class='ocrx_word' id='word_1_172' title='bbox 829 2790 1032 2869; x_wconf 88' lang='lat' dir='ltr'>absolutum.</span> <span class='ocrx_word' id='word_1_173' title='bbox 1055 2793 1146 2867; x_wconf 81' lang='lat' dir='ltr'>llaec</span> <span class='ocrx_word' id='word_1_174' title='bbox 1163 2793 1300 2893; x_wconf 87' lang='lat' dir='ltr'>quidem</span> 
     </span>
     <span class='ocr_line' id='line_1_23' title="bbox 184 2906 1297 3006; baseline -0.001 -25"><span class='ocrx_word' id='word_1_175' title='bbox 184 2923 266 2989; x_wconf 82' lang='lat' dir='ltr'>sunt</span> <span class='ocrx_word' id='word_1_176' title='bbox 288 2907 459 3005; x_wconf 85' lang='lat' dir='ltr'>praeclare</span> <span class='ocrx_word' id='word_1_177' title='bbox 483 2908 592 2995; x_wconf 86' lang='lat' dir='ltr'>dieta,</span> <span class='ocrx_word' id='word_1_178' title='bbox 621 2922 658 2980; x_wconf 91' lang='lat' dir='ltr'>at</span> <span class='ocrx_word' id='word_1_179' title='bbox 681 2933 748 2981; x_wconf 93' lang='lat' dir='ltr'>non</span> <span class='ocrx_word' id='word_1_180' title='bbox 775 2906 874 3006; x_wconf 88' lang='lat' dir='ltr'>plene</span> <span class='ocrx_word' id='word_1_181' title='bbox 903 2908 1097 2985; x_wconf 82' lang='lat' dir='ltr'>satisfacere</span> <span class='ocrx_word' id='word_1_182' title='bbox 1119 2907 1297 2994; x_wconf 79' lang='lat' dir='ltr'>ridentur,</span> 
     </span>
     <span class='ocr_line' id='line_1_24' title="bbox 184 3021 1301 3123; baseline 0.003 -28"><span class='ocrx_word' id='word_1_183' title='bbox 184 3021 255 3096; x_wconf 89' lang='lat' dir='ltr'>sive</span> <span class='ocrx_word' id='word_1_184' title='bbox 280 3022 360 3123; x_wconf 90' lang='lat' dir='ltr'>quia</span> <span class='ocrx_word' id='word_1_185' title='bbox 384 3023 469 3103; x_wconf 88' lang='lat' dir='ltr'>haec</span> <span class='ocrx_word' id='word_1_186' title='bbox 493 3049 560 3097; x_wconf 92' lang='lat' dir='ltr'>non</span> <span class='ocrx_word' id='word_1_187' title='bbox 584 3023 761 3097; x_wconf 89' lang='lat' dir='ltr'>destruunt</span> <span class='ocrx_word' id='word_1_188' title='bbox 791 3024 952 3099; x_wconf 91' lang='lat' dir='ltr'>rationem</span> <span class='ocrx_word' id='word_1_189' title='bbox 979 3024 1198 3111; x_wconf 87' lang='lat' dir='ltr'>sacramenti,</span> <span class='ocrx_word' id='word_1_190' title='bbox 1228 3024 1301 3107; x_wconf 84' lang='lat' dir='ltr'>sive</span> 
     </span>
    </p>
   </div>
   <div class='ocr_carea' id='block_1_3' title="bbox 176 3316 1299 4414">
    <p class='ocr_par' dir='ltr' id='par_1_4' title="bbox 176 3316 1299 4414">
     <span class='ocr_line' id='line_1_25' title="bbox 255 3316 1298 3385; baseline -0.002 -17"><span class='ocrx_word' id='word_1_191' title='bbox 255 3317 306 3379; x_wconf 78' lang='lat' dir='ltr'>(eti</span> <span class='ocrx_word' id='word_1_192' title='bbox 322 3316 484 3371; x_wconf 73' lang='lat' dir='ltr'>bellarminus</span> <span class='ocrx_word' id='word_1_193' title='bbox 496 3320 540 3372; x_wconf 88' lang='lat' dir='ltr'>lib.</span> <span class='ocrx_word' id='word_1_194' title='bbox 554 3322 586 3372; x_wconf 88' lang='lat' dir='ltr'>li.</span> <span class='ocrx_word' id='word_1_195' title='bbox 599 3321 636 3372; x_wconf 86' lang='lat' dir='ltr'>De</span> <span class='ocrx_word' id='word_1_196' title='bbox 649 3318 783 3372; x_wconf 80' lang='lat' dir='ltr'>monacbis</span> <span class='ocrx_word' id='word_1_197' title='bbox 793 3335 817 3372; x_wconf 88' lang='lat' dir='ltr'>c.</span> <span class='ocrx_word' id='word_1_198' title='bbox 827 3327 864 3373; x_wconf 79' lang='lat' dir='ltr'>ts.</span> <span class='ocrx_word' id='word_1_199' title='bbox 874 3335 899 3371; x_wconf 92' lang='lat' dir='ltr'>n.</span> <span class='ocrx_word' id='word_1_200' title='bbox 909 3323 939 3372; x_wconf 78' lang='lat' dir='ltr'>ti</span> <span class='ocrx_word' id='word_1_201' title='bbox 950 3330 1019 3385; x_wconf 78' lang='lat' dir='ltr'>seqq.</span> <span class='ocrx_word' id='word_1_202' title='bbox 1028 3317 1125 3371; x_wconf 83' lang='lat' dir='ltr'>scribit:</span> <span class='ocrx_word' id='word_1_203' title='bbox 1139 3319 1298 3368; x_wconf 78' lang='lat' dir='ltr'>«Sacramen-</span> 
     </span>
     <span class='ocr_line' id='line_1_26' title="bbox 181 3397 1298 3465; baseline -0.004 -15"><span class='ocrx_word' id='word_1_204' title='bbox 181 3403 235 3450; x_wconf 91' lang='lat' dir='ltr'>tum</span> <span class='ocrx_word' id='word_1_205' title='bbox 252 3398 403 3449; x_wconf 85' lang='lat' dir='ltr'>matrimonii</span> <span class='ocrx_word' id='word_1_206' title='bbox 421 3399 636 3464; x_wconf 75' lang='lat' dir='ltr'>triplicemhabrt</span> <span class='ocrx_word' id='word_1_207' title='bbox 646 3401 858 3465; x_wconf 80' lang='lat' dir='ltr'>significationem.</span> <span class='ocrx_word' id='word_1_208' title='bbox 867 3404 957 3452; x_wconf 70' lang='lat' dir='ltr'>Primo</span> <span class='ocrx_word' id='word_1_209' title='bbox 970 3400 1091 3464; x_wconf 64' lang='lat' dir='ltr'>decidam</span> <span class='ocrx_word' id='word_1_210' title='bbox 1100 3398 1202 3462; x_wconf 78' lang='lat' dir='ltr'>gruttam</span> <span class='ocrx_word' id='word_1_211' title='bbox 1214 3397 1298 3447; x_wconf 79' lang='lat' dir='ltr'>inrisi-</span> 
     </span>
     <span class='ocr_line' id='line_1_27' title="bbox 181 3476 1295 3541; baseline -0.004 -12"><span class='ocrx_word' id='word_1_212' title='bbox 181 3478 270 3541; x_wconf 86' lang='lat' dir='ltr'>bilem,</span> <span class='ocrx_word' id='word_1_213' title='bbox 286 3479 340 3530; x_wconf 85' lang='lat' dir='ltr'>rire</span> <span class='ocrx_word' id='word_1_214' title='bbox 357 3480 554 3531; x_wconf 85' lang='lat' dir='ltr'>coniunctionem</span> <span class='ocrx_word' id='word_1_215' title='bbox 569 3482 662 3532; x_wconf 73' lang='lat' dir='ltr'>Christi</span> <span class='ocrx_word' id='word_1_216' title='bbox 678 3495 735 3532; x_wconf 89' lang='lat' dir='ltr'>cum</span> <span class='ocrx_word' id='word_1_217' title='bbox 751 3482 847 3532; x_wconf 87' lang='lat' dir='ltr'>anima:</span> <span class='ocrx_word' id='word_1_218' title='bbox 863 3478 978 3532; x_wconf 79' lang='lat' dir='ltr'>secundo</span> <span class='ocrx_word' id='word_1_219' title='bbox 993 3478 1189 3531; x_wconf 85' lang='lat' dir='ltr'>coniunctionem</span> <span class='ocrx_word' id='word_1_220' title='bbox 1203 3476 1295 3528; x_wconf 83' lang='lat' dir='ltr'>christi</span> 
     </span>
     <span class='ocr_line' id='line_1_28' title="bbox 178 3555 1298 3629; baseline -0.004 -20"><span class='ocrx_word' id='word_1_221' title='bbox 178 3573 237 3629; x_wconf 77' lang='lat' dir='ltr'>cum</span> <span class='ocrx_word' id='word_1_222' title='bbox 258 3556 361 3610; x_wconf 82' lang='lat' dir='ltr'>ecclesia</span> <span class='ocrx_word' id='word_1_223' title='bbox 382 3572 426 3622; x_wconf 84' lang='lat' dir='ltr'>per</span> <span class='ocrx_word' id='word_1_224' title='bbox 444 3558 606 3610; x_wconf 77' lang='lat' dir='ltr'>charitatemz</span> <span class='ocrx_word' id='word_1_225' title='bbox 631 3562 708 3610; x_wconf 83' lang='lat' dir='ltr'>tertio</span> <span class='ocrx_word' id='word_1_226' title='bbox 727 3558 924 3610; x_wconf 87' lang='lat' dir='ltr'>coniunctionem</span> <span class='ocrx_word' id='word_1_227' title='bbox 943 3557 1035 3609; x_wconf 85' lang='lat' dir='ltr'>christi</span> <span class='ocrx_word' id='word_1_228' title='bbox 1060 3571 1118 3608; x_wconf 90' lang='lat' dir='ltr'>eum</span> <span class='ocrx_word' id='word_1_229' title='bbox 1136 3555 1238 3607; x_wconf 70' lang='lat' dir='ltr'>molesia</span> <span class='ocrx_word' id='word_1_230' title='bbox 1254 3568 1298 3619; x_wconf 83' lang='lat' dir='ltr'>per</span> 
     </span>
     <span class='ocr_line' id='line_1_29' title="bbox 180 3634 1295 3703; baseline -0.006 -14"><span class='ocrx_word' id='word_1_231' title='bbox 180 3638 282 3689; x_wconf 80' lang='lat' dir='ltr'>naturae</span> <span class='ocrx_word' id='word_1_232' title='bbox 297 3636 506 3687; x_wconf 76' lang='lat' dir='ltr'>conformitatem.</span> <span class='ocrx_word' id='word_1_233' title='bbox 519 3639 553 3687; x_wconf 82' lang='lat' dir='ltr'>iix</span> <span class='ocrx_word' id='word_1_234' title='bbox 571 3635 663 3701; x_wconf 84' lang='lat' dir='ltr'>quibos</span> <span class='ocrx_word' id='word_1_235' title='bbox 677 3638 860 3689; x_wconf 78' lang='lat' dir='ltr'>matrimonium</span> <span class='ocrx_word' id='word_1_236' title='bbox 880 3634 961 3687; x_wconf 84' lang='lat' dir='ltr'>ratum</span> <span class='ocrx_word' id='word_1_237' title='bbox 981 3636 1055 3703; x_wconf 74' lang='lat' dir='ltr'>babet</span> <span class='ocrx_word' id='word_1_238' title='bbox 1075 3636 1156 3685; x_wconf 84' lang='lat' dir='ltr'>solam</span> <span class='ocrx_word' id='word_1_239' title='bbox 1176 3634 1295 3698; x_wconf 60' lang='lat' dir='ltr'>atnam,</span> 
     </span>
     <span class='ocr_line' id='line_1_30' title="bbox 181 3711 1298 3781; baseline -0.003 -15"><span class='ocrx_word' id='word_1_240' title='bbox 181 3717 210 3767; x_wconf 89' lang='lat' dir='ltr'>ut</span> <span class='ocrx_word' id='word_1_241' title='bbox 222 3715 293 3767; x_wconf 87' lang='lat' dir='ltr'>decet</span> <span class='ocrx_word' id='word_1_242' title='bbox 302 3717 437 3769; x_wconf 60' lang='lat' dir='ltr'>sffhomae</span> <span class='ocrx_word' id='word_1_243' title='bbox 448 3717 474 3767; x_wconf 89' lang='lat' dir='ltr'>in</span> <span class='ocrx_word' id='word_1_244' title='bbox 484 3717 541 3768; x_wconf 66' lang='lat' dir='ltr'>td.</span> <span class='ocrx_word' id='word_1_245' title='bbox 553 3722 591 3769; x_wconf 76' lang='lat'>27.</span> <span class='ocrx_word' id='word_1_246' title='bbox 600 3732 626 3781; x_wconf 86' lang='lat' dir='ltr'>q.</span> <span class='ocrx_word' id='word_1_247' title='bbox 635 3720 709 3769; x_wconf 71' lang='lat' dir='ltr'>tart.</span> <span class='ocrx_word' id='word_1_248' title='bbox 721 3725 744 3769; x_wconf 81' lang='lat' dir='ltr'>t.</span> <span class='ocrx_word' id='word_1_249' title='bbox 756 3732 782 3781; x_wconf 86' lang='lat' dir='ltr'>q.</span> <span class='ocrx_word' id='word_1_250' title='bbox 794 3725 817 3768; x_wconf 74' lang='grc' dir='ltr'>ι.</span> <span class='ocrx_word' id='word_1_251' title='bbox 826 3716 857 3767; x_wconf 87' lang='lat' dir='ltr'>ad</span> <span class='ocrx_word' id='word_1_252' title='bbox 871 3719 925 3768; x_wconf 76' lang='lat' dir='ltr'>tet</span> <span class='ocrx_word' id='word_1_253' title='bbox 935 3715 1090 3766; x_wconf 84' lang='lat' dir='ltr'>innocentius</span> <span class='ocrx_word' id='word_1_254' title='bbox 1101 3716 1144 3765; x_wconf 86' lang='lat' dir='ltr'>iit.</span> <span class='ocrx_word' id='word_1_255' title='bbox 1156 3727 1211 3777; x_wconf 85' lang='lat' dir='ltr'>cap.</span> <span class='ocrx_word' id='word_1_256' title='bbox 1223 3711 1298 3764; x_wconf 82' lang='lat' dir='ltr'>Debi-</span> 
     </span>
     <span class='ocr_line' id='line_1_31' title="bbox 182 3795 1297 3860; baseline -0.003 -14"><span class='ocrx_word' id='word_1_257' title='bbox 182 3799 240 3847; x_wconf 80' lang='lat' dir='ltr'>tum</span> <span class='ocrx_word' id='word_1_258' title='bbox 248 3796 281 3846; x_wconf 80' lang='lat' dir='ltr'>da</span> <span class='ocrx_word' id='word_1_259' title='bbox 289 3796 410 3860; x_wconf 68' lang='lat' dir='ltr'>disemis.</span> <span class='ocrx_word' id='word_1_260' title='bbox 421 3800 490 3857; x_wconf 87' lang='lat' dir='ltr'>Quae</span> <span class='ocrx_word' id='word_1_261' title='bbox 500 3797 645 3860; x_wconf 75' lang='lat' dir='ltr'>significatio</span> <span class='ocrx_word' id='word_1_262' title='bbox 654 3796 786 3847; x_wconf 75' lang='lat' dir='ltr'>rusticitati</span> <span class='ocrx_word' id='word_1_263' title='bbox 795 3795 994 3847; x_wconf 86' lang='lat' dir='ltr'>constituendum</span> <span class='ocrx_word' id='word_1_264' title='bbox 1004 3808 1090 3846; x_wconf 87' lang='lat' dir='ltr'>rerum</span> <span class='ocrx_word' id='word_1_265' title='bbox 1102 3796 1297 3854; x_wconf 87' lang='lat' dir='ltr'>sacramentum;</span> 
     </span>
     <span class='ocr_line' id='line_1_32' title="bbox 180 3872 1298 3929; baseline -0.004 -3"><span class='ocrx_word' id='word_1_266' title='bbox 180 3874 224 3926; x_wconf 80' lang='lat' dir='ltr'>aad</span> <span class='ocrx_word' id='word_1_267' title='bbox 244 3888 273 3924; x_wconf 87' lang='lat' dir='ltr'>ca</span> <span class='ocrx_word' id='word_1_268' title='bbox 287 3888 334 3926; x_wconf 90' lang='lat' dir='ltr'>nen</span> <span class='ocrx_word' id='word_1_269' title='bbox 347 3877 406 3929; x_wconf 87' lang='lat' dir='ltr'>iacit</span> <span class='ocrx_word' id='word_1_270' title='bbox 416 3877 602 3929; x_wconf 83' lang='lat' dir='ltr'>matrimonium</span> <span class='ocrx_word' id='word_1_271' title='bbox 618 3876 755 3927; x_wconf 85' lang='lat' dir='ltr'>insolubile.</span> <span class='ocrx_word' id='word_1_272' title='bbox 768 3880 831 3927; x_wconf 82' lang='lat' dir='ltr'>iiam</span> <span class='ocrx_word' id='word_1_273' title='bbox 843 3877 886 3926; x_wconf 90' lang='lat' dir='ltr'>iila</span> <span class='ocrx_word' id='word_1_274' title='bbox 895 3874 1036 3926; x_wconf 84' lang='lat' dir='ltr'>coniunctio</span> <span class='ocrx_word' id='word_1_275' title='bbox 1045 3873 1137 3925; x_wconf 84' lang='lat' dir='ltr'>christi</span> <span class='ocrx_word' id='word_1_276' title='bbox 1148 3885 1205 3923; x_wconf 87' lang='lat' dir='ltr'>cum</span> <span class='ocrx_word' id='word_1_277' title='bbox 1216 3872 1298 3923; x_wconf 87' lang='lat' dir='ltr'>anima</span> 
     </span>
     <span class='ocr_line' id='line_1_33' title="bbox 181 3951 1298 4023; baseline -0.004 -16"><span class='ocrx_word' id='word_1_278' title='bbox 181 3967 230 4007; x_wconf 84' lang='lat' dir='ltr'>non</span> <span class='ocrx_word' id='word_1_279' title='bbox 240 3957 278 4005; x_wconf 88' lang='lat' dir='ltr'>est</span> <span class='ocrx_word' id='word_1_280' title='bbox 287 3953 422 4009; x_wconf 81' lang='lat' dir='ltr'>insolubilis</span> <span class='ocrx_word' id='word_1_281' title='bbox 432 3960 461 4009; x_wconf 87' lang='lat' dir='ltr'>nt</span> <span class='ocrx_word' id='word_1_282' title='bbox 472 3959 553 4023; x_wconf 77' lang='lat' dir='ltr'>patet3</span> <span class='ocrx_word' id='word_1_283' title='bbox 563 3957 747 4007; x_wconf 83' lang='lat' dir='ltr'>matrimonium</span> <span class='ocrx_word' id='word_1_284' title='bbox 756 3959 837 4007; x_wconf 88' lang='lat' dir='ltr'>autem</span> <span class='ocrx_word' id='word_1_285' title='bbox 849 3957 1044 4006; x_wconf 84' lang='lat' dir='ltr'>consummatum</span> <span class='ocrx_word' id='word_1_286' title='bbox 1051 3953 1124 4004; x_wconf 84' lang='lat' dir='ltr'>babet</span> <span class='ocrx_word' id='word_1_287' title='bbox 1134 3954 1195 4003; x_wconf 83' lang='lat' dir='ltr'>altas</span> <span class='ocrx_word' id='word_1_288' title='bbox 1206 3951 1298 4021; x_wconf 58' lang='lat' dir='ltr'>durem</span> 
     </span>
     <span class='ocr_line' id='line_1_34' title="bbox 183 4033 1298 4100; baseline -0.004 -16"><span class='ocrx_word' id='word_1_289' title='bbox 183 4036 255 4097; x_wconf 83' lang='lat' dir='ltr'>prout</span> <span class='ocrx_word' id='word_1_290' title='bbox 267 4033 357 4084; x_wconf 85' lang='lat' dir='ltr'>ibidem</span> <span class='ocrx_word' id='word_1_291' title='bbox 369 4036 490 4100; x_wconf 87' lang='lat' dir='ltr'>ostendit;</span> <span class='ocrx_word' id='word_1_292' title='bbox 502 4035 591 4088; x_wconf 82' lang='lat' dir='ltr'>deinde</span> <span class='ocrx_word' id='word_1_293' title='bbox 601 4035 741 4087; x_wconf 86' lang='lat' dir='ltr'>concludit:</span> <span class='ocrx_word' id='word_1_294' title='bbox 754 4049 779 4085; x_wconf 85' lang='lat' dir='ltr'>n.</span> <span class='ocrx_word' id='word_1_295' title='bbox 789 4043 828 4086; x_wconf 80' lang='lat' dir='ltr'>to.</span> <span class='ocrx_word' id='word_1_296' title='bbox 838 4034 1038 4084; x_wconf 74' lang='lat' dir='ltr'>«Matrimonium</span> <span class='ocrx_word' id='word_1_297' title='bbox 1050 4036 1130 4083; x_wconf 87' lang='lat' dir='ltr'>return</span> <span class='ocrx_word' id='word_1_298' title='bbox 1145 4045 1197 4082; x_wconf 78' lang='lat' dir='ltr'>esse</span> <span class='ocrx_word' id='word_1_299' title='bbox 1212 4043 1298 4081; x_wconf 83' lang='lat' dir='ltr'>rernm</span> 
     </span>
     <span class='ocr_line' id='line_1_35' title="bbox 178 4110 1299 4179; baseline -0.004 -18"><span class='ocrx_word' id='word_1_300' title='bbox 178 4114 375 4175; x_wconf 87' lang='lat' dir='ltr'>sacramentum,</span> <span class='ocrx_word' id='word_1_301' title='bbox 388 4114 429 4164; x_wconf 87' lang='lat' dir='ltr'>sed</span> <span class='ocrx_word' id='word_1_302' title='bbox 442 4129 490 4166; x_wconf 89' lang='lat' dir='ltr'>non</span> <span class='ocrx_word' id='word_1_303' title='bbox 502 4116 634 4179; x_wconf 80' lang='lat' dir='ltr'>perlectum</span> <span class='ocrx_word' id='word_1_304' title='bbox 650 4113 738 4177; x_wconf 74' lang='lat' dir='ltr'>quoad</span> <span class='ocrx_word' id='word_1_305' title='bbox 754 4125 856 4164; x_wconf 82' lang='lat' dir='ltr'>omnent</span> <span class='ocrx_word' id='word_1_306' title='bbox 872 4110 1116 4175; x_wconf 71' lang='lat' dir='ltr'>stenistccticrrcm.»</span> <span class='ocrx_word' id='word_1_307' title='bbox 1125 4114 1170 4160; x_wconf 74' lang='lat' dir='ltr'>Ast</span> <span class='ocrx_word' id='word_1_308' title='bbox 1180 4110 1240 4159; x_wconf 89' lang='lat' dir='ltr'>haec</span> <span class='ocrx_word' id='word_1_309' title='bbox 1250 4121 1299 4158; x_wconf 91' lang='lat' dir='ltr'>non</span> 
     </span>
     <span class='ocr_line' id='line_1_36' title="bbox 179 4187 1296 4254; baseline -0.006 -12"><span class='ocrx_word' id='word_1_310' title='bbox 179 4192 296 4242; x_wconf 81' lang='lat' dir='ltr'>omnibns</span> <span class='ocrx_word' id='word_1_311' title='bbox 312 4191 454 4254; x_wconf 72' lang='lat' dir='ltr'>probantur.</span> <span class='ocrx_word' id='word_1_312' title='bbox 472 4196 534 4245; x_wconf 77' lang='lat' dir='ltr'>itera</span> <span class='ocrx_word' id='word_1_313' title='bbox 550 4192 734 4245; x_wconf 82' lang='lat' dir='ltr'>matrimonium</span> <span class='ocrx_word' id='word_1_314' title='bbox 754 4195 835 4242; x_wconf 83' lang='lat' dir='ltr'>return</span> <span class='ocrx_word' id='word_1_315' title='bbox 851 4190 972 4254; x_wconf 74' lang='lat' dir='ltr'>siguificat</span> <span class='ocrx_word' id='word_1_316' title='bbox 987 4190 1063 4239; x_wconf 86' lang='lat' dir='ltr'>etiam</span> <span class='ocrx_word' id='word_1_317' title='bbox 1078 4188 1193 4239; x_wconf 88' lang='lat' dir='ltr'>unionem</span> <span class='ocrx_word' id='word_1_318' title='bbox 1204 4187 1296 4238; x_wconf 79' lang='lat' dir='ltr'>Christi</span> 
     </span>
     <span class='ocr_line' id='line_1_37' title="bbox 177 4267 1297 4336; baseline -0.004 -16"><span class='ocrx_word' id='word_1_319' title='bbox 177 4283 235 4321; x_wconf 86' lang='lat' dir='ltr'>cnm</span> <span class='ocrx_word' id='word_1_320' title='bbox 248 4270 350 4320; x_wconf 71' lang='lat' dir='ltr'>eccimia</span> <span class='ocrx_word' id='word_1_321' title='bbox 362 4283 405 4334; x_wconf 83' lang='lat' dir='ltr'>per</span> <span class='ocrx_word' id='word_1_322' title='bbox 415 4271 573 4336; x_wconf 68' lang='lat' dir='ltr'>charitatem</span> <span class='ocrx_word' id='word_1_323' title='bbox 592 4272 712 4323; x_wconf 87' lang='lat' dir='ltr'>eiusmodi</span> <span class='ocrx_word' id='word_1_324' title='bbox 730 4273 813 4323; x_wconf 86' lang='lat' dir='ltr'>autem</span> <span class='ocrx_word' id='word_1_325' title='bbox 832 4269 972 4320; x_wconf 88' lang='lat' dir='ltr'>coniunctio</span> <span class='ocrx_word' id='word_1_326' title='bbox 991 4267 1169 4334; x_wconf 83' lang='lat' dir='ltr'>indissolubilis</span> <span class='ocrx_word' id='word_1_327' title='bbox 1183 4270 1235 4331; x_wconf 68' lang='lat' dir='ltr'>est,</span> <span class='ocrx_word' id='word_1_328' title='bbox 1252 4280 1297 4316; x_wconf 87' lang='lat' dir='ltr'>nac</span> 
     </span>
     <span class='ocr_line' id='line_1_38' title="bbox 176 4347 1298 4414; baseline -0.004 -14"><span class='ocrx_word' id='word_1_329' title='bbox 176 4350 243 4401; x_wconf 84' lang='lat' dir='ltr'>enim</span> <span class='ocrx_word' id='word_1_330' title='bbox 256 4362 373 4414; x_wconf 87' lang='lat' dir='ltr'>nmquam</span> <span class='ocrx_word' id='word_1_331' title='bbox 391 4352 470 4414; x_wconf 81' lang='lat' dir='ltr'>poter</span> <span class='ocrx_word' id='word_1_332' title='bbox 487 4352 599 4402; x_wconf 82' lang='lat' dir='ltr'>christus</span> <span class='ocrx_word' id='word_1_333' title='bbox 619 4353 651 4402; x_wconf 72' lang='lat' dir='ltr'>ab</span> <span class='ocrx_word' id='word_1_334' title='bbox 669 4351 769 4403; x_wconf 72' lang='lat' dir='ltr'>ersiesia</span> <span class='ocrx_word' id='word_1_335' title='bbox 784 4363 828 4401; x_wconf 88' lang='lat' dir='ltr'>sua</span> <span class='ocrx_word' id='word_1_336' title='bbox 840 4348 956 4413; x_wconf 80' lang='lat' dir='ltr'>scpamri</span> <span class='ocrx_word' id='word_1_337' title='bbox 969 4350 1061 4399; x_wconf 74' lang='lat' dir='ltr'>verum</span> <span class='ocrx_word' id='word_1_338' title='bbox 1072 4348 1118 4397; x_wconf 86' lang='lat' dir='ltr'>troc</span> <span class='ocrx_word' id='word_1_339' title='bbox 1129 4348 1171 4398; x_wconf 84' lang='lat' dir='ltr'>aiii</span> <span class='ocrx_word' id='word_1_340' title='bbox 1182 4347 1298 4397; x_wconf 83' lang='lat' dir='ltr'>viderint.</span> 
     </span>
    </p>
   </div>
   <div class='ocr_carea' id='block_1_4' title="bbox 0 0 1622 5084">
    <p class='ocr_par' dir='ltr' id='par_1_5' title="bbox 0 0 1622 5084">
     <span class='ocr_line' id='line_1_39' title="bbox 0 0 1622 5084; baseline 0 8"><span class='ocrx_word' id='word_1_341' title='bbox 0 0 1622 5084; x_wconf 95' lang='lat' dir='ltr'> </span> 
     </span>
    </p>
   </div>
  </div>
 </body>
</html>
