3234 5084
264 493 666 545 marcenniacum.
685 494 790 545 srrcr.
816 494 889 545 rone
902 495 1056 545 utrumn.
1070 498 1141 546 rm.
1155 498 1178 547 ι.
1233 476 1302 546 iit

190 610 376 713 expendere
401 626 501 711 atque
525 609 724 711 complecti,
754 612 833 686 binc
859 612 1002 710 singulis
1028 613 1195 713 capitibus
1222 641 1301 688 ara·

189 728 271 801 mini
290 727 508 802 subiiciemus
522 753 608 827 quae
625 727 660 799 in
677 728 937 801 controversiam
954 728 1091 801 veniunt
1107 728 1172 802 sub
1189 730 1301 803 multi-

187 842 268 944 plici
286 858 454 943 respectu,
477 842 524 915 ita
540 859 672 929 tamen,
692 859 730 915 ut
754 843 888 916 brevius
912 843 1127 918 absolvamus
1152 870 1193 918 ea
1214 872 1302 944 quae

187 985 278 1032 mere
298 957 480 1031 theoretica
506 975 585 1031 sunt
608 957 698 1031 circa
720 959 773 1032 ius
800 975 961 1048 naturae,
990 976 1022 1033 et
1046 960 1134 1033 circa
1161 961 1215 1033 ius
1240 987 1301 1033 an·

188 1073 319 1174 tiquum
348 1073 433 1171 legis
461 1073 653 1159 mosaicae,
682 1100 749 1174 quo
775 1073 970 1173 diligentius
996 1073 1212 1174 quaestiones
1237 1076 1302 1148 sub

187 1188 263 1286 lage
291 1186 484 1284 evangelica
511 1203 582 1260 tum
608 1188 774 1262 adversus
804 1204 1006 1274 novatores,
1039 1204 1110 1261 tum
1138 1188 1301 1263 adversus

187 1329 351 1401 graecos,
371 1321 442 1377 tum
461 1303 625 1378 adversus
643 1303 944 1403 pseudo-politicos
961 1329 1154 1391 versemus,
1175 1319 1212 1376 ut
1229 1330 1301 1377 sar-

188 1435 255 1491 tam
282 1434 468 1520 tectamque
496 1417 682 1493 catholicae
711 1418 873 1493 ecclesiae
902 1416 1087 1491 doctrinam
1113 1433 1147 1491 at
1171 1418 1300 1518 praxim

188 1532 388 1608 habeamus.

628 1692 792 1750 CAPUT
813 1694 847 1748 Ι.

211 1853 251 1901 tia
278 1851 582 1904 runlmiuellrrarr
609 1853 797 1904 {liniuntur
823 1853 917 1903 luxra
942 1852 1045 1903 LEGE!
1070 1851 1271 1913 bardunuil,

504 1969 663 2021 uosmet!
690 1969 728 2018 E'l
753 1968 982 2020 evidentiora.

613 2123 820 2180 ARTlCULUS
838 2123 858 2177 l.

290 2266 333 2327 lle
352 2266 531 2327 Matrimonii
550 2266 803 2328 indissolubilitatc
824 2273 953 2343 spectato
972 2269 1035 2326 inre
1055 2274 1186 2328 naturae.

267 2449 506 2525 Consummuto
530 2451 632 2524 etiam
658 2451 895 2539 matrimonio,
922 2450 1098 2547 coniugale
1127 2450 1300 2525 vinculum

184 2565 387 2641 dissolubile
411 2591 506 2653 esse,
528 2592 590 2639 seu
613 2565 790 2639 admittere
811 2591 913 2664 posse
935 2565 1114 2641 divortium
1139 2591 1215 2639 cum
1240 2591 1301 2664 po-

186 2698 305 2757 testate
337 2680 430 2756 aliud
462 2681 655 2780 coniugium
690 2681 852 2769 ineundi,
886 2707 952 2756 non
987 2682 1087 2780 pauci
1120 2683 1301 2779 scriptores

187 2798 315 2872 ratione
331 2798 447 2872 habita
465 2796 573 2872 solius
591 2796 675 2895 legis
694 2798 857 2871 naturalis
872 2797 1048 2872 edixerunt
1062 2796 1115 2871 vel
1133 2797 1296 2881 absolute,

185 2911 239 2987 vel
265 2913 383 2997 saltem
407 2914 443 2986 in
465 2915 690 3013 peculiaribus
714 2939 824 2986 rarum
853 2913 1030 2987 adiunctis.

260 3030 343 3103 Prae
374 3029 493 3104 ceteris
523 3030 667 3102 absoluto
699 3029 842 3103 dissolvi
873 3055 975 3128 posse
1000 3030 1194 3128 coniugium
1222 3054 1301 3103 con-

185 3142 329 3218 tendunt
341 3144 472 3218 Hennet
484 3146 520 3216 in
534 3143 650 3217 Galliis
667 3146 732 3239 (2),
748 3168 889 3217 necnon
907 3145 987 3217 Bon.
1004 3145 1103 3217 Leon.
1118 3142 1302 3217 Werlrmei-

186 3276 256 3332 ster
272 3261 320 3354 (3)
335 3317 344 3347 ,
363 3285 403 3332 ac
415 3258 563 3332 Adamas
576 3259 686 3331 Braun
703 3259 751 3354 (l)
768 3258 804 3329 in
818 3257 1014 3345 Germania;
1031 3257 1300 3357 pseudopolitici

186 3375 319 3473 passim
339 3400 379 3449 ac
403 3373 757 3475 pseudo-philosophi,
774 3375 861 3447 inter
884 3400 970 3473 quos
994 3375 1119 3447 eminet
1138 3373 1300 3448 Bentbam

263 3598 298 3661 (t)
315 3600 343 3647 ln
353 3610 394 3661 op.
406 3598 447 3648 cni
460 3598 498 3648 tit
511 3601 554 3649 Du
564 3597 670 3648 diuorcc
678 3599 699 3648 1.
710 3598 762 3648 voi.
776 3598 800 3648 in
814 3606 837 3649 s.
850 3603 918 3649 1785.
932 3596 1056 3648 adversus
1070 3608 1145 3661 quem
1154 3596 1304 3659 manserunt

182 3681 215 3729 Ι).
233 3678 322 3742 Cirpi.
338 3677 369 3729 de
387 3678 515 3742 licsiignac
533 3680 612 3730 morie
627 3678 761 3730 mulctatus
776 3678 817 3728 dic
833 3686 855 3730 t.
878 3678 917 3728 vcl
938 3685 960 3729 a.
974 3676 1109 3741 septembr.
1126 3689 1167 3726 an.
1188 3680 1255 3727 17⁹2.
1272 3678 1304 3727 ab

185 3757 270 3820 impiis
295 3756 442 3820 reipublicae
459 3757 592 3821 gallicanae
610 3757 767 3822 prirnoribus.
789 3760 814 3807 le
833 3758 906 3822 igitur
924 3756 1016 3822 publici
1039 3755 1100 3807 iuria
1118 3755 1176 3806 lecit
1193 3768 1234 3819 cp.
1254 3758 1301 3807 Ac·

183 3835 249 3886 cord
261 3834 294 3886 dr
310 3834 338 3885 lu
351 3835 496 3886 revelation
509 3838 535 3886 et
551 3835 583 3887 de
599 3836 628 3886 lu
643 3839 730 3887 rouen
749 3836 825 3887 duob.
836 3837 930 3886 volum,
944 3836 969 3887 in
985 3844 1008 3887 t.
1031 3841 1099 3887 1790.
1115 3837 1165 3886 Nec
1182 3847 1231 3884 uon
1243 3835 1301 3885 Bar·

183 3916 252 3967 ruci:
271 3917 370 3967 lettres
382 3928 431 3967 sur
444 3915 468 3967 le
483 3915 589 3967 divom
604 3916 622 3967 ὰ
637 3929 675 3968 un
691 3915 835 3982 deputatio
852 3915 1009 3968 l'asacmblec
1025 3913 1162 3967 nationale
1184 3913 1235 3965 voi.
1258 3927 1300 3963 uu.

184 3997 246 4047 ins.
265 4000 334 4046 1788.

262 4076 297 4140 (t)
312 4075 384 4139 Apud
405 4075 564 4141 lutevam,
583 4077 625 4141 qui
643 4077 727 4141 plnres
741 4078 854 4128 auctores
871 4075 972 4128 divortii
989 4075 1181 4140 patrocinatores
1200 4074 1226 4123 in
1244 4074 1302 4125 Ger·

182 4154 267 4205 mania
285 4154 428 4205 ruansetin
438 4169 479 4220 op.
494 4155 538 4206 cit
555 4158 593 4206 De
606 4158 757 4219 muman,
768 4158 796 4207 ta
817 4155 927 4207 ccclesia
945 4155 1077 4207 catholica
1090 4154 1248 4205 trininno
1263 4156 1302 4203 tn·

182 4232 356 4286 distelultllt.
370 4237 488 4287 marim.
499 4235 628 4298 fnugvvsiae
642 4234 792 4286 Vindelicor.
807 4239 875 4287 tato.
888 4248 943 4299 pag.
956 4241 986 4285 28
997 4246 1066 4297 seqq.

262 4314 298 4378 (i)
313 4316 342 4365 ln
360 4315 476 4379 peculiari
493 4314 616 4368 dimanat.
636 4315 668 4366 (lc
679 4315 726 4366 hoc
741 4317 900 4379 mgumcnte,
917 4328 991 4379 quem
1010 4312 1163 4378 impugnavit
1180 4312 1261 4363 iacobi
1278 4311 1304 4361 in

182 4408 226 4458 op
247 4393 473 4448 lrtditsolubtlitca
492 4394 595 4448 utriculi
609 4394 814 4448 montacutulo
829 4393 968 4459 lingunttac
988 4398 1056 4446 ¹788.
1069 4392 1118 4443 vol.
1131 4405 1174 4515 a:
1188 4391 1248 4443 iri-e.
