3234 5084
301 470 371 523 err.
389 466 425 523 ιι.
443 471 482 521 nr
500 466 613 523 rnnrss.
631 466 728 523 aare.
747 470 780 522 ιιι
798 470 887 524 cros.
905 468 1016 524 rnaxr.
1028 470 1098 524 rar.
1116 472 1151 525 ιι.
1224 452 1293 524 tet

251 591 335 664 Cum
362 590 466 687 igitur
496 588 682 664 habeamus
712 591 870 691 antiquas
899 593 1072 667 versiones
1100 618 1140 667 ac
1167 606 1297 669 veteres

175 702 312 782 codices
336 731 453 780 rocem
478 705 569 779 hanc
593 706 820 805 fornicationis
845 706 1037 806 ambiguam
1062 709 1110 782 ita
1140 709 1298 784 determi-

176 837 296 895 nantes
314 821 543 921 figentesque,
564 836 602 894 ut
614 821 645 893 ei
659 820 958 897 sufficiantvocem
977 824 1154 910 adulterii,
1176 826 1294 926 ecquis

175 939 243 1010 iam
268 937 418 1035 ambigat
443 937 543 1010 talem
561 962 638 1011 esse
655 952 856 1036 potestatem
879 937 972 1039 illius
997 940 1092 1014 nocis
1116 926 1296 1037 πορνείας

174 1052 230 1127 his
257 1053 293 1124 in
316 1052 464 1126 textibus
490 1079 510 1126 a
535 1051 669 1126 Christo
697 1052 892 1141 adhibitae,
921 1080 984 1128 nec
1010 1081 1086 1128 eum
1113 1056 1221 1130 luisse
1246 1057 1296 1131 lo·

173 1186 289 1243 cutum
315 1168 358 1241 de
383 1168 503 1267 pellice
529 1184 588 1242 aut
611 1168 817 1257 concubina,
846 1170 906 1242 sed
932 1168 976 1244 de
999 1196 1079 1245 vera
1099 1188 1132 1246 et
1157 1173 1296 1271 propria

173 1311 298 1372 uxore,
326 1309 414 1385 quae
439 1310 476 1357 se
500 1282 665 1358 adulterio
692 1283 880 1384 polluerit?

249 1403 283 1473 b.
313 1399 435 1475 Obstat
465 1401 631 1473 unanimis
661 1417 853 1474 sanctorum
889 1416 1021 1501 patrum
1052 1427 1201 1492 sensus,
1235 1404 1294 1504 qui

173 1531 366 1590 constanter
388 1513 513 1587 Christi
540 1513 642 1588 verba
667 1513 702 1586 in
728 1514 825 1588 hisce
850 1515 994 1590 textibus
1018 1515 1061 1589 de
1086 1542 1167 1590 vera
1191 1543 1296 1591 uxore

175 1631 380 1732 interpretati
400 1645 492 1704 sunt.
513 1628 714 1730 speciminis
735 1631 844 1728 gratia
869 1630 1049 1705 nonnullos
1066 1658 1106 1706 ex
1124 1631 1295 1732 antiquio-

175 1745 269 1820 ribus
299 1745 504 1832 alleremus,
532 1745 590 1844 qui
619 1744 673 1818 rel
699 1746 775 1845 ipsa
801 1745 927 1819 Christi
953 1745 1055 1821 verba
1080 1746 1291 1845 allegarunt,

172 1863 226 1936 rel
251 1875 365 1962 aperte
389 1858 432 1933 ad
452 1886 493 1933 ea
518 1859 727 1948 alluserunt,
755 1886 796 1934 aa
820 1860 961 1933 dubium
987 1887 1086 1935 omne
1111 1863 1201 1936 circa
1225 1862 1294 1935 vim

173 1976 212 2051 aa
233 2003 372 2052 sensum
392 1975 486 2050 vocis
509 1956 686 2074 πορνείας
713 1999 774 2047 seu
799 1973 1027 2073 fornicationis
1044 1999 1065 2047 a
1082 1973 1218 2049 Christo
1236 1973 1292 2048 hia

173 2092 347 2167 adhibitae
372 2107 569 2166 remoretur.

246 2210 363 2308 ltaque
387 2207 529 2281 Hermas
554 2207 605 2280 sic
626 2206 762 2280 scribit:
787 2205 969 2295 «Domine,
989 2206 1116 2305 siquis
1138 2205 1294 2281 hahuerit

172 2349 308 2398 uxorem
334 2323 467 2397 fidelem
492 2321 527 2394 in
552 2323 717 2409 Domino,
740 2336 774 2395 et
793 2321 884 2394 hanc
910 2322 1075 2395 invenerit
1098 2320 1134 2392 in
1161 2320 1293 2394 adulte-

174 2438 243 2527 rio,
273 2437 438 2538 numquid
465 2454 582 2537 peccat
605 2437 676 2526 vir,
704 2437 735 2511 si
761 2437 909 2510 convivit
934 2463 1010 2511 cum
1036 2435 1118 2510 iltat
1141 2436 1184 2511 lit
1207 2435 1294 2511 dixit

173 2552 280 2625 mihi:
308 2553 471 2653 quamdiu
499 2552 608 2626 nescit
641 2567 815 2652 peccatum
842 2551 937 2640 eius,
967 2553 1042 2625 sine
1075 2552 1215 2626 crimine
1240 2568 1294 2627 est

174 2669 226 2742 vir
247 2669 366 2743 vivens
391 2694 467 2743 cum
495 2668 565 2741 illa.
589 2668 624 2741 si
654 2684 763 2741 autem
789 2667 926 2742 sciverit
947 2666 1001 2741 vir
1025 2692 1163 2741 uxorem
1192 2694 1290 2742 suam

172 2783 379 2884 deliquisse,
400 2800 433 2858 et
450 2810 517 2858 non
540 2785 645 2882 egerit
667 2784 905 2884 poenitentiam
931 2782 1074 2871 mulier,
1102 2800 1135 2858 et
1160 2809 1292 2883 perma-

173 2916 230 2975 net
246 2901 282 2973 in
302 2900 516 3000 fornicatione
537 2925 621 2987 sua,
648 2917 681 2974 et
705 2899 851 2973 convivit
868 2924 944 2973 cum
962 2897 1021 2972 illa
1037 2898 1090 2972 vir
1103 2957 1116 2993 r.
1134 2922 1211 2972 reus
1228 2896 1292 2972 erit

174 3015 302 3117 peccati
327 3015 402 3090 eius
427 3033 460 3090 et
484 3014 727 3090 moechationis
752 3016 840 3090 eius.
857 3015 899 3090 Et
919 3015 989 3088 dixi
1012 3013 1083 3087 illi:
1105 3014 1195 3101 Quid
1213 3039 1292 3112 ergo

173 3131 203 3205 si
224 3130 447 3231 permanserit
471 3130 506 3204 in
532 3130 614 3204 vitio
639 3155 702 3204 suc
726 3128 874 3204 mulier?
892 3130 935 3202 lit
955 3129 1059 3203 dixit:
1080 3128 1233 3202 Dimittat
1249 3126 1294 3199 il-'

172 3246 239 3320 lam
260 3247 329 3334 vir,
346 3263 379 3321 et
395 3245 448 3320 vir
460 3272 521 3346 per
536 3273 569 3320 sc
587 3259 732 3320 maneat.
751 3244 848 3331 Quod
874 3245 904 3319 si
929 3243 1095 3318 dimiserit
1115 3243 1289 3317 mulierem

174 3390 292 3452 suam,
314 3379 347 3437 et
363 3361 464 3437 aliam
489 3362 639 3451 duxerit,
662 3361 859 3436 moechatur
882 3362 997 3458 (56).»
1018 3358 1150 3445 Quibus
1175 3372 1290 3458 aperte

172 3478 315 3552 Hermas
340 3477 459 3551 alludit
483 3478 526 3551 ad
553 3493 661 3552 textus
686 3476 867 3566 Matthaei,
889 3501 929 3549 aa
944 3500 1044 3551 voces
1064 3472 1289 3573 fornicationis

171 3607 206 3665 et
228 3594 389 3665 moechiae
407 3593 597 3693 promiscue
621 3609 784 3693 usurpat,
813 3618 853 3667 ae
877 3592 921 3666 de
944 3616 1026 3666 vera
1050 3589 1122 3688 agit
1144 3610 1260 3662 uxore.

243 3708 468 3783 Tertullianus
495 3709 541 3783 ita
566 3708 670 3805 legit:
694 3708 794 3794 «Qui
825 3708 990 3780 dimiserit
1020 3731 1157 3781 uxorem
1191 3729 1300 3778 suam·

165 3839 299 3921 paeto
314 3851 448 3899 cansam
463 3824 622 3898 adulterii
633 3824 713 3897 lacit
724 3849 798 3896 eam
814 3821 993 3895 adulterari
1011 3825 1126 3919 (aba
1140 3835 1173 3893 et
1186 3819 1284 3892 alihi:

173 3937 274 4023 «Qui
299 3938 466 4013 dimiserit
490 3964 647 4026 uxorem,
677 3954 809 4039 praeter
834 3962 972 4010 causam
996 3937 1180 4019 moechiae,
1209 3935 1289 4008 lacit

167 4079 244 4127 eam
271 4054 441 4130 moechari
465 4057 580 4151 (h8f;»
596 4070 629 4127 et
647 4053 787 4127 iterum:
812 4052 910 4139 «Qui
938 4050 1104 4124 dimiserit
1127 4075 1284 4135 uxorem,

241 4262 292 4323 (56)
309 4263 404 4312 Pastor
417 4261 460 4311 llb.
474 4262 505 4311 11.
517 4260 599 4311 mand.
609 4262 652 4311 lv.
661 4261 788 4312 edectcl.
797 4262 883 4312 tomi.
892 4264 969 4312 Patr.
978 4259 1114 4325 apostolic.
1126 4270 1182 4323 pag.
1196 4265 1225 4309 86
1234 4271 1286 4320 seq.

241 4341 292 4403 (57)
306 4342 361 4392 tin.
374 4344 416 4393 lv.
427 4344 513 4393 Gontr.
524 4345 600 4392 Marc.
611 4355 665 4406 cap.
679 4347 717 4393 at.

241 4422 292 4483 (58)
306 4422 361 4473 ait.
376 4422 568 4488 Depudtrttta,
583 4436 636 4487 cap.
653 4430 689 4474 te.

1170 4504 1191 4542 a
