3234 5084
343 393 386 461 22
505 417 565 464 arn.
586 418 633 465 nr.
656 419 740 466 sacr.
766 420 786 466 r.
810 420 848 467 na
874 420 966 468 urin.
984 420 1106 469 canter.
1125 420 1267 469 nutrire.

342 550 432 617 ront;
458 551 573 607 contra
599 561 675 609 vero
702 536 749 607 uti
777 534 882 608 lutum
911 535 1094 634 platearum
1122 537 1196 609 illas
1221 540 1340 613 omnes
1367 563 1448 610 con·

342 648 441 718 temni
463 665 496 720 et
515 649 688 746 despectui
711 650 825 723 haberi
851 677 938 750 qaae
964 652 1163 724 contrariam
1185 651 1273 727 riam
1296 651 1443 723 inierint.

341 763 378 831 ln
401 790 469 861 qua
489 764 653 836 sententia
679 765 899 861 perditissimi
925 767 1024 838 etiam
1050 766 1204 839 homines
1230 783 1443 863 permanent,

340 880 399 975 qui
425 878 493 949 illis
518 904 618 978 prere
643 879 825 952 abutuntur
841 906 967 977 easque
985 878 1167 965 seducunt,
1190 898 1227 953 ut
1243 882 1447 979 experientia

341 992 536 1091 quotidiana
562 994 730 1091 patelacit.

405 1108 511 1181 Valint
523 1109 624 1206 igitur
636 1109 741 1183 nolint
755 1111 997 1184 sensimoniani
1011 1128 1045 1184 et
1056 1113 1298 1186 communistae
1311 1138 1442 1199 omnes,

340 1248 406 1295 non
432 1223 499 1296 alia
523 1224 690 1321 dignitas,
717 1250 782 1298 non
808 1225 876 1298 alia
900 1226 1080 1321 excogitari
1111 1225 1249 1298 libertas
1280 1224 1447 1297 foeminae

341 1354 451 1435 potest
478 1355 608 1437 praetor
631 1366 704 1411 eam
730 1366 831 1438 quam
857 1340 1081 1413 sanctissimis
1107 1340 1179 1413 sais
1205 1338 1335 1436 legibus
1357 1340 1447 1412 chri·

340 1453 449 1525 stiana
474 1453 636 1550 religiosi
656 1455 862 1553 comparavit
878 1474 910 1527 et
927 1454 1079 1528 contulit.
1101 1455 1191 1527 llaec
1212 1453 1285 1527 sola
1300 1454 1447 1550 fulgente

340 1567 474 1639 aureola
504 1568 578 1640 eius
609 1568 749 1640 frontem
779 1570 912 1641 ornavit
934 1595 1022 1667 quae
1050 1569 1223 1641 mulierem
1251 1567 1446 1642 christianis

340 1680 533 1754 hominibus
554 1681 851 1754 commendabilem
877 1682 1033 1755 reddidit.
1057 1683 1148 1756 Haec
1173 1682 1245 1755 sola
1267 1682 1446 1754 foeminam

340 1822 360 1866 n
385 1796 508 1868 misera
534 1796 591 1868 illa
616 1797 801 1870 deiectione
825 1800 930 1870 erexit
955 1800 988 1869 in
1014 1824 1117 1896 quam
1141 1797 1386 1896 polytheismus
1407 1822 1447 1869 ac

331 1910 444 1983 lalsae
476 1910 654 2007 religiones
680 1912 833 1984 eamdem
866 1914 1097 2000 coniecerant,
1126 1929 1159 1985 ot
1183 1914 1216 1984 in
1242 1938 1310 2010 qua
1333 1911 1445 1985 adhuc

338 2041 513 2098 versantur
538 2026 628 2123 apud
654 2027 796 2125 populos
823 2053 961 2114 omnes,
990 2028 1048 2127 qui
1082 2027 1230 2101 nondum
1254 2025 1446 2123 evangelica

338 2139 412 2211 luce
435 2138 618 2213 collustrati
643 2157 742 2227 sunt,
766 2159 802 2214 ut
828 2169 949 2241 nempe
975 2142 1131 2215 mulieres
1157 2141 1361 2226 habeantur,
1390 2158 1448 2213 aut

337 2253 437 2326 veluti
472 2255 655 2327 animantia
683 2255 781 2328 bruta
807 2257 850 2328 ad
878 2283 979 2329 onera
1005 2256 1140 2328 serenda
1164 2255 1332 2327 destinata
1356 2255 1446 2353 apud

338 2367 519 2455 barbaros,
540 2386 598 2441 aut
613 2370 715 2443 ueluti
741 2372 962 2443 instrumenta
988 2370 1191 2468 voluptatum
1211 2396 1313 2468 penes
1330 2385 1446 2465 gentes

338 2482 486 2555 excultas
503 2486 592 2577 (43).

403 2597 488 2670 Hinc
501 2598 674 2671 verissime
688 2600 829 2673 illustris
842 2619 958 2673 auctor
969 2601 1148 2673 affirmavit
1160 2599 1445 2672 christianismum

338 2712 515 2784 foeminam
534 2712 721 2787 reddidisse
738 2741 798 2787 ens
816 2713 1064 2813 quodammodo
1080 2714 1344 2811 supernaturale,
1365 2714 1446 2811 quia

337 2852 410 2897 eam
424 2851 526 2923 supra
537 2827 761 2902 conditionem
779 2856 879 2927 quam
900 2828 1061 2901 naturalis
1076 2829 1149 2901 eius
1162 2843 1313 2927 posceret
1330 2828 1445 2900 condi·

337 2942 384 3012 tio
405 2942 513 3014 evexit
528 2943 617 3037 (ll).
634 2944 764 3028 Quibus
786 2944 911 3017 addere
928 2970 1108 3043 possumus
1132 2968 1235 3018 novas
1255 2945 1317 3017 has
1335 2961 1445 3017 sectae

338 3056 514 3127 foeminam
541 3058 628 3129 inlra
657 3058 842 3131 naturalem
873 3058 1096 3132 conditionem
1123 3085 1261 3159 prorsus
1286 3058 1442 3133 deiicere.

410 3171 451 3242 Ut
468 3171 568 3267 igitur
584 3173 672 3271 quod
691 3175 938 3273 assumpsimus
960 3172 1218 3259 concludamus,
1241 3200 1301 3246 nec
1318 3173 1445 3247 diutius

337 3286 399 3359 hoc
417 3287 452 3357 in
470 3304 663 3383 argumento
683 3314 874 3375 versemur,
902 3305 1032 3362 constat
1058 3288 1311 3388 polyandrium,
1341 3288 1445 3362 multo

408 3471 456 3533 (ta)
473 3473 539 3521 luter
548 3472 630 3534 plures
641 3485 703 3534 qnos
714 3485 837 3522 recensere
846 3486 941 3534 possem
953 3473 1026 3522 liuius
1036 3476 1167 3521 assertores
1178 3471 1288 3520 veritalis
1300 3485 1375 3521 unum
1387 3472 1444 3522 alle·

337 3563 388 3599 ram
398 3552 541 3612 Buchnnan,
553 3550 596 3613 qui
605 3551 789 3602 animadvertit:
799 3571 811 3595 «ι
818 3554 884 3602 Dans
892 3554 947 3601 tous
957 3552 993 3601 les
1002 3564 1059 3615 pays
1068 3551 1101 3600 on
1111 3551 1134 3600 le
1145 3550 1322 3600 cbristnnisme
1331 3564 1362 3601 ne
1372 3552 1446 3614 regne

334 3643 391 3693 pas,
407 3644 440 3679 on
457 3631 559 3681 obsmre
569 3643 618 3680 une
627 3632 733 3681 cartulae
750 3630 892 3682 tendencoa
903 3632 928 3681 la
937 3630 1095 3694 degradation
1105 3629 1148 3679 des
1161 3630 1286 3680 lammam
1299 3631 1440 3681 Christian.

337 3708 491 3758 Reserrrelter
500 3712 527 3758 tn
538 3713 599 3758 Ama
609 3712 657 3760 etc.
668 3709 699 3772 by
710 3711 751 3760 the
761 3723 812 3759 rer.
824 3710 943 3760 Claudius
954 3710 1084 3760 Buchanan
1096 3712 1148 3758 DI).
1159 3709 1237 3758 Lond.
1250 3716 1316 3759 tata.
1329 3723 1353 3773 p.
1363 3716 1401 3760 56.

406 3790 456 3849 (tl)
472 3790 560 3839 Comes
577 3789 609 3838 de
626 3789 725 3839 Mnistre
746 3790 771 3838 in
793 3803 833 3852 op.
852 3793 892 3839 Du
908 3793 993 3852 Papa,
1013 3789 1068 3837 lirr.
1080 3790 1124 3837 nt.
1135 3788 1175 3837 cti.
1189 3791 1207 3837 1.
1217 3788 1288 3837 culus
1299 3788 1373 3838 rerba
1385 3788 1443 3838 haer

334 3869 407 3915 sunt:
424 3868 506 3917 ac'ost
515 3867 546 3917 de
556 3868 593 3917 lui
604 3867 917 3931 (commmentatores
930 3870 991 3917 tient
1005 3870 1073 3918 toute
1087 3880 1114 3916 aa
1128 3866 1228 3929 oigntte.
1237 3870 1272 3917 La
1283 3868 1370 3917 semme
1379 3868 1444 3917 clue

335 3947 415 3995 tienne
434 3950 471 3995 cst
488 3948 609 3996 rruiment
624 3960 658 3994 un
677 3949 729 3997 atre
742 3948 912 4011 inmutaret,
930 3948 1075 4011 pnisqu‘elle
1093 3951 1129 3998 est
1147 3949 1260 3998 souleree
1271 3949 1444 3998 etmaintenur

334 4039 378 4087 par
398 4027 432 4074 lui
449 4026 546 4088 irrsqn'n
563 4039 597 4075 un
613 4026 678 4087 etat,
698 4028 740 4090 qui
756 4041 787 4077 ne
800 4028 837 4077 lui
848 4031 886 4077 est
896 4041 940 4091 pas
951 4027 1084 4077 nuturel.»

405 4105 540 4155 Nonnullas
555 4107 628 4156 etiarn
640 4107 687 4157 hac
696 4107 728 4157 de
739 4121 766 4157 re
775 4109 991 4158 commentationes
1007 4107 1040 4158 ol.
1051 4108 1117 4172 apud
1132 4109 1165 4157 cl.
1176 4106 1284 4157 Tullium
1296 4105 1409 4157 Dandolo
1418 4108 1442 4155 ln

334 4197 374 4245 op.
389 4183 437 4233 Del
453 4184 642 4236 emitteresne
655 4190 778 4237 nascente
790 4186 832 4236 nbi
843 4188 893 4250 agit
904 4187 934 4235 de
945 4189 973 4237 Β.
982 4186 1096 4250 virgine,
1110 4186 1177 4249 quod
1195 4188 1268 4250 caput
1284 4187 1442 4250 unanimum

333 4265 370 4311 est
387 4263 457 4312 alteri
477 4263 586 4313 eiusdem
605 4266 712 4315 arrctoris
730 4266 796 4329 operi
817 4265 1030 4315 L'tmr'tuztonedt
1041 4266 1107 4315 (ἰωὰ
1121 4268 1214 4316 crtsto.
1225 4278 1336 4315 recusum
1348 4264 1437 4315 Medio·

333 4341 382 4390 tani
395 4346 461 4392 1⁸⁵7.
475 4355 528 4406 pag.
540 4346 579 4393 ⁶7.
