3234 5084
337 452 407 501 cre.
422 452 444 500 r.
457 452 496 500 ns
509 448 683 498 ronrcrun
702 446 909 497 niustriam.
932 445 1000 494 rar.
1020 446 1041 493 r.
1205 420 1259 501 li¹

143 574 227 647 mala
251 570 414 666 abrogata
440 569 564 653 luerat,
585 592 625 638 ac
641 588 775 665 operam
799 590 931 637 omnem
954 565 1188 649 conierebant,
1214 582 1250 636 ut

144 715 178 762 se
202 714 239 760 se
264 686 351 758 molo
377 698 581 783 opponerent
601 682 690 776 (it).

213 803 321 874 laceo
342 799 384 872 de
404 796 632 881 manichaeis,
657 795 715 894 qui
734 794 813 866 dum
834 795 968 894 nuptias
990 812 1160 895 tamquam
1180 824 1250 869 ma·
1356 792 1358 795 ’

144 920 192 991 las
218 934 319 1015 atque
340 942 360 987 a
383 915 474 986 malo
497 913 663 1011 principio
690 929 926 1009 promanantes
952 912 1178 1000 damnabant,
1199 915 1251 985 in-

145 1029 296 1105 credibili
322 1028 465 1101 libidine
490 1028 561 1099 suis
586 1027 620 1097 in
643 1024 862 1098 conventibus
888 1024 1086 1099 dillluebant
1106 1030 1194 1123 (26).

215 1143 392 1217 Eiusmodi
407 1169 506 1241 porro
518 1143 689 1215 doctrinae
701 1157 734 1213 et
747 1140 1011 1214 abominationes
1025 1169 1113 1242 quae
1126 1144 1184 1216 diu
1198 1172 1251 1218 ec-

146 1262 282 1335 clesiam
298 1257 501 1342 afflixerunt,
517 1283 557 1329 ac
570 1255 727 1354 probrum
746 1254 929 1327 christiano
947 1257 1086 1344 nomini,
1100 1259 1253 1359 ipsisque

150 1374 288 1449 ethnicis
307 1372 505 1446 scandalum
523 1387 693 1457 crearunt,
710 1371 915 1443 instauratae
929 1390 1008 1444 sunt
1019 1389 1126 1446 aetate
1142 1377 1253 1448 media

152 1489 283 1563 ascetis
300 1487 394 1560 illius
415 1487 573 1586 temporis
595 1512 662 1558 non
681 1486 802 1557 minori
830 1485 1004 1559 dedecore.
1034 1488 1165 1560 Etenim
1186 1492 1255 1564 Pie

150 1605 238 1678 cardi
261 1630 330 1677 sec.
342 1603 416 1673 llll.
434 1601 524 1675 solos
543 1628 580 1674 se
597 1603 632 1673 in
649 1602 806 1674 universa
823 1616 910 1673 terra
930 1602 1044 1674 liberos
1061 1630 1137 1677 esse
1154 1607 1255 1681 iacta-

149 1720 244 1807 bant,
265 1735 393 1792 ceteros
408 1743 487 1790 vero
506 1743 639 1801 servos,
661 1743 700 1788 eo
721 1715 812 1815 quod
833 1719 1089 1791 verecundiores
1106 1724 1255 1820 corporis

150 1850 261 1933 partes
287 1846 509 1928 contegerent.
539 1831 693 1903 Mulieres
717 1831 896 1928 piceardae
921 1832 956 1902 in
981 1858 1147 1905 carcerem
1177 1862 1257 1908 con-

151 1949 254 2021 iectae
271 1974 291 2019 a
309 1945 454 2046 quodam
468 1945 647 2017 Bohemiae
664 1944 800 2016 domino
820 1945 1031 2018 allirmabant
1047 1972 1105 2020 eos
1123 1950 1183 2047 qui
1200 1975 1256 2021 ve-

152 2079 219 2134 stes
243 2061 390 2132 induunt
410 2085 477 2131 non
503 2057 625 2130 debere
645 2057 768 2130 liberos
789 2057 943 2131 homines
967 2062 1137 2133 aestimari
1164 2065 1253 2158 (27).

154 2174 332 2249 Piccardus
360 2190 471 2247 sectae
495 2173 664 2245 institutor
688 2171 779 2244 haud
805 2171 970 2245 dubitavit
994 2200 1032 2246 se
1057 2176 1178 2248 Filium
1197 2180 1256 2251 Dei

153 2316 345 2389 nuncupare
357 2314 397 2361 ac
409 2314 530 2361 nomm
538 2287 643 2359 lldam
659 2288 755 2360 alleo
768 2300 909 2359 missum
918 2289 960 2359 ad
974 2289 1128 2363 homines
1140 2292 1259 2366 docon-

154 2405 212 2479 dos
225 2422 364 2478 naturae
381 2402 501 2500 legem,
516 2427 604 2501 quae
616 2401 748 2474 duobus
761 2418 893 2475 constat
909 2407 1110 2503 praeceptis,
1123 2435 1258 2481 commc-
1289 2406 1292 2411 ’

154 2523 264 2593 nitetis
280 2516 436 2592 videlicet
452 2520 666 2617 foeminarum
678 2542 716 2590 ac
735 2517 901 2615 perlectae
913 2523 1062 2618 eorporis
1080 2523 1254 2597 nuditatis.

225 2636 318 2709 ldem
345 2635 402 2707 die
427 2634 469 2706 de
494 2635 591 2706 novis
624 2632 801 2720 adamitis,
834 2634 891 2732 qui
925 2661 992 2707 sce.
1020 2636 1103 2708 xlv.
1131 2655 1259 2712 veteres

155 2751 319 2823 adamitae
333 2749 451 2821 imitati
472 2764 565 2834 suet,
583 2748 771 2820 effutientes
790 2747 881 2821 uiros
898 2773 974 2821 esse
990 2749 1125 2822 totidem
1138 2750 1257 2842 Adam,

157 2864 376 2962 mulieresque
410 2861 547 2936 totidem
573 2860 683 2934 Heras
710 2862 744 2932 in
775 2862 984 2935 innocentiae
1017 2879 1106 2938 statu
1138 2894 1260 2941 novum

155 2979 345 3077 paradisum
368 2977 449 3049 nudi
475 2975 659 3049 incolentes
674 2979 762 3070 (28).

224 3185 275 3247 (25)
293 3184 332 3234 ci.
346 3184 464 3233 clement.
478 3184 546 3234 Aiax.
559 3187 654 3234 strom.
664 3183 708 3234 lib.
717 3185 761 3233 ΙΙΙ,
771 3184 810 3234 ρὰ,
820 3186 1262 3248 eitpag.tenettsaineodoretnm

157 3266 285 3314 haeretic.
293 3261 419 3324 fabulor.
433 3262 476 3312 lib.
489 3265 510 3312 l.
522 3276 576 3326 cap.
588 3265 653 3312 xvi.

225 3343 278 3405 (lo)
290 3342 348 3392 vid.
357 3356 377 3392 s.
388 3342 876 3407 epiphanenses.extititsnngust.
885 3344 928 3394 lib.
937 3347 975 3395 De
983 3345 1110 3396 haeresib.
1118 3351 1264 3410 capsum.

156 3426 283 3487 perperam
295 3423 496 3473 rcroBeansobre
505 3423 530 3472 iu
540 3436 584 3473 sua
592 3426 707 3473 histoire
714 3426 827 3488 crtttqae
835 3424 867 3474 de
878 3424 1074 3475 Manicheetde
1082 3427 1264 3477 manicheisme

155 3503 254 3554 adnism
264 3505 302 3553 est
311 3516 353 3553 eos
363 3516 378 3553 a
388 3502 581 3566 turpitudinibus
591 3503 645 3553 istis
655 3503 757 3553 liberare
766 3516 795 3555 ec
807 3518 884 3568 nuper
897 3505 1017 3555 refutatm
1027 3518 1042 3555 a
1051 3507 1139 3555 hiatier
1155 3507 1181 3555 in
1193 3509 1263 3558 Hist.

156 3583 298 3647 det'epihe
311 3582 394 3633 citrei.
407 3585 564 3647 tomipag.
577 3587 630 3633 sit.
1341 3572 1344 3579 ’

228 3666 342 3713 ceterum
354 3662 385 3712 de
398 3663 436 3711 his
449 3663 580 3727 primitivis
591 3662 719 3713 haereticis
727 3663 825 3727 copiose
833 3668 858 3715 et
867 3665 962 3715 erudite
970 3667 1120 3730 scripserunt
1129 3669 1266 3718 Massuetus

157 3745 182 3791 in
199 3744 338 3793 Dissertct.
351 3744 469 3805 praevtis
482 3744 509 3791 in
529 3741 573 3791 tit.
586 3754 608 3791 s.
622 3743 728 3791 irenaei
747 3741 850 3793 dtrsert.
864 3746 888 3793 1.
904 3747 942 3794 De
958 3744 1107 3805 haereticis,
1125 3758 1267 3810 contioque

156 3820 277 3881 cetthtu,
293 3822 398 3884 seriptis
416 3822 442 3870 et
460 3819 674 3870 contristavere
686 3823 800 3870 Laurent.
813 3822 923 3871 eumin
938 3825 1110 3889 commentar.
1124 3826 1265 3874 historico·

156 3901 312 3965 deemetteit
320 3904 349 3951 tn
361 3899 641 3964 “immensuratim
653 3899 686 3950 de
699 3900 866 3983 buprestim,
883 3901 933 3952 duo
947 3902 1265 3956 voi.in·ioi.iiornae1707.

157 3980 283 4031 Praeclara
298 3983 336 4031 est
353 3982 469 4044 perpetua
480 3980 533 4030 eius
545 3980 645 4031 collatio
653 3983 763 4031 veterum
775 3981 902 4032 haeresum
914 3996 970 4032 curn
982 3984 1123 4035 haeresibus
1134 3997 1182 4035 sec.
1190 3985 1265 4047 xvh,

158 4062 227 4110 δια.
238 4061 316 4111 neria
326 4062 435 4110 saraa
445 4062 533 4110 storto
542 4060 637 4110 critica
650 4058 723 4110 delia
737 4062 794 4111 vite
807 4061 878 4126 decit
889 4062 1030 4114 ermtcreitt
1047 4062 1092 4113 det
1104 4067 1191 4128 prime
1202 4063 1268 4114 edet

157 4139 265 4190 mondo
280 4140 366 4191 secolo
380 4139 452 4190 delle
463 4140 562 4203 chiesa,
575 4140 617 4189 iv·
627 4139 678 4190 vol.
690 4141 749 4191 ins.
759 4143 864 4192 venezia
876 4147 1017 4194 merite.

229 4219 278 4282 (tt)
293 4221 396 4271 lirmsnt
406 4220 431 4269 in
442 4222 511 4271 Hist.
521 4219 567 4271 des
580 4219 661 4271 iteres
676 4220 722 4270 ert.
732 4221 899 4272 -Picerdiens
911 4223 949 4273 ci.
958 4224 1031 4273 etiam
1044 4224 1140 4288 Bergion
1153 4226 1265 4274 Dietion.

156 4300 335 4351 arthemas.

229 4380 281 4443 (28)
295 4383 401 4439 erinem
416 4381 489 4432 tuerit
504 4384 613 4432 veterum
633 4382 795 4433 edamiiannn
815 4384 941 4446 paradisus
957 4384 1073 4448 sljpiph.
1093 4387 1199 4435 Haeres.
1216 4385 1267 4433 tir.

239 4487 280 4542 lli
526 4516 528 4519 ·
1190 4498 1206 4544 2
