3234 5084
352 417 1178 487 air.ur.assensuramainmnrssmmrasanr.
1264 414 1330 483 toi

290 550 340 623 Ex
354 550 411 625 bis
425 548 779 624 animadversionibus
796 549 896 624 laaile
913 577 1004 625 nuno
1016 567 1069 625 est
1085 576 1222 627 sensum
1243 577 1337 626 asse·

216 665 279 766 qni
293 663 427 738 illorum
438 663 637 753 verborum,
654 664 779 765 quibus
793 664 979 738 aduersarii
991 690 1109 739 omnes
1124 665 1334 752 innituntur,

216 796 255 854 nt
279 779 520 852 Tertullianum
544 779 589 852 ad
616 806 696 853 suas
715 796 826 879 partes
848 781 1062 879 pertrahant,
1086 781 1233 854 scilieet:
1254 782 1338 854 Ilion

216 896 313 967 illum
333 893 546 990 (Christum)
565 894 832 967 conditionaliter
857 922 943 968 nuno
964 897 1079 995 [eabae
1095 895 1232 968 diuortii
1256 921 1334 994 pro-

217 1009 424 1094 hibitionem,
451 1008 592 1107 perinde
617 1034 657 1081 aa
681 1008 711 1081 si
730 1008 955 1082 Tertullianus
973 1008 1056 1082 illud
1074 1009 1337 1083 conditionaliter

217 1138 416 1225 usurpasset
441 1123 485 1196 ad
508 1123 769 1222 significandum
787 1126 848 1197 aab
866 1124 1046 1197 conditione
1065 1123 1220 1197 adulterii
1243 1124 1337 1197 Chri·

217 1255 306 1312 stum
331 1239 510 1312 divortium
536 1240 753 1339 permisisse;
774 1256 830 1313 ast
845 1239 904 1312 illa
921 1240 1061 1312 mnditia
1087 1238 1131 1312 ad
1157 1239 1263 1314 solam
1283 1240 1338 1312 di-

217 1354 415 1428 missionem
434 1353 548 1427 relerri
566 1354 684 1443 debet,
700 1380 768 1428 non
786 1373 897 1428 autem
915 1354 959 1428 ad
978 1354 1168 1429 facultatem
1190 1353 1336 1428 ducendi

217 1470 319 1544 aliam
346 1496 505 1556 uxorem,
533 1484 571 1542 ut
587 1485 679 1569 patet
695 1496 736 1542 ex
753 1487 858 1556 textu,
879 1496 980 1569 quem
998 1469 1193 1543 immediate
1212 1469 1338 1569 profert

220 1585 296 1659 sine
312 1583 383 1657 ulla
408 1583 577 1671 olausula;
606 1586 657 1658 sio
682 1584 784 1658 etiam
806 1584 1027 1683 intelligimus
1047 1612 1115 1686 quo
1136 1611 1239 1659 sensu
1262 1585 1337 1684 ipse

219 1700 363 1786 dixerit,
396 1698 513 1773 illicite
542 1700 712 1773 dinnsam
731 1727 794 1799 pro
820 1701 994 1773 indimissa
1027 1700 1174 1786 duoens,
1208 1700 1338 1774 adulter

217 1829 284 1899 est;
319 1838 440 1912 nempe
471 1814 660 1911 illegitimo,
690 1840 757 1888 non
787 1815 907 1903 modo,
928 1831 1027 1915 prout
1043 1815 1112 1889 ism
1139 1815 1331 1903 innuimus,

220 1929 348 2002 ratione
368 1953 452 2001 usus
475 1926 655 2026 loquendi,
683 1928 743 2027 qui
771 1944 850 2003 tuno
869 1930 1030 2028 temporis
1054 1929 1249 2017 obtinebat,
1275 1929 1337 2004 sed

220 2042 361 2141 insuper
385 2067 426 2113 ex
446 2056 622 2130 oontextu;
652 2041 821 2141 siquidem
846 2042 963 2117 subdit
984 2042 1228 2118 Tertullianus:
1266 2070 1338 2117 ma

220 2173 274 2230 net
291 2160 377 2230 enim
394 2158 658 2241 matrimonium,
680 2156 766 2255 qood
777 2184 842 2229 non
853 2160 915 2231 rite
928 2157 1123 2257 diremptum
1135 2175 1202 2244 est‚·
1217 2173 1334 2259 atque,

219 2289 257 2347 ut
273 2274 425 2373 loquitur
441 2273 476 2344 in
495 2271 582 2346 libro
599 2273 648 2345 De
664 2275 888 2371 monopamia:
903 2273 1019 2360 Nobis,
1041 2277 1103 2347 etsi
1117 2273 1335 2373 repudiemus,

219 2416 258 2461 ne
282 2389 401 2460 nubere
425 2387 557 2486 quidem
583 2388 703 2460 licebit.
726 2388 782 2461 Sic
798 2413 840 2461 ex
858 2388 958 2461 dietis
976 2404 1067 2488 patet
1087 2390 1251 2465 immerito
1277 2389 1339 2464 ad-

218 2504 385 2578 versarios
397 2529 519 2601 urgere
531 2502 676 2576 adducta
693 2503 816 2577 verba:
837 2503 951 2575 Manet
966 2508 1052 2576 enim
1072 2506 1334 2592 matrimonium,

221 2620 307 2719 quod
332 2646 396 2691 non
423 2621 484 2690 rite
509 2619 705 2717 diremptum
732 2633 799 2704 est,
827 2644 868 2691 en
894 2618 1018 2718 quibus
1042 2618 1108 2720 ipsi
1133 2621 1249 2694 inlerri
1273 2620 1341 2694 vel·

224 2734 295 2807 lent
308 2761 348 2807 ex
362 2734 567 2808 Tertulliano
580 2762 645 2806 non
657 2762 786 2807 manere
797 2737 1041 2807 matrimonium
1053 2735 1139 2834 quod
1157 2737 1219 2808 rite
1240 2736 1342 2836 [uerit

225 2849 439 2948 diremptum;
461 2852 523 2922 rite
550 2866 660 2923 autem
687 2867 767 2924 tuno
793 2877 854 2924 seu
882 2851 1022 2950 lepitana
1046 2849 1158 2923 dirimi
1176 2850 1220 2925 ob
1244 2849 1342 2924 adul-

224 2966 358 3039 terium.
380 2967 568 3055 immerito,
586 2966 748 3068 inquam,
768 2965 855 3041 haee
870 2984 1050 3064 urgentur,
1071 2982 1105 3040 et
1115 2983 1231 3041 aontm
1244 2994 1342 3068 aper-

218 3163 350 3215 dubitame
365 3163 422 3228 (ita
433 3164 523 3228 ipseea
534 3162 660 3228 tripode).
677 3163 826 3229 Nonipero
839 3176 895 3215 men
915 3176 990 3227 raro,
1010 3164 1057 3215 aha
1074 3164 1122 3228 egli
1139 3164 1213 3215 abbia
1230 3166 1342 3231 mngtuto

219 3244 335 3308 opinione
345 3242 410 3307 dopo
421 3242 447 3292 di
456 3257 515 3294 aver
524 3242 637 3305 magula
648 3243 773 3307 religione.
779 3244 826 3294 cio
832 3244 959 3307 apparisce
968 3242 1010 3294 (iul
1020 3242 1085 3293 libro
1092 3242 1124 3293 da
1134 3244 1169 3294 lui
1176 3244 1262 3295 scritto
1269 3244 1343 3295 sulla

220 3328 397 3388 monopamto.
408 3326 450 3375 lla
460 3323 598 3388 ‹iappoiabi
611 3323 659 3387 egli
674 3327 752 3375 stesso
767 3324 879 3375 iioniars
890 3324 916 3373 in
927 3323 1086 3387 questopera
1100 3322 1126 3373 (ii
1140 3336 1191 3373 non
1205 3336 1340 3388 properae,

218 3402 250 3453 ni
261 3402 287 3453 di
300 3406 425 3454 munere
440 3404 503 3453 altra
518 3402 628 3453 dottrioa
643 3403 744 3453 inomni
759 3403 843 3466 quella
853 3403 895 3453 del
904 3415 950 3453 suo
962 3402 1088 3453 sedatiore
1098 3404 1231 3466 Montano,
1246 3404 1272 3452 io
1288 3415 1343 3454 non

217 3486 321 3548 sapeco
337 3496 384 3533 con
401 3482 468 3548 qual
482 3486 604 3547 compoto
625 3482 749 3534 l'edttore
766 3483 883 3534 Pamelto
900 3496 914 3534 s
930 3482 959 3533 lo
973 3484 1092 3545 mayolor
1110 3484 1189 3546 parte
1209 3480 1343 3532 de'nostrt

221 3562 315 3626 teoloot
327 3561 493 3613 contendero
503 3562 610 3613 sladem
627 3561 769 3613 tauronto
782 3562 811 3613 di
825 3561 990 3614 Tertulliano
1002 3561 1142 3624 cattoliso,
1154 3560 1306 3625 opponendo
1317 3560 1346 3613 ta

217 3645 356 3694 contraria
371 3642 400 3692 m
413 3643 578 3694 Tertulliano
590 3645 710 3693 eretico.»
719 3645 762 3693 ist
772 3641 896 3693 meditus
907 3642 946 3692 vir
960 3641 1082 3705 ignoravit
1093 3641 1170 3693 libros
1182 3645 1268 3692 oontm
1280 3644 1344 3691 ilar·

219 3722 316 3773 doum
328 3722 505 3773 aTertuliiano
515 3724 629 3774 exaratos
639 3723 716 3795 tuine
727 3735 784 3774 eum
798 3723 850 3773 iam
863 3721 1012 3774 montanista
1024 3724 1089 3773 sset
1098 3721 1209 3773 allectus.
1222 3724 1257 3772 En
1268 3720 1345 3773 rerba

220 3802 297 3865 ipsias
310 3801 455 3852 Tertulliani
466 3816 531 3866 qaae
540 3803 661 3853 habentur
671 3803 714 3852 lib.
723 3806 741 3853 t.
752 3805 933 3854 contuitum.
942 3816 996 3867 asp.
1007 3804 1093 3853 xxiii.
1105 3801 1195 3866 auribus
1205 3814 1232 3852 ss
1243 3803 1268 3851 et
1276 3814 1345 3852 mon·

218 3881 334 3932 tanistm
346 3884 372 3932 et
382 3882 493 3933 Montani
506 3882 633 3943 doetrinae
646 3884 853 3947 propugnatorem
868 3884 1009 3947 profitetur:
1020 3882 1087 3933 «Sed
1099 3887 1124 3932 et
1136 3883 1157 3933 si
1170 3881 1279 3933 numani
1295 3883 1346 3934 iarn

222 3963 312 4014 modas
327 3963 442 4028 ponitur,
461 3977 535 4027 quem
554 3964 654 4029 quidem
665 3965 739 4030 apud
749 3964 995 4027 noslmontaaistas)
1010 3963 1141 4029 spiritalis
1157 3965 1245 4026 ratio,
1261 3968 1345 4015 Para·

218 4042 433 4105 annunciare,
454 4044 594 4107 offendit,
610 4058 697 4097 unum
718 4048 746 4096 tn
763 4044 822 4107 fide
841 4047 1011 4096 matrintonto
1030 4043 1238 4109 praescribens.»

292 4123 342 4174 sai
360 4123 428 4187 quod
448 4125 526 4188 mapa
544 4124 641 4176 mimus
657 4126 708 4188 est,
726 4125 779 4176 eius
799 4124 986 4187 antesignanum
1004 4125 1051 4175 baa
1069 4123 1231 4175 insanientis
1247 4125 1345 4189 amno·

221 4202 293 4266 ium,
312 4204 340 4253 in
354 4217 396 4268 op.
409 4204 453 4254 eit.
464 4207 503 4255 lle
517 4208 593 4268 repta
607 4207 657 4257 eto.
668 4205 715 4255 loc.
728 4204 771 4256 ait.
782 4204 856 4255 inniss
871 4203 1016 4255 Tertulliani
1033 4203 1175 4255 auamritati
1188 4217 1218 4254 ex
1233 4203 1297 4255 libro
1308 4206 1347 4256 lla

219 4287 386 4348 mamm
401 4283 435 4335 soi
449 4297 521 4337 mam
534 4286 681 4337 munnam
700 4285 733 4337 ‹is
751 4284 943 4337 insolubilitate
962 4284 1056 4336 rinouii
1076 4283 1213 4349 mmugdts
1226 4283 1260 4336 ob
1276 4282 1347 4336 adul-

220 4363 311 4415 terium
324 4364 453 4450 tuendam.
465 4366 546 4425 Quam
557 4366 682 4431 praeclara
695 4366 817 4419 eiusmodi
827 4369 941 4419 suentes
951 4365 1020 4418 inter
1032 4377 1060 4418 se
1070 4363 1238 4419 eonveniunt!
