3234 5084
322 421 389 490 17⁶
478 440 540 491 tn.
557 441 604 491 nr.
621 440 708 491 scer.
725 440 857 490 inrum.
872 441 912 490 nr
928 440 1040 491 rnnrss.
1058 442 1153 492 narr.
1172 442 1294 492 cnarsr.

389 559 487 645 Quod
513 559 648 632 demum
674 558 832 632 adiicitur
856 557 900 630 ab
925 559 1160 656 Evangelista‚
1190 585 1255 632 non
1282 574 1433 632 autema

316 673 451 748 Christo
475 675 666 774 appositam
691 673 797 747 fuisse
821 674 1046 772 [minationis
1070 674 1315 774 exceptionem,
1338 674 1434 747 resel-

317 788 398 863 litur
423 817 463 862 ex
489 790 566 889 ipsa
594 788 754 863 orationis
780 788 889 875 serie,
917 804 951 862 et
975 789 1018 862 ab
1044 790 1194 863 unanimi
1220 805 1367 863 veterum
1394 814 1448 862 ac*

317 906 539 980 recentiorum
562 905 778 1003 interpretum
797 930 984 990 consensu;
1013 906 1095 1003 quin
1113 931 1199 1005 opus
1217 905 1262 977 sit
1280 903 1433 1003 pluribus

316 1021 493 1118 gratuitam
519 1019 686 1094 eiusmodi
711 1020 931 1092 assertionem
957 1021 1126 1119 persequi.

390 1134 477 1208 Hinc
494 1135 594 1208 etiam
612 1134 777 1206 immerito
797 1134 912 1206 Pottus
937 1149 970 1206 et
995 1133 1196 1208 Eichornius
1220 1151 1435 1211 autumarunt

316 1276 404 1349 quae
429 1249 545 1322 Matth.
573 1249 610 1319 V.
644 1250 701 1319 32.
739 1247 914 1345 leguntur,
942 1273 963 1319 a
988 1247 1122 1322 Christo
1146 1249 1236 1322 dieta
1260 1275 1336 1323 esse
1367 1249 1434 1323 alio

316 1382 482 1464 tempore,
509 1390 584 1438 cum
610 1364 768 1435 nimirum
790 1363 821 1435 ei
848 1363 1078 1462 quaestionem
1101 1365 1288 1464 captiosam
1315 1390 1435 1463 propo

316 1479 466 1555 scissent
482 1478 673 1580 pharisaei,
694 1477 770 1551 coil.
792 1478 908 1550 Matth.
930 1477 1017 1549 xlx.
1039 1480 1073 1549 3.
1095 1504 1210 1577 seqq„
1231 1479 1434 1553 Matthaeum

316 1620 395 1669 vero
409 1610 544 1693 propter
561 1594 748 1690 argumenti
769 1592 1024 1665 similitudinem
1044 1595 1233 1693 praeceptis
1252 1610 1329 1669 ante
1346 1595 1450 1689 datis,

316 1736 356 1784 ea
381 1708 462 1782 huic
484 1708 558 1783 loco
584 1708 790 1782 adiunxisse.
821 1709 881 1780 His
906 1707 1072 1781 calculum
1093 1736 1191 1811 suum
1211 1710 1336 1784 adiecit
1351 1711 1437 1782 Kni-

317 1822 404 1897 noel.
436 1822 539 1908 Quasi
567 1849 688 1922 nempe
713 1821 868 1895 Christus
900 1820 953 1895 bis
986 1822 1103 1895 eadem
1136 1823 1180 1895 da
1209 1850 1245 1896 re
1270 1824 1436 1897 disserere

317 1939 520 2037 nequiverim
538 1938 605 2010 imo
622 1963 687 2011 non
702 1936 825 2009 desunt
838 1937 896 2035 qui
911 1937 1113 2011 arbitrentur
1131 1938 1328 2039 pharisaeos
1341 1965 1435 2013 occa·

316 2053 445 2126 sionem
457 2066 612 2152 captasse
631 2051 839 2152 proponendi
859 2051 951 2125 iilam
964 2053 1195 2151 quaestionem
1208 2053 1326 2127 Matth.
1345 2054 1431 2126 ΧΙΧ.

316 2195 356 2241 ex
381 2168 444 2255 iis,
473 2194 560 2267 quae
586 2168 620 2239 in
639 2168 725 2242 miro
747 2167 803 2242 illo
829 2193 983 2242 sermone
1009 2168 1044 2240 in
1070 2184 1181 2242 monte
1206 2169 1360 2243 Christus
1377 2195 1436 2242 er-

317 2308 432 2383 presse
456 2283 638 2381 protulerat
661 2284 752 2380 (tt).

397 2398 438 2471 Et
463 2398 546 2471 haec
575 2398 618 2471 de
644 2398 817 2471 authentia
850 2416 884 2472 et
914 2400 1101 2497 integritate
1131 2400 1251 2474 borum
1282 2416 1430 2474 textuum

241 2560 245 2569 ·
317 2514 479 2588 adversus
504 2513 680 2589 liberiores
707 2531 859 2589 auctores
889 2515 978 2589 dicta
1008 2515 1189 2589 sufficiant.
1223 2517 1319 2601 Quae
1342 2518 1433 2589 enirn

239 2642 244 2651 '
317 2630 478 2704 haetenus
495 2631 720 2705 disseruimus
747 2649 817 2704 tum
837 2658 878 2704 ex
903 2631 1056 2718 critices,
1076 2650 1146 2704 turn
1173 2659 1214 2705 ex
1235 2632 1435 2706 hermeneu-

316 2747 402 2820 ticae
419 2747 567 2821 sontibus
581 2749 692 2847 palam
712 2748 839 2821 faciunt
858 2764 966 2821 tentus
985 2746 1079 2834 illos,
1100 2765 1137 2820 ut
1156 2765 1321 2847 prostant,
1342 2764 1435 2821 utro-

307 2886 381 2958 ·que
407 2861 440 2931 in
470 2860 544 2935 loeo
567 2863 702 2935 omnino
728 2862 920 2936 retinendos
946 2888 1047 2948 esse,
1075 2887 1135 2935 nec
1165 2862 1334 2935 immutari
1364 2861 1434 2935 ullo

317 2975 414 3048 modo
437 2976 559 3050 debere
583 2993 640 3049 aut
662 3002 763 3075 posse
792 2976 836 3052 ob
866 2976 1045 3052 nonnullas
1075 2977 1309 3064 difficultates,
1345 3002 1434 3076 quae

319 3090 348 3163 si
375 3091 552 3190 quidpiam
578 3091 747 3178 vaierent,
781 3110 892 3165 actum
922 3088 978 3166 riri
1004 3119 1071 3167 non
1098 3109 1188 3166 esset
1213 3093 1255 3165 de
1283 3091 1433 3165 uniuersi

316 3205 386 3278 sere
420 3207 501 3280 Novi
532 3208 734 3281 Testamenti
767 3208 858 3295 fide,
886 3209 1099 3308 genuinaque
1128 3208 1280 3282 lectione.
1312 3208 1433 3280 „Plures

316 3322 407 3394 enirn
424 3339 507 3395 sunt
531 3339 640 3396 textus
670 3324 704 3395 in
735 3349 822 3423 quos
848 3323 1007 3412 eaedem,
1029 3325 1096 3398 imo
1126 3324 1330 3424 quandoque
1353 3322 1436 3395 vali-

315 3437 426 3510 diores
452 3436 667 3512 disficultates
692 3439 802 3536 urgeri
824 3456 985 3538 possent,
1014 3438 1097 3539 quin
1123 3453 1241 3511 temen
1258 3436 1433 3537 quidpiam

316 3551 542 3625 innovandum
561 3552 625 3639 sit,
650 3571 748 3651 prout
772 3580 793 3626 a
820 3580 885 3628 non
907 3553 1026 3651 paucis
1045 3553 1173 3652 passim
1192 3552 1433 3626 recentioribus

318 3667 581 3765 protestantibus
608 3668 730 3741 sactum
757 3696 834 3742 esse
868 3669 1024 3742 novimus
1047 3668 1175 3766 ingenti
1205 3669 1292 3742 sacri
1325 3684 1435 3742 textus

316 3781 526 3856 detrimento.
543 3783 635 3856 Adeo
653 3811 767 3857 verum
781 3801 833 3857 est
850 3785 923 3857 sine
937 3784 1142 3858 auctoritatis
1156 3810 1332 3883 supremae
1345 3784 1436 3883 prin-

316 3899 408 3996 cipio
436 3899 522 3971 nihil
549 3900 682 3973 firmum
711 3900 918 3976 consistere!

393 4148 445 4209 (at)
463 4151 527 4199 tuter
544 4163 607 4214 quos
625 4154 662 4202 est
679 4151 710 4200 cl.
733 4152 812 4201 brecti
828 4152 852 4200 in
868 4165 908 4215 op.
921 4152 963 4203 cit.
979 4155 1020 4203 Do
1039 4151 1143 4202 dtoorcr
1163 4152 1231 4202 dont
1248 4151 1274 4202 to
1285 4163 1433 4214 teneorque

315 4237 372 4287 Μ·
389 4234 416 4276 ⁸¹
430 4239 481 4289 stt·
1190 4248 1192 4252 “
