3234 5084
299 414 367 484 l'll
444 433 506 483 svn.
525 431 572 483 ιιι.
591 430 678 482 seor.
697 431 827 482 susem.
845 430 885 480 ns
900 430 1012 481 vnnrss.
1034 432 1127 481 ιιιιιι.
1151 430 1274 481 senisu.

297 553 449 653 syriaca,
473 549 624 635 arabica,
642 550 853 648 aethiopica,
875 551 1029 648 persica,
1053 549 1142 649 quae
1161 550 1205 622 ad
1226 575 1327 622 unam
1349 575 1424 622 om·

298 695 360 743 nes
384 667 551 741 eiusmodi
579 664 763 740 versiculos
785 665 944 740 exhibent
961 668 1049 761 (26).
1080 665 1211 751 Quibus
1226 667 1267 737 'si
1294 664 1424 737 addan-

300 801 353 856 tur
377 782 512 856 codices
537 807 654 856 omnes
681 780 831 854 melioris
861 796 979 867 notae,
1009 778 1134 878 quibus
1159 779 1324 852 editiones
1360 805 1422 851 seu

298 898 473 972 versiones
498 895 635 969 criticae
659 895 843 969 adornatae
871 911 950 981 sunt
974 895 1056 968 Novi
1088 895 1315 981 Testamenti,
1348 920 1424 993 pro-

300 1011 387 1086 iecto
408 1010 509 1111 plena
535 1009 779 1083 demonstratio
806 1010 850 1082 de
875 1008 994 1083 horum
1020 1007 1262 1082 versiculomm
1286 1009 1427 1081 authen·

302 1127 348 1199 tia
373 1141 515 1223 exurget
544 1126 641 1225 (27).¹
665 1124 786 1197 Fuisse
810 1150 889 1198 vero
912 1123 1018 1222 primo
1035 1123 1074 1229 in
1101 1124 1274 1221 evangelia
1300 1124 1426 1224 quihus

302 1241 489 1326 ebionitae,
518 1238 675 1313 nazaraei
702 1264 742 1311 ac
764 1237 964 1311 cerinthiani
989 1237 1167 1310 utebantur
1191 1238 1335 1313 insertos
1362 1239 1425 1313 hos

301 1354 513 1440 versiculos,
542 1380 582 1426 ex
616 1353 742 1453 quihus
775 1369 893 1452 postea
924 1352 1119 1451 irrepserint
1151 1353 1186 1424 iu
1214 1354 1426 1451 evangelium

302 1468 478 1557 Matthaei,
502 1467 617 1541 lahula
641 1484 713 1554 est,
740 1493 801 1540 neo
822 1466 891 1540 ullo
913 1466 1112 1540 documento
1136 1466 1287 1540 suffulta.
1315 1468 1426 1554 Quum

305 1585 433 1658 iamdiu
457 1584 626 1658 eiusmodi
648 1583 823 1681 evangelia
842 1583 1019 1683 perierint,
1041 1583 1099 1681 qui
1126 1582 1190 1657 hoc
1207 1582 1353 1681 lingunt,
1375 1584 1429 1656 di-

302 1700 418 1773 vinare
445 1713 603 1796 satagunt
627 1700 715 1793 (28).

380 1817 414 1886 2.
446 1816 514 1887 Nec
539 1814 647 1911 magis
674 1814 807 1886 firmum
832 1830 885 1888 est
909 1813 999 1914 quod
1022 1815 1202 1888 Paulusius
1225 1814 1351 1914 aliique
1372 1841 1429 1888 au-

307 1948 458 2017 tumant,
486 1928 614 2002 verba:
644 1930 688 2000 Et
713 1930 774 2028 qui
798 1929 970 2002 dimissam
999 1929 1152 2015 deserit,
1183 1930 1348 2003 adulterat
1377 1931 1430 2001 in-

307 2064 395 2120 serta
423 2044 542 2118 luisse.
568 2044 730 2130 Quamvis
748 2046 840 2117 enim
858 2045 1022 2118 fateamur
1040 2072 1143 2143 penes
1167 2045 1298 2145 aliquot
1317 2062 1428 2146 patres

304 2161 407 2235 verba
432 2161 516 2234 haec
542 2187 610 2235 non
636 2161 774 2259 reperiri
792 2162 888 2255 (29),
911 2178 969 2234 aut
993 2161 1094 2234 etiam
1116 2158 1150 2232 in
1176 2160 1348 2235 nonnullis
1373 2187 1431 2235 co·

305 2276 437 2351 dicihus
464 2276 668 2362 desiderari,
691 2303 757 2348 non
783 2277 862 2349 inde
886 2293 998 2350 tamen
1023 2277 1142 2351 conlisi
1166 2293 1296 2376 potest,
1323 2303 1364 2350 ea
1380 2295 1429 2350 ut-

306 2408 383 2493 pote
408 2391 610 2491 interpolata
635 2418 712 2466 esse
739 2392 934 2465 reiicienda.
973 2391 1118 2466 Obstant
1146 2393 1314 2492 siquidem
1345 2419 1431 2494 quo-

307 2510 418 2583 minus
433 2509 467 2580 id
482 2507 699 2581 admittamus
713 2524 912 2605 argumenta
924 2508 1038 2582 omnia
1049 2508 1174 2608 quibus
1188 2509 1428 2606 pecuinitatem

306 2625 406 2698 trium
424 2623 666 2698 versiculorum
684 2623 952 2711 vindicavimus,
974 2650 1062 2724 quae
1080 2624 1180 2697 etiam
1198 2641 1349 2724 pugnant
1367 2650 1427 2724 pro

306 2739 463 2815 versiculi
491 2740 571 2813 noni
599 2740 800 2837 integritate.
818 2740 907 2812 Sane
933 2739 1103 2813 cernimus
1128 2740 1315 2815 clausulam
1341 2741 1430 2814 hanc

307 2855 397 2954 apud
423 2855 510 2929 alios
535 2854 784 2928 vetustissimos
812 2870 924 2952 patres
950 2854 1088 2952 reperiri
1106 2912 1114 2942 ,
1135 2856 1332 2929 nominatim
1349 2881 1430 2929 vero

308 2968 398 3067 apud
423 2968 646 3068 Theophilum
672 2968 935 3057 antiochenum,
968 2970 1131 3042 lustinum
1155 2971 1226 3057 bi,
1256 2970 1431 3043 Tertullia-

309 3109 409 3170 num,
439 3110 582 3183 quorum
609 3085 800 3159 testimonia
816 3084 1012 3171 attulimus,
1041 3100 1111 3158 tum
1129 3085 1230 3158 etiam
1248 3085 1338 3185 apud
1356 3084 1442 3157 Cle-¹

309 3216 453 3273 mentem
480 3199 593 3283 alem,
623 3202 679 3300 qui
708 3200 756 3273 ait
779 3226 955 3299 expresse:
980 3200 1048 3286 Qui
1063 3217 1170 3273 autem
1195 3201 1364 3274 dimissam
1380 3226 1432 3272 oe

388 3506 438 3568 (ib)
455 3505 494 3556 ci.
517 3506 541 3554 in
563 3505 705 3569 polyglottis
725 3506 898 3558 Waitonianis.

296 3650 299 3655 ᾗ
387 3587 437 3647 (27)
453 3586 491 3636 ct.
510 3584 582 3635 iiiiiii
600 3586 802 3649 Proiepomenon
823 3589 850 3637 in
871 3589 903 3637 Ν.
924 3591 951 3638 Τ.
967 3592 1030 3652 pari.
1044 3591 1089 3638 iii.
1103 3602 1148 3638 nee
1168 3601 1217 3638 non
1238 3589 1329 3639 Christ.
1344 3587 1432 3638 metti.

313 3666 389 3717 iiassii
402 3668 510 3716 Dbsert.
522 3668 582 3716 crit.
592 3665 756 3729 dessartinis
767 3666 899 3718 librorum
910 3670 945 3719 Ν.
960 3671 987 3719 T.
1001 3668 1167 3720 lectionibus.
1178 3669 1352 3720 amormuni
1366 3672 1434 3720 libs.

390 3748 440 3808 (aa)
455 3746 493 3796 ci.
509 3749 529 3796 Ι.
542 3750 570 3796 Α.
585 3746 689 3797 Fabricii
711 3746 800 3798 Codes
815 3747 982 3812 apocryphus
1006 3751 1040 3799 Ν.
1060 3752 1087 3800 Τ,
1113 3749 1228 3813 amburgi
1252 3754 1320 3801 rios.
1335 3753 1395 3800 tom.
1416 3752 1435 3799 i.

310 3840 365 3889 pag.
377 3834 431 3876 sta.
446 3828 549 3876 Notitto
564 3829 590 3876 et
600 3825 759 3890 fracmenta
771 3826 970 3891 econoeiiorum
981 3831 1050 3891 (xL.
1065 3829 1129 3892 iere)
1144 3830 1365 3895 apocryphorum.

385 3906 435 3967 (ts)
450 3905 489 3956 ci.
502 3904 630 3955 snbstbier
641 3906 688 3956 loc.
703 3906 746 3957 cit.
760 3906 802 3957 nbi
815 3910 924 3957 recenset
934 3921 976 3957 sex
988 3907 1084 3958 codices
1096 3909 1121 3958 iu
1131 3909 1222 3973 qulbus
1231 3922 1327 3959 comum
1341 3909 1388 3959 boe
1400 3923 1436 3960 re·

309 3985 398 4034 tiretur
409 3998 429 4034 s.
440 3987 525 4035 Germ
544 3992 566 4035 ι.
579 3985 653 4034 corb.
670 3994 690 4036 ι.
706 3985 780 4036 corb.
797 3994 820 4037 ι.
842 3988 949 4038 clarem.
971 3988 1112 4051 cantabrig.
1136 4003 1157 4039 s.
1170 3989 1235 4039 Gali.
1250 3990 1342 4039 etbtei.
1356 3991 1434 4039 Mout.

310 4078 331 4114 s.
349 4067 471 4113 Germa.
489 4064 745 4127 &veromandinse
764 4064 827 4115 ibid.
843 4065 882 4116 bis
893 4067 984 4130 alleget
1005 4066 1070 4117 huuc
1088 4069 1183 4118 tentum
1201 4067 1253 4118 sie:
1273 4069 1438 4119 Btmoiiam

309 4143 437 4204 cissent,
456 4142 619 4205 moechatur,
628 4143 700 4193 retvi
709 4144 824 4193 aiteram
836 4143 960 4205 amerit,
981 4146 1146 4198 adulterium
1155 4149 1302 4197 committit.
1312 4147 1351 4197 cl.
1362 4148 1437 4198 etiam

312 4222 486 4272 liecensionem
498 4224 563 4272 Η.
581 4223 750 4286 becbmanui,
768 4224 875 4275 Beroiini
893 4228 960 4276 isit.
976 4230 1030 4276 tum
1051 4229 1076 4276 in
1096 4228 1164 4276 textu
1185 4240 1272 4290 graeco
1290 4240 1364 4291 quem
1385 4227 1437 4291 ipse

312 4299 436 4362 vulgant,
456 4302 511 4350 tum
526 4300 663 4351 inversione
684 4301 760 4352 istim
770 4302 1012 4367 autebieronynviana
1024 4306 1084 4355 baec
1098 4305 1208 4355 clausula
1220 4309 1360 4357 constamer
1369 4319 1436 4370 repe·

312 4378 383 4429 ritur.
405 4379 443 4429 ct.
458 4380 531 4430 ctiam
550 4381 671 4431 variantes
694 4382 809 4432 lectiones
823 4395 886 4446 quas
906 4383 960 4447 ipsc
981 4386 1072 4448 proiert
1093 4385 1118 4435 in
1134 4385 1258 4436 iruneioc.
