3234 5084
315 429 384 500 ato
464 451 526 509 ua.
544 452 591 502 nr.
613 450 698 503 sacr.
715 452 847 504 auram.
863 453 904 504 or
920 451 1032 505 murm.
1049 453 1144 506 rara.
1163 452 1287 507 cruor.

315 569 473 669 reprobat
495 586 529 645 et
552 571 755 672 compescit,
784 571 845 647 sed
869 598 931 673 per
946 572 1097 647 debitum
1118 570 1427 671 mortis....lgitur,

312 684 343 758 si
367 709 453 784 quos
477 685 568 758 Deus
593 685 787 775 coniunxit,
816 686 917 761 bomo
942 712 1010 760 non
1035 686 1207 788 separabit
1237 688 1427 790 repudio...

316 799 492 873 Caeterum
510 817 545 874 et
560 799 628 874 alia
645 801 731 874 ratio
748 802 937 903 conspirat,
959 803 1061 876 immo
1078 828 1144 876 non
1163 803 1250 892 alia,
1271 804 1330 879 sed
1343 831 1434 906 quae

314 915 403 987 initii
429 916 569 989 sormam
595 916 775 1017 imposuit,
801 933 838 991 et
859 916 1065 991 voluntatem
1089 918 1152 992 Dei
1169 918 1274 992 movit
1290 917 1334 991 ad
1356 945 1432 1021 pro·

316 1028 515 1103 bibitionem
541 1030 690 1132 repudii:
711 1031 872 1132 quoniam
898 1032 958 1131 qui
976 1030 1143 1107 dimiserit
1158 1057 1295 1106 uxorem
1313 1057 1430 1120 suam,

316 1160 551 1245 praeterquam
584 1173 625 1218 ex
656 1171 759 1220 eausa
791 1144 979 1233 adulterii,
1014 1145 1095 1219 lacit
1122 1173 1198 1221 eam
1227 1145 1430 1235 adulterari;

315 1276 349 1333 et
374 1261 432 1360 qui
458 1261 633 1335 dimissam
659 1288 680 1334 a
704 1261 777 1335 uiro
802 1259 951 1349 duxerit,
973 1261 1140 1334 adulterat
1161 1262 1289 1361 utique.
1305 1262 1381 1335 Non
1403 1277 1434 1335 et

313 1375 431 1447 nubere
458 1376 599 1473 lepitime
620 1389 726 1474 potest
748 1375 945 1473 repudium
971 1392 1005 1449 et
1029 1376 1058 1450 si
1083 1375 1167 1477 quid
1193 1376 1260 1450 talo
1290 1375 1431 1449 oommi-

314 1492 396 1566 serit
420 1491 494 1567 sine
518 1492 722 1565 matrimonii
748 1492 900 1580 nomine,
930 1516 997 1564 non
1021 1492 1112 1593 oapit
1136 1490 1282 1589 elogium
1300 1490 1431 1565 adulte-

315 1606 356 1679 rii
374 1663 382 1695 ,
405 1632 474 1706 qua
491 1605 693 1680 adulterium
711 1607 747 1679 ia
764 1606 977 1705 matrimonio
994 1606 1122 1680 orimen
1138 1605 1215 1681 est?
1230 1607 1321 1681 Deus
1333 1605 1431 1680 aliter

314 1722 446 1797 censuit
469 1722 552 1796 eitra
577 1748 681 1821 quam
706 1721 880 1809 homines,
908 1721 1006 1795 utin
1031 1737 1156 1809 totum,
1184 1721 1257 1797 sive
1281 1747 1341 1821 per
1367 1747 1433 1794 nu-

314 1838 427 1938 ptias,
456 1836 529 1912 sire
552 1835 676 1935 vulgo,
696 1836 834 1911 alterius
851 1836 915 1910 viri
941 1836 1104 1911 admissio
1130 1836 1331 1911 adulterium
1355 1861 1434 1937 pro-

315 1953 497 2028 nuntietur.
528 1953 708 2028 Videamus
739 1953 829 2027 enim
861 1950 945 2053 quid
976 1951 1021 2026 sit
1053 1952 1304 2026 matrimonium
1336 1951 1429 2050 apud

314 2070 442 2158 Deum,
471 2086 505 2143 et
529 2069 577 2142 ita
610 2093 849 2167 cognoscemus
883 2067 966 2168 quid
996 2067 1041 2143 sit
1073 2094 1182 2169 aeque
1212 2067 1427 2142 adulterium.

314 2186 565 2259 Matrimonium
591 2203 661 2274 est,
689 2212 767 2259 eum
791 2186 882 2261 Deus
907 2184 1016 2283 iungit
1043 2185 1129 2260 duos
1158 2185 1193 2257 in
1224 2211 1326 2259 unam
1358 2209 1433 2258 oar·

314 2328 411 2389 nem,
438 2319 497 2375 aut
521 2302 653 2376 iunctos
677 2301 932 2400 deprehendens
958 2300 993 2372 in
1011 2299 1130 2374 eadem
1147 2326 1264 2389 earne,
1289 2299 1431 2375 ooniun-

313 2417 457 2491 otionem
482 2418 638 2516 signavit.
660 2415 870 2491 Adulterium
895 2433 965 2505 est,
986 2441 1063 2491 eum
1081 2414 1334 2517 quoquomodo
1359 2415 1432 2490 dia-

314 2533 438 2610 iunotis
462 2533 614 2623 duobus,
635 2533 703 2608 alia
727 2559 828 2622 earo,
849 2534 953 2607 immo
970 2532 1081 2606 aliena
1097 2534 1276 2620 misoetur,
1297 2531 1341 2606 de
1360 2559 1430 2633 qua

314 2648 382 2724 diei
409 2676 476 2724 non
501 2650 626 2751 possit,
655 2649 740 2724 haee
764 2665 817 2725 est
840 2675 919 2724 caro
943 2675 983 2722 er
1008 2674 1110 2723 earne
1133 2675 1228 2736 mea,
1256 2647 1431 2723 ethaeos

313 2794 356 2840 ex
373 2766 506 2841 ossibus
524 2766 619 2841 meis.
636 2764 744 2840 Semel
762 2765 853 2839 enim
871 2765 935 2839 hoo
948 2780 981 2838 et
998 2765 1121 2838 lactum
1133 2780 1167 2840 et
1180 2762 1434 2864 pronuntiatum

316 2881 405 2955 siout
428 2881 471 2955 ab
497 2881 614 2969 initio,
643 2881 690 2955 ita
715 2896 748 2955 et
772 2905 864 2953 nuno
889 2879 924 2953 in
950 2879 1051 2953 aliam
1078 2905 1212 2953 carnem
1237 2904 1305 2953 non
1325 2894 1435 2979 potest

316 2997 508 3070 convenire.
530 2997 647 3095 ltaque
664 2996 737 3070 sine
753 3021 857 3071 eausa
872 2995 985 3083 dieas,
1005 2995 1112 3068 Deum
1124 2994 1199 3068 oioo
1210 2995 1329 3067 morito
1347 2993 1434 3069 nolle

314 3110 523 3209 repudiatam
547 3111 612 3184 atii
638 3112 709 3184 viro
741 3112 853 3210 iuoqi,
882 3109 981 3211 quasi
1013 3125 1143 3184 mortuo
1173 3109 1274 3199 uelit;
1294 3107 1433 3210 quando

313 3226 345 3301 si
370 3242 500 3301 mortuo
531 3253 599 3301 non
633 3242 782 3313 tenetur,
815 3225 958 3326 proinde
981 3252 1043 3300 neo
1074 3226 1173 3315 viv03
1195 3242 1263 3300 tam
1291 3224 1434 3326 repudio

316 3343 567 3417 matrimonium
593 3342 771 3417 dirimente
796 3370 899 3444 quam
928 3359 1055 3431 morte,
1090 3369 1157 3417 non
1186 3342 1352 3417 tenebitur
1380 3341 1430 3427 ei,

314 3459 370 3532 cui
397 3485 457 3559 per
479 3458 571 3559 quod
593 3459 788 3546 tenebatur,
818 3458 998 3558 abruptum
1016 3472 1086 3546 est,
1106 3458 1190 3532 adeo
1206 3483 1275 3531 non
1297 3456 1435 3530 interest

315 3574 392 3649 vivo
417 3602 460 3648 an
482 3592 614 3650 mortuo
633 3575 707 3649 uiro
732 3575 849 3648 nubat.
878 3575 993 3676 Neque
1017 3574 1108 3647 enim
1134 3575 1169 3647 in
1199 3572 1295 3646 illum
1325 3570 1435 3646 delin-

314 3690 412 3793 quit,
441 3692 500 3766 sed
526 3691 560 3764 in
586 3691 814 3791 semetipsam.
836 3689 945 3766 Omne
970 3688 1130 3764 delictum
1147 3689 1240 3790 quod
1263 3686 1437 3763 admiserit

315 3805 429 3894 bomo,
444 3822 538 3879 extra
558 3832 682 3906 eorpus
698 3822 767 3881 est:
789 3806 849 3907 qui
876 3821 988 3880 autem
1012 3802 1237 3893 adulteratur,
1259 3804 1294 3875 ia
1312 3824 1434 3903 eorpus

315 3945 414 3997 suum
431 3920 611 4021 delinquit.
628 3920 843 3995 Adulteratur
859 3936 988 4008 autem,
1008 3919 1096 3994 siout
1115 3944 1218 4020 supra
1235 3915 1436 4019 praestruxi·

316 4063 422 4126 mus,
458 4038 516 4138 qui
543 4036 645 4111 aliam
670 4063 805 4111 earnem
835 4035 902 4109 sibi
925 4037 1091 4110 immiscet
1119 4060 1223 4134 supra
1246 4033 1339 4107 illam
1366 4030 1436 4132 pri·

316 4150 462 4239 atinam,
491 4178 594 4253 quam
619 4153 710 4227 Deus
736 4167 795 4224 aut
819 4150 993 4224 coniunxit
1018 4151 1053 4223 in
1079 4149 1180 4237 duos,
1210 4164 1270 4223 aut
1294 4146 1437 4223 ooniun-

317 4283 406 4341 otam
433 4267 667 4367 deprehendit.
689 4266 838 4368 ldeoque
867 4265 1005 4341 abstulit
1035 4266 1230 4366 repudium,
1266 4262 1357 4364 quod
1391 4261 1436 4334 ab

316 4382 415 4457 initio
440 4409 505 4457 non
530 4382 613 4469 luit,
638 4400 693 4470 ut,
723 4381 816 4481 quod
842 4380 886 4456 ab
911 4379 1008 4456 initio
1034 4381 1117 4467 tuit,
1146 4378 1277 4454 muniat
1292 4377 1436 4452 duorum
