3234 5084
295 469 362 520 cm.
374 469 418 519 vr.
431 464 471 519 ns
483 464 562 519 mss.
577 467 671 518 num.
685 464 768 530 mit,
785 464 849 517 nort
863 462 1022 517 consuunt.
1040 464 1111 516 nnn.
1125 467 1170 517 rr.
1225 447 1294 516 tot

186 588 230 662 ab
247 588 342 661 initio
358 613 397 661 ac
414 584 574 685 deinceps
592 587 645 660 usi
663 601 793 673 esseut3
815 586 908 685 atqui
927 610 1109 684 numquam
1127 586 1296 685 usquead

185 705 361 777 llartinnm
386 703 423 773 V.
444 703 517 798 (9⁸1)
537 724 578 775 ea
595 701 750 775 facultate
771 701 856 774 adeo
882 701 1090 787 necessaria,
1117 700 1297 775 ecclesiae·

183 845 250 917 que
273 818 348 891 utili
375 834 453 892 sunt
477 818 550 904 usi;
579 843 699 916 nempe
723 842 833 917 usque
858 815 902 889 ad
928 815 1032 889 seculi
1058 816 1124 889 xv.
1142 817 1291 903 initium;

174 929 378 1030 *argumento
398 931 500 1029 igitur
523 947 575 1005 ost
598 930 824 1017 ineluctabili,
845 957 885 1003 ea
903 930 1071 1030 praeditos
1088 956 1154 1003 non
1171 930 1290 1004 luisse.

255 1049 290 1118 2.
319 1047 361 1119 Ut
384 1047 610 1120 adstrueretnr
634 1072 718 1119 rom.
744 1045 893 1145 pontifici
927 1043 1092 1118 eiusmodi
1122 1048 1291 1144 potestas,

181 1154 283 1236 verbo
306 1162 367 1235 Dei
394 1162 539 1262 scripto,
569 1177 627 1235 aut
650 1160 771 1236 tradito
795 1162 831 1234 id
855 1161 991 1234 deberet
1023 1159 1170 1246 confici}
1196 1186 1295 1260 porro

183 1302 291 1376 neque
315 1304 355 1350 ex
380 1278 572 1378 Scriptura,
605 1304 715 1378 neque
739 1304 780 1350 ex
806 1277 983 1350 traditione
1007 1274 1143 1375 aliquod
1171 1298 1296 1374 suppe-

181 1392 222 1465 tit
241 1393 480 1466 testimonium.
502 1394 574 1467 Non
599 1393 858 1491 exscriptum,
887 1417 975 1491 quae
999 1389 1043 1463 de
1067 1389 1132 1463 hoo
1158 1388 1294 1463 omnino

181 1505 278 1593 silet3
299 1507 465 1607 siquidem
480 1505 603 1581 Christi
623 1506 725 1581 verba
737 1507 780 1579 ad
794 1507 927 1580 Petrum
945 1504 1089 1579 directa:
1112 1503 1295 1590 Quodcunt·

181 1646 241 1721 que
264 1622 421 1708 solveris,
455 1616 675 1724 quodcumdoe
702 1626 857 1723 lipooert‘c
881 1622 991 1721 urgeri
1018 1638 1212 1722 nequount;
1242 1621 1294 1694 ni·

181 1737 244 1810 mis
262 1737 353 1811 enim
374 1738 572 1837 probarent,
595 1766 698 1841 posse
714 1736 871 1814 videlicet
890 1765 973 1813 rom.
985 1739 1174 1839 pontificem
1192 1737 1293 1810 etiam

180 1849 307 1925 solvere
339 1852 489 1926 fidelium
520 1854 713 1951 coniugium
749 1869 1039 1940 consummatum,
1074 1852 1164 1953 quod
1197 1852 1294 1926 nemo

179 1965 312 2040 dixerit.
332 1969 405 2043 Non
430 1996 471 2042 er
498 1958 695 2057 traditione;
724 1968 854 2043 nullum
880 1962 969 2043 enim
995 1969 1128 2070 uspiam
1154 1985 1294 2069 apparet

179 2081 281 2157 huius
309 2086 480 2183 potestatis
500 2085 677 2182 vestigium
696 2086 806 2158 autin
827 2084 978 2183 patribus
997 2087 1106 2159 autin
1124 2084 1288 2172 conciliis,

178 2197 287 2269 autin
305 2196 383 2270 aliis
404 2197 592 2272 traditionis
618 2198 765 2273 fontibus
783 2192 802 2271 a
819 2199 944 2298 quibus
969 2198 1097 2271 hauriri
1117 2198 1152 2271 id
1170 2200 1288 2299 possit.

253 2312 451 2401 tatarum,
472 2312 550 2387 dato
567 2314 684 2402 etiam,
701 2314 792 2414 quod
812 2340 894 2387 rom.
906 2312 1053 2414 pontifex
1070 2339 1145 2387 eam
1162 2341 1183 2387 a
1199 2314 1293 2387 Chri-

179 2439 232 2498 sto
256 2440 453 2524 potestatem
477 2429 662 2528 acceperit,
689 2427 753 2501 hae
777 2428 813 2499 in
839 2428 1020 2529 hypothesi
1046 2429 1213 2503 eiusmodi
1232 2456 1291 2531 po·

178 2555 281 2614 testas
305 2558 395 2616 esset
418 2544 568 2617 humana
592 2545 664 2618 sive
688 2542 936 2630 ecclesiastica,
956 2543 1144 2618 cuiusmodi
1164 2560 1216 2618 est
1233 2543 1292 2617 illa

177 2680 245 2753 qua
270 2656 345 2755 ipse
369 2657 468 2732 solvit
496 2659 690 2760 quempiam
715 2685 735 2732 a
758 2673 856 2747 voto,
886 2658 1120 2747 iureiurando,
1148 2658 1292 2760 aliisquo

177 2768 212 2841 id
229 2796 335 2867 genus
353 2772 528 2873 plurimis;
550 2775 615 2848 iam
637 2800 717 2848 varo
735 2798 794 2874 per
810 2772 1073 2848 ecclesiasticam
1091 2778 1290 2873 potestatam

177 2882 368 2983 dispensari
397 2890 514 2990 nequit
539 2889 571 2961 in
598 2915 659 2979 eo,
689 2888 780 2989 quod
805 2905 859 2964 est
882 2887 1017 2962 divinae
1042 2887 1287 2977 institutionis,

177 2997 288 3096 qualis
313 3015 365 3074 est
389 3002 669 3077 indissolubilitas
695 3003 899 3077 matrimonii
926 3004 1002 3077 rati.

251 3114 284 3186 l.
312 3114 400 3189 Sana
429 3119 677 3192 matrimonium
709 3135 817 3192 ratum
848 3119 960 3220 quoad
993 3121 1173 3194 essentiam
1199 3121 1289 3195 idom

175 3245 227 3303 ost
243 3255 283 3304 ac
300 3232 547 3308 matrimonium
565 3251 834 3310 consummatum
848 3238 940 3310 iuxta
956 3237 1067 3309 tritam
1085 3237 1288 3310 matrimonii

174 3340 425 3420 definitionem:
461 3351 531 3421 oiri
563 3376 601 3423 oc
634 3351 783 3423 molieris
819 3351 963 3449 legitimo
993 3353 1172 3423 contemtio
1201 3351 1291 3424 iodi-

173 3461 309 3534 ot'dunm
324 3463 412 3535 vitoe
427 3465 610 3536 totietatem
623 3467 789 3537 retinens:
808 3465 961 3564 adeoque
979 3464 1169 3538 firmitatem
1187 3462 1290 3539 habet

173 3575 443 3650 indissolubilem
460 3594 532 3652 tum
550 3579 623 3652 iure
638 3579 753 3652 divino
779 3595 850 3653 tum
877 3581 950 3653 iure
974 3580 1132 3654 naturali.
1149 3580 1199 3652 Ex
1217 3581 1289 3654 iura

173 3691 311 3790 quidem
333 3693 469 3782 divino,
497 3694 578 3793 quia
601 3711 638 3769 ut
659 3694 808 3796 loquitur
833 3695 1049 3770 tridentinum
1068 3722 1156 3770 sess.
1170 3697 1284 3770 xxiv.

176 3804 421 3904 «Perpetuum,
442 3807 781 3910 indissolubilemque
797 3838 917 3884 nexum
938 3810 1141 3884 matrimonii
1159 3810 1288 3910 primus

173 3918 313 3993 humani
339 3924 470 4020 generis
505 3949 628 4024 parens
654 3923 761 3998 divini
786 3925 932 4026 Spiritus
959 3925 1118 3999 instinctu
1140 3952 1289 4027 pronun·

173 4033 295 4122 cievit,
317 4061 393 4110 oum
413 4038 517 4112 dixit:
538 4038 610 4113 Hoc
635 4063 725 4112 nuno
750 4063 789 4112 os
815 4065 857 4112 ex
882 4039 1018 4115 ossibus
1044 4041 1129 4115 meis
1146 4042 1289 4116 otnant
1317 4100 1321 4125 ‚

245 4232 296 4292 (tt)
310 4233 379 4289 Quae
396 4233 461 4284 enim
473 4236 530 4285 anm
541 4235 674 4287 Mortuum
691 4236 721 4285 V.
734 4247 749 4285 a
762 4235 888 4286 ammira
904 4236 1059 4299 proteruntur
1075 4236 1147 4287 holus
1162 4235 1286 4301 disponan-

172 4310 248 4441 ttopi:
257 4312 383 4443 exemplat,
396 4313 433 4365 ott
447 4327 467 4364 s.
478 4314 588 4380 Gregorii
602 4318 657 4368 vlt.
669 4315 752 4381 quoad
761 4316 877 4368 comitem
889 4315 1043 4380 ltaffltldem,
1058 4319 1084 4369 et
1098 4316 1230 4370 Alexandri
1242 4319 1286 4367 111.

173 4402 202 4440 ax
252 4403 306 4443 ram
319 4404 365 4443 sun
379 4428 385 4441 .
