3234 5084
396 416 466 469 usn.
480 419 514 467 v.
534 418 574 469 ur
586 417 696 469 muna.
714 418 842 471 inurar.
859 420 955 472 mnu.
972 422 1045 474 nur.
1065 423 1101 477 u.
1228 406 1296 479 133

179 536 292 615 culum
309 559 350 610 ao
367 534 485 610 foedus
502 533 679 634 coniugale
702 535 738 609 in
763 536 929 635 singulis,
957 564 1044 639 qnos
1069 539 1295 621 indicavimus

181 651 325 752 aliisque
343 675 450 751 prope
467 649 655 724 innumeris
673 648 831 741 casibus,
865 649 1066 728 reclamante
1090 680 1157 730 non
1183 656 1298 734 miuus

178 766 342 853 ecelesia,
370 791 473 865 φιιιι
494 764 662 865 aequitate
687 790 727 839 ac
743 780 874 839 natura.
904 767 1020 868 ltaque
1050 768 1138 845 actio
1159 797 1296 871 separa·

178 879 278 955 tioms
307 878 422 979 quoad
450 893 559 952 torum
592 894 626 952 et
653 877 935 953 cohabitationem
969 900 1126 958 manente
1157 886 1297 962 vinculo

178 993 325 1068 absurde
348 993 397 1067 uti
422 1017 510 1066 nova
530 991 726 1066 traducitur.

251 1107 372 1180 Verum
399 1103 547 1181 secundo
571 1104 644 1180 loco
663 1104 753 1179 banc
769 1106 925 1181 novitatis
943 1124 1055 1184 nomm
1073 1112 1220 1188 excludit
1236 1114 1298 1190 do-

179 1236 410 1296 cumentorum
431 1220 549 1320 copia,
577 1245 681 1320 quam
706 1219 804 1295 nobis
829 1220 1012 1322 antiquitas
1041 1249 1137 1299 sacra
1171 1255 1296 1330 suppe-

179 1336 275 1410 ditat.
293 1335 541 1409 Praetermissis
560 1334 703 1409 textibus
720 1334 877 1426 biblicis,
898 1335 1083 1438 dequibus
1100 1341 1295 1443 paulopost

178 1477 339 1550 memus,
361 1466 408 1525 tot
427 1451 627 1526 documenta
649 1451 801 1526 veritatis
823 1451 1009 1529 catholicae
1034 1454 1132 1529 nobis
1158 1476 1295 1557 praesto

179 1583 278 1656 sunt,
301 1583 385 1668 quot
408 1567 442 1639 iu
464 1565 695 1667 superioribus
719 1567 888 1666 capitibus
913 1567 1086 1645 attulimus
1103 1572 1293 1649 testimonia

177 1698 308 1783 patrum
329 1708 523 1780 graecorum
548 1698 583 1757 et
610 1682 811 1771 latinorum,
843 1685 902 1784 qni
927 1682 1052 1759 Christi
1078 1687 1180 1761 verba
1209 1689 1293 1766 llat-

176 1796 226 1871 th.
248 1797 285 1871 V.
307 1798 366 1869 32.
385 1813 419 1873 et
433 1799 521 1870 xlx.
543 1800 577 1870 9.
606 1813 833 1898 exposuerunt
851 1798 895 1873 de
917 1800 1019 1873 unica
1044 1818 1293 1903 separationea

173 1930 245 1988 toro
263 1929 295 1988 et
311 1912 560 1989 cohabitatione
576 1941 645 2015 qua
661 1940 741 2015 pars
761 1914 923 1989 innocens
940 1917 1116 2015 coniugem
1133 1918 1291 1995 adulterii

177 2054 272 2103 reum
286 2044 397 2130 potest
417 2028 603 2119 dimittere,
623 2030 706 2131 quin
723 2056 887 2131 umquam
904 2030 1104 2107 tribueretur
1119 2033 1228 2109 eidem
1247 2036 1293 2111 la·
1323 2126 1326 2133 .

172 2144 281 2221 cultas
305 2171 393 2220 novo
417 2172 493 2219 cum
520 2147 625 2222 altero
646 2173 684 2220 se
702 2147 836 2221 loedere
860 2146 1042 2245 iungendi;
1062 2147 1130 2223 imo
1147 2152 1291 2251 positive

172 2260 232 2333 ill'a
257 2258 496 2357 denegabatur.
517 2260 587 2333 lam
604 2285 683 2335 varo
699 2259 892 2360 incipiendo
910 2259 953 2333 ab
973 2260 1097 2336 Herma
1118 2262 1189 2337 vim
1210 2290 1291 2365 apo-

172 2373 291 2450 stolico
315 2376 512 2453 devenimus
534 2402 644 2477 usque
665 2374 708 2448 ad
726 2400 756 2448 s.
772 2372 1018 2473 augustinum,
1038 2390 1071 2449 et
1090 2376 1133 2450 ad
1151 2403 1210 2453 eos
1228 2380 1288 2479 qui

172 2490 247 2566 eius
263 2493 414 2592 vestigiis
432 2492 670 2579 inhaeserunt,
691 2489 970 2590 ostendimusque
985 2490 1028 2564 ad
1046 2517 1151 2566 uuum
1169 2519 1287 2570 omues
1316 2539 1325 2550 ·

172 2608 207 2682 in
227 2608 292 2683 bac
316 2610 481 2685 sententia
502 2634 542 2684 ac
566 2607 717 2682 doctrina
740 2606 940 2706 perstitisse.

244 2723 319 2799 lluc
339 2724 464 2823 pariter
488 2722 676 2799 reseruntur
700 2746 911 2795 romanorum
938 2722 1132 2820 pontificum
1159 2741 1191 2799 et
1208 2750 1288 2799 con-

172 2836 324 2911 ciliorum
349 2854 491 2927 statuta,
512 2837 636 2939 quibus
661 2834 777 2911 eadem
803 2834 954 2909 doctriua
977 2836 1012 2907 iu
1034 2839 1163 2935 praxim
1181 2838 1288 2913 dedu-

172 2968 226 3026 cta
251 2968 303 3027 est
325 2980 365 3028 ac
389 2955 537 3042 sancita3
569 2951 711 3054 exempli
742 2977 845 3026 causa
874 2976 950 3025 cum
984 2950 1219 3043 decreverunt,
1250 2970 1288 3029 ut

171 3067 337 3169 dirempto
350 3070 505 3168 coningio
520 3069 668 3144 secundo
685 3093 725 3140 ex
742 3092 854 3141 errore
871 3065 947 3140 lacti
967 3065 1070 3155 inito,
1091 3068 1180 3168 quod
1195 3070 1288 3170 prior

171 3208 256 3257 uxor
279 3209 300 3257 a
324 3184 393 3258 vita
417 3184 614 3271 excesserit,
641 3184 695 3257 vir
714 3180 847 3256 etiamsi
869 3208 945 3255 cum
971 3182 1118 3256 secunda
1135 3210 1173 3257 se
1189 3210 1287 3285 copu-

171 3297 275 3373 lasset
298 3298 342 3373 ad
369 3299 512 3400 priorem
534 3298 677 3387 rediret,
705 3297 865 3370 nimirum
889 3297 970 3397 quia
994 3298 1090 3397 prius
1108 3298 1190 3371 illud
1209 3302 1286 3372 con·

170 3414 299 3514 ingiam
324 3415 435 3517 qucum
462 3412 632 3490 vinculum
658 3414 831 3502 manebat,
860 3438 962 3487 uxore
988 3412 1100 3486 adbuc
1127 3412 1281 3502 vivente,

171 3528 249 3605 licet
272 3548 362 3607 esset
386 3530 499 3633 quoad
525 3547 631 3605 torum
657 3529 912 3629 convictumque
928 3527 1060 3616 divisa;
1085 3543 1122 3601 ut
1138 3527 1286 3602 decrevit

172 3645 384 3723 lnnocautius
402 3648 430 3721 l.
455 3662 525 3720 tum
553 3645 587 3717 in
612 3644 714 3744 epist.
733 3643 776 3717 ad
801 3642 967 3731 Probum,
996 3656 1065 3716 tum
1090 3642 1125 3715 in
1144 3640 1285 3743 epistola

169 3759 215 3832 ad
234 3761 477 3863 Exsupcrium,
498 3759 596 3835 cuius
616 3758 718 3833 verba
742 3783 819 3832 oum
843 3756 924 3831 alibi
950 3758 1016 3830 iam
1043 3756 1282 3856 descripserim

169 3877 465 3978 expenderimque,
485 3876 543 3951 hic
559 3874 666 3950 missa
684 3872 818 3949 faciam.
847 3873 939 3946 ldem
964 3871 1080 3947 statuit
1105 3898 1136 3946 s.
1156 3871 1221 3945 Leo
1234 3871 1278 3944 ll.

170 3989 206 4064 in
230 3992 329 4091 epist.
349 3994 392 4067 ad
409 3995 559 4070 Nicetam
576 3990 816 4093 aquileiensem
834 3989 1031 4090 episcopum
1048 3987 1280 4088 praecipiens,

170 4106 351 4196 foeminas,
366 4135 468 4209 quac,
490 4109 599 4210 captis
616 4108 717 4195 viris,
741 4119 925 4207 nupserant
941 4103 1036 4191 aliis,
1056 4103 1221 4200 regressis
1241 4102 1284 4177 da

168 4221 359 4323 captivitate
380 4224 463 4299 viris
487 4225 669 4325 prioribus,
692 4221 820 4297 eisdem
844 4219 937 4294 reddi
963 4217 1098 4305 debera,
1122 4218 1186 4293 etsi
1212 4244 1285 4319 pro

168 4336 305 4413 fitentur
324 4363 382 4413 eas
409 4366 476 4414 non
505 4339 612 4416 luisse
644 4337 856 4440 culpabiles,
889 4361 976 4437 quae
1007 4332 1167 4434 deceptae
1198 4333 1283 4409 lnlso

229 4484 270 4536 111
1166 4481 1200 4533 aa
