3234 5084
285 488 354 539 w.
374 486 411 538 n.
426 487 467 538 DE
484 486 599 538 males.
614 485 712 537 fflll·
729 485 763 537 nt
780 486 870 537 CAUS.
886 485 1001 538 luunt.
1014 486 1088 538 tur.
1100 488 1137 540 ll·
1208 467 1279 539 185

164 604 311 680 trimonii
337 629 380 677 ue
405 601 543 704 quidem
568 628 631 702 pm
655 627 737 676 cesa
764 602 996 677 fornicationis
1032 604 1118 679 solvi
1150 607 1277 706 possit,

162 721 313 821 alioquin
341 719 433 792 nulla
450 720 535 792 leret
552 717 587 790 in
605 718 661 791 his
678 718 835 791 Matthaei
853 718 940 794 locis
956 719 1157 809 antithesis,
1176 747 1278 820 quam

162 852 272 908 tamen
298 833 416 906 haberi
434 831 536 906 rerba
556 834 633 905 lesu
652 833 759 932 primo
776 832 894 906 obtutu
914 832 1061 931 produnt
1081 836 1170 930 (ld).
1192 835 1282 908 Hinc

162 951 254 1023 iuxta
273 951 363 1023 hunc
380 951 548 1022 auctorem
566 946 659 1022 locus
677 948 794 1021 hlatth.
806 949 844 1019 V.
855 964 983 1049 spectat
996 949 1039 1022 ad
1054 948 1277 1033 christianos,

162 1066 245 1140 alter
268 1091 347 1139 vcro
373 1064 490 1138 hlatth.
510 1065 597 1136 xlx.
619 1064 661 1137 ad
688 1062 849 1149 iudaeos,
877 1089 975 1137 secus
1001 1090 1042 1137 ac
1066 1065 1144 1164 Hug
1175 1082 1282 1139 statu-

162 1182 243 1254 erit:
276 1197 419 1280 uterque
449 1198 559 1253 tamen
584 1195 699 1279 utpote
723 1177 881 1252 catholici
909 1196 1062 1278 pugnant
1086 1180 1147 1280 pro
1176 1179 1280 1254 indis·

164 1295 370 1370 solubilitate
394 1294 588 1369 omnimoda
612 1294 763 1392 coniugii
789 1293 979 1367 christiani.
1077 1350 1080 1353 -

236 1412 306 1483 lam
329 1436 408 1484 vero
425 1410 568 1483 libenter
584 1408 724 1511 admitto
736 1434 793 1495 ea,
811 1435 899 1509 quae
912 1408 989 1507 Hug
1002 1406 1173 1483 constituit
1190 1411 1280 1485 cirea

163 1540 265 1624 caput
280 1525 367 1596 xlx.
389 1524 572 1612 llatthaei;
594 1539 628 1596 at
645 1523 712 1621 ipsi
730 1522 887 1596 assentiri
906 1549 1038 1622 nequeo
1054 1523 1088 1594 in
1107 1523 1171 1612 iis,
1192 1550 1282 1624 quae

164 1639 301 1738 scripsit
329 1638 419 1711 cirea
448 1653 550 1737 caput
581 1637 618 1709 V.
647 1639 704 1708 31.
736 1635 805 1723 tt:
821 1636 975 1711 vicissim
1010 1636 1136 1709 lubenti
1166 1637 1280 1711 auimo

162 1754 345 1856 amplector
369 1779 457 1853 quae
482 1752 585 1827 hahet
609 1753 706 1850 leger
728 1752 772 1824 de
796 1752 907 1851 capite
928 1753 966 1825 V.
982 1749 1162 1838 Matthaei,
1197 1750 1279 1824 dum

163 1869 302 1943 reiicere
325 1895 428 1966 cogor
453 1893 541 1968 quae
566 1866 640 1967 ipse
658 1882 811 1941 autumat
828 1868 918 1940 circa
935 1883 1038 1966 caput
1053 1867 1141 1939 xlx.
1167 1864 1281 1966 Siqui-

162 1981 238 2055 dem
264 1983 328 2057 etsi
353 1983 420 2056 duo
445 1981 481 2053 hi
507 1980 571 2055 loci
598 1981 685 2053 inter
714 2006 752 2053 se
786 1979 945 2053 disserant
974 1980 1017 2054 oh
1050 1980 1283 2056 diversitatem·

162 2089 351 2171 occasionis
377 2097 412 2169 in
438 2121 506 2197 qua
530 2095 666 2170 oracula
691 2096 727 2166 in
753 2095 797 2167 iis
823 2111 978 2168 contenta
1003 2122 1024 2168 a
1048 2094 1183 2169 Christo
1202 2121 1280 2195 pro·

162 2211 230 2285 lata
255 2227 354 2299 sunt,
387 2225 421 2284 et
451 2209 495 2284 oh
525 2210 752 2284 diversitatem
784 2210 885 2283 etiam
915 2211 1144 2299 audientium
1167 2226 1279 2284 tamen

163 2326 206 2400 ad
231 2353 302 2400 rem
327 2326 456 2426 ipsam,
485 2352 546 2399 seu
571 2323 614 2400 ad
640 2323 863 2399 substantiam
889 2326 980 2425 quod
997 2325 1116 2398 attinet
1136 2351 1279 2427 prorsus

162 2439 324 2540 parallelo
348 2454 444 2526 sunt;
465 2439 499 2511 in
525 2455 668 2539 utroque
693 2439 783 2512 enim
814 2454 905 2512 textu
928 2438 1092 2512 'Christus
1124 2439 1277 2512 libellum

163 2554 295 2655 repudii
322 2554 524 2654 improbavit
548 2571 582 2628 et
605 2553 768 2643 abolevit,
790 2569 892 2654 atque
910 2554 945 2627 in
961 2570 1104 2653 utroque
1124 2554 1277 2627 eamdem

163 2671 390 2770 exceptionem
406 2670 631 2770 fornicationis
649 2670 818 2770 apposuit.
835 2669 1023 2768 Disceptari
1038 2669 1155 2768 utique
1169 2684 1280 2769 potest

164 2784 206 2858 de
222 2786 325 2859 huius
342 2784 548 2884 exceptionis
573 2782 807 2886 amplitudine,
828 2784 872 2856 de
888 2809 957 2883 qua
974 2796 1092 2882 postea
1112 2808 1276 2879 agemus,

164 2898 222 2972 sed
248 2898 415 2999 quidquid
441 2897 576 2972 tandem
602 2924 643 2972 ea
667 2897 896 2995 significetur,
916 2911 1008 2997 patet
1032 2923 1073 2970 ex
1100 2896 1277 2997 utriusque

163 3011 227 3086 loci
247 3012 423 3086 collatione
448 3038 550 3085 unam
576 3038 652 3086 esse
677 3010 899 3111 eamdemque
916 3011 1042 3084 Christi
1061 3011 1273 3085 sententiam.

163 3127 358 3226 Negandum
383 3128 497 3227 itaque
521 3143 573 3201 est
589 3127 678 3199 reale
695 3142 753 3200 aut
770 3127 953 3201 assentialo
970 3128 1134 3202 interesse
1156 3126 1278 3201 discri-

134 3327 136 3333 Ι
163 3270 238 3316 men
264 3243 352 3315 inter
374 3259 554 3342 utrumque
578 3242 706 3329 locum,
736 3243 797 3316 sed
823 3260 939 3317 contra
964 3258 1016 3317 est
1040 3241 1277 3316 affirmandum
1321 3316 1338 3335 N

164 3384 221 3432 eos
245 3384 323 3431 esse
348 3357 449 3457 plane
473 3375 541 3431 tum
566 3356 746 3443 verbaliter
770 3373 841 3429 tum
867 3356 1000 3431 realiter
1024 3357 1216 3457 parallelos.

235 3473 399 3573 lnsuper,
426 3488 464 3545 ut
487 3472 539 3546 vel
558 3473 632 3571 ipse
649 3472 850 3547 lluinoelius
868 3472 1124 3560 animadvertit,
1150 3471 1279 3545 nullum

165 3586 330 3685 reperitur
355 3586 517 3659 indicium
536 3613 577 3659 ex
594 3612 662 3685 quo
678 3584 789 3683 colligi
810 3587 936 3686 possit,
958 3602 1173 3687 praeceptum
1194 3585 1279 3659 illud

164 3700 307 3788 Christi,
336 3702 426 3802 quod
452 3702 568 3774 hlatth.
589 3703 627 3773 V.
650 3703 708 3774 32.
731 3700 871 3799 legitur,
902 3701 1007 3775 luisse
1039 3701 1279 3802 temporarium

165 3832 199 3891 et
221 3817 451 3891 tantummodo
475 3817 608 3890 iudaeis
633 3817 768 3904 datum,
796 3818 855 3917 qui
874 3817 917 3891 ed
934 3817 1060 3891 Christi
1083 3819 1181 3914 signa
1202 3842 1279 3890 sese

166 3931 316 4006 conferre
339 3929 482 4015 vellent,
510 3947 544 4004 et
569 3931 635 4005 iam
661 3918 874 4005 matrimonia
899 3932 1163 4019 contraxisseut3
1188 3929 1280 4030 quod

166 4069 286 4145 nempe
311 4045 377 4143 ipsi
404 4046 439 4117 in
466 4044 621 4118 adulterii
648 4072 730 4120 casu
757 4052 895 4145 possent
912 4073 1011 4119 suum
1029 4045 1279 4148 matrimonium

165 4158 397 4258 disrumpere,
426 4185 616 4261 novumque
640 4161 738 4235 inire.
760 4163 828 4235 Neo
853 4161 1074 4261 perspicitur,
1103 4187 1163 4235 cur
1183 4163 1279 4235 lesus

167 4273 316 4349 severius
340 4274 445 4373 egerit
469 4300 545 4348 cum
571 4275 774 4374 gentilibus,
802 4275 861 4375 qui
892 4290 1070 4377 antequam
1103 4274 1278 4351 christiani

226 4426 288 4487 ,(46)
304 4430 350 4490 op.
362 4428 405 4477 cit.
418 4440 471 4491 pag.
486 4435 524 4478 tt.
535 4427 599 4492 aprrd
612 4428 755 4492 Rostovtny
768 4442 822 4493 pag.
834 4436 873 4480 69.
