3234 5084
342 419 411 490 128
488 440 549 491 tn.
562 439 610 491 nr.
626 438 712 491 ster.
728 439 860 492 utram.
876 439 917 492 nr
934 438 1048 492 mons.
1065 440 1161 492 ιιιιιι.
1178 440 1301 494 aanor.

340 586 381 634 ao
405 560 534 633 iustitia
558 559 624 633 boe
648 561 684 632 in
710 585 792 633 oasa
818 585 885 634 non
911 560 993 633 sinit
1017 577 1221 636 contractum
1245 561 1392 637 discindi
1411 563 1456 638 ab

339 700 447 775 eoque
476 675 617 747 resilire.
643 675 713 748 lam
741 700 820 750 vero
849 674 1016 750 eiusmodi
1047 675 1208 749 damnum
1238 679 1274 750 in
1305 680 1451 777 ooniugii

340 789 562 865 dissolutione
579 789 756 891 multiplici
774 817 815 863 ex
832 790 941 890 eapite
959 793 1160 891 proveniret.
1176 794 1344 892 Coniuges
1364 797 1455 868 enim

338 904 513 980 vinculum
539 924 734 980 contraxere
757 905 936 1004 ooniugale
960 908 1003 981 ad
1031 910 1254 1008 procreandos
1278 910 1457 984 instituen-

339 1020 469 1122 dosque
494 1021 583 1095 lilios
607 1021 678 1095 Deo
702 1045 743 1094 ao
768 1022 943 1110 societati3
964 1038 1094 1097 atvero
1111 1024 1212 1112 liliis,
1233 1025 1385 1123 religioni
1404 1052 1456 1099 so

340 1136 520 1238 oietatique
545 1137 706 1210 damnum
723 1163 764 1211 ex
783 1137 951 1212 solutione
976 1140 1124 1236 coniugii
1155 1142 1344 1216 immineret
1360 1144 1451 1237 (38).

414 1252 531 1351 Neque
555 1253 609 1326 ius
635 1252 785 1325 tribuunt
810 1251 963 1328 solvendi
988 1253 1135 1352 ooningii
1168 1272 1226 1329 aut
1255 1257 1362 1344 rixae,
1395 1274 1455 1330 aut

339 1364 417 1440 odia
441 1382 576 1453 mutua;
601 1365 752 1466 alioquin
779 1393 847 1441 non
873 1366 940 1441 iam
968 1368 1108 1443 rationis
1132 1369 1251 1457 duotu,
1280 1370 1340 1444 sed
1364 1371 1455 1470 eupi-

339 1479 455 1554 ditatis
480 1479 703 1580 utilitatisque
727 1480 918 1580 personalis
948 1498 1139 1557 oontraotus
1168 1484 1248 1556 iniri
1277 1485 1455 1559 convineo-

341 1613 443 1671 retur.
464 1596 591 1696 Ecquis
617 1620 716 1694 porro
740 1595 865 1669 dioeret
890 1620 991 1696 posse
1015 1597 1167 1672 militiam
1194 1599 1304 1672 deseri
1329 1598 1373 1672 ob
1402 1599 1454 1670 in-

340 1710 532 1798 commoda,
553 1736 642 1810 quae
659 1710 693 1781 in
713 1709 771 1783 illa
788 1710 998 1810 professione
1019 1711 1257 1787 inveniuntur?
1281 1713 1371 1786 ldem
1396 1712 1454 1786 dio

343 1824 387 1900 de
404 1825 554 1926 quolibet
571 1841 662 1899 statu
678 1826 732 1899 oui
751 1825 830 1924 quis
848 1826 1043 1925 praesertim
1060 1826 1165 1901 libere
1186 1854 1262 1901 sese
1280 1826 1409 1902 addixit
1420 1844 1454 1902 et

341 1941 555 2041 mancipavit.
580 1939 634 2014 Ob
659 1940 867 2014 individuale
891 1940 1137 2016 incommodum
1162 1959 1220 2016 aut
1245 1942 1452 2041 personalem

341 2056 528 2130 molestiam
555 2054 677 2128 resiliri
703 2055 821 2155 nequit
845 2082 865 2128 a
888 2072 1057 2130 eontracta
1081 2057 1299 2155 obligatione,
1327 2056 1386 2130 ubi
1411 2083 1452 2130 ex

340 2170 505 2245 eiusmodi
523 2195 663 2267 egressu
680 2169 840 2243 damnum
859 2170 955 2245 tertio
973 2171 1173 2260 immineret,
1190 2188 1288 2272 prout
1304 2170 1452 2245 diximus

342 2286 467 2374 soboli,
497 2285 718 2387 societatique
741 2285 899 2386 publicae
923 2314 964 2360 er
989 2288 1137 2386 coniugii
1162 2287 1329 2363 solutione
1352 2288 1454 2362 obve-

340 2404 426 2478 nire.
449 2404 565 2491 Ratio,
593 2430 662 2503 qua
686 2403 772 2477 duce
796 2403 900 2477 initur
924 2405 980 2478 hio
1004 2420 1214 2492 contractus,
1241 2404 1341 2478 debet
1357 2406 1452 2505 eupi-

339 2520 503 2594 ditatibus
534 2519 719 2620 imperare,
747 2519 866 2622 eisque
891 2521 1042 2593 fraenum
1069 2520 1229 2609 iniicere,
1259 2536 1361 2620 atque
1392 2547 1452 2595 aas

340 2636 498 2712 cohibere
515 2665 558 2712 ne
575 2637 610 2710 in
627 2636 752 2710 malum
771 2635 964 2738 prosiliant,
988 2651 1087 2736 prout
1105 2637 1140 2709 in
1156 2636 1275 2710 oeteris
1291 2635 1451 2709 omnibus

341 2752 413 2826 fieri
440 2752 540 2828 debet
561 2756 652 2851 (89).

412 2870 480 2943 Neo
503 2870 611 2943 deluit
636 2871 694 2971 qui
721 2885 922 2969 opponeret;
944 2870 973 2943 si
1002 2894 1058 2943 res
1082 2870 1129 2942 ita
1147 2868 1316 2955 sehabet,
1336 2884 1375 2941 ut
1395 2893 1453 2942 oo·

339 3000 460 3081 gantur
489 2984 649 3080 ooniuges
674 2984 710 3056 in
734 2983 901 3058 eiusmodi
929 2998 1018 3057 statu
1046 2982 1191 3057 violento
1216 3008 1448 3082 perseverare,

340 3099 434 3197 gravi
457 3097 631 3172 bomioidii
656 3099 757 3172 etiem
785 3097 941 3196 patrandi
963 3098 1135 3172 tentationi
1156 3096 1277 3196 exponi
1299 3113 1449 3196 possent.

413 3303 465 3364 (aa)
483 3305 546 3366 Ergo
559 3315 684 3367 perperam
698 3301 819 3352 Pelendos
830 3315 870 3365 op.
880 3301 961 3352 etioc.
974 3298 1453 3366 eit.§.21.oonoiudit:«Ergodirortii

340 3383 562 3446 testamentarii,
574 3383 595 3433 ai
606 3396 671 3433 uxor
680 3382 751 3432 alteri
764 3382 875 3445 corporis
885 3382 923 3432 aui
935 3382 1031 3446 coptam
1041 3381 1125 3432 iecerit
1130 3399 1153 3444 5»
1161 3384 1187 3432 et
1196 3381 1269 3445 paulo
1280 3383 1335 3446 post
1344 3400 1349 3429 ι
1358 3382 1451 3430 «Gom-

339 3464 421 3515 muuis
436 3465 562 3527 protorum
575 3464 664 3513 natura
674 3464 724 3524 eat,
736 3464 765 3512 nt
775 3462 876 3526 qnando
885 3474 935 3513 nna
943 3475 1000 3526 nera
1010 3463 1191 3513 eonsentianon
1199 3461 1366 3523 stantibusque
1376 3459 1454 3511 alten

340 3545 447 3609 amplius
461 3545 580 3595 teneatur.
593 3544 624 3593 Et
634 3543 753 3593 iraetenns
767 3541 881 3606 quidem,
890 3545 918 3592 ut
929 3556 978 3592 non
988 3542 1068 3593 solnm
1083 3542 1146 3591 laese
1157 3554 1215 3604 pars
1223 3554 1279 3591 oum
1291 3538 1383 3603 perfida
1395 3550 1452 3590 oon·

339 3625 395 3688 iuga
406 3636 456 3675 non
466 3622 574 3688 ampiius
585 3624 696 3673 tenantur
706 3621 856 3681 cohabitare,
865 3620 909 3672 sed
917 3623 942 3671 et
950 3621 1029 3672 inesse
1038 3621 1103 3687 parti
1116 3620 1220 3670 nauare
1233 3619 1265 3669 ad
1277 3617 1384 3670 secunda
1395 3619 1452 3669 rote

340 3704 438 3754 liceat.»

411 3782 462 3846 (ta)
479 3785 513 3832 Ει
528 3781 568 3832 his
579 3782 682 3832 diluitur
693 3781 760 3846 qnod
771 3782 892 3833 Reatinam
903 3782 951 3832 ine.
959 3781 1001 3831 cit.
1013 3779 1124 3831 obtrudit
1136 3780 1212 3830 reiuii
1223 3778 1372 3841 absurdum,
1384 3778 1451 3842 qnod

340 3861 366 3911 in
380 3864 508 3912 eontracta
529 3860 652 3925 coniugali
675 3861 783 3911 ineundo
806 3860 918 3911 clausula
934 3860 1075 3910 includatur
1090 3860 1120 3910 do
1135 3860 1308 3922 perpetuitate;
1321 3860 1452 3923 postquam

337 3941 404 3991 enim
416 3940 544 3991 oomnnn
563 3939 632 3990 iuxta
650 3941 753 3990 naturae
766 3941 851 3990 votum
863 3952 916 3990 esse
929 3938 1034 4001 coniugii
1050 3937 1246 4002 perpotiritnem,
1262 3936 1361 3987 modu:
1372 3937 1453 3987 tuan

338 4034 387 4086 que
398 4020 570 4085 *persenit-on
588 4022 609 4071 si
627 4021 652 4072 ia
666 4019 755 4070 lemme
771 4033 786 4083 y
800 4019 904 4081 norun
919 4022 984 4070 nette
996 4020 1091 4070 obrem
1104 4044 1113 4056 ·
1125 4018 1146 4068 li
1162 4031 1193 4069 ne
1209 4030 1250 4068 me
1267 4030 1322 4068 aera
1334 4015 1454 4083 periitne

338 4100 416 4150 d’ttre
434 4100 513 4163 quitto
532 4099 563 4149 de
579 4100 626 4161 toi,
647 4099 835 4149 dontionsnous
855 4097 949 4149 arrirer
961 4098 977 4147 i
991 4111 1053 4148 nous
1067 4097 1121 4147 hair
1134 4100 1233 4159 entant,
1250 4110 1299 4159 que
1314 4108 1377 4146 nona
1391 4108 1455 4145 noua

338 4179 434 4231 aimone
443 4192 459 4230 a
469 4180 602 4244 present?-
614 4182 668 4230 Une
684 4180 742 4231 teile
754 4179 882 4230 oondition
896 4179 976 4243 parsit
992 4191 1026 4229 nu
1042 4180 1096 4229 note
1110 4177 1240 4241 n’tuaptie:
1254 4176 1302 4227 eiie
1317 4188 1332 4225 a
1347 4175 1454 4239 quoiqrre

337 4261 412 4310 chose
427 4259 459 4310 de
473 4259 664 4310 eontmdiototre
674 4262 698 4309 et
711 4258 861 4322 d'absnrda,
879 4259 923 4322 qui
938 4260 1035 4323 otioque
1051 4271 1082 4309 au
1099 4257 1204 4322 prnnier
1219 4268 1284 4321 cono
1296 4255 1379 4307 d’oeii:
1398 4257 1454 4305 tout

337 4339 361 4389 ie
376 4338 466 4389 monde
481 4337 653 4389 s’reoorderait
667 4337 682 4388 i
698 4338 812 4402 regarder
824 4351 858 4389 un
874 4339 950 4403 parati
967 4351 1022 4388 rma
1039 4349 1135 4388 comme
1149 4336 1278 4387 terntraire
1294 4338 1319 4387 et
1335 4335 1350 4385 i
1366 4347 1454 4399 pensor

338 4432 386 4481 qne
401 4414 545 4469 reumont
560 4417 613 4469 doit
628 4419 652 4469 ie
665 4417 725 4469 inire
740 4417 843 4469 ntroin.»
