<?xml version="1.0" encoding="UTF-8"?>
<!DOCTYPE html PUBLIC "-//W3C//DTD XHTML 1.0 Transitional//EN"
    "http://www.w3.org/TR/xhtml1/DTD/xhtml1-transitional.dtd">
<html xmlns="http://www.w3.org/1999/xhtml" xml:lang="en" lang="en">
 <head>
  <title>
</title>
<meta http-equiv="Content-Type" content="text/html;charset=utf-8" />
  <meta name='ocr-system' content='tesseract 3.04.00' />
  <meta name='ocr-capabilities' content='ocr_page ocr_carea ocr_par ocr_line ocrx_word'/>
</head>
<body>
  <div class='ocr_page' id='page_1' title='image "./dematrimoniochr03perrgoog_0069.png"; bbox 0 0 3234 5084; ppageno 0'>
   <div class='ocr_carea' id='block_1_1' title="bbox 355 435 1289 513">
    <p class='ocr_par' dir='ltr' id='par_1_1' title="bbox 355 435 1289 513">
     <span class='ocr_line' id='line_1_1' title="bbox 355 435 1289 513; baseline 0.005 -6"><span class='ocrx_word' id='word_1_1' title='bbox 355 454 426 507; x_wconf 84' lang='lat' dir='ltr'><strong>mr.</strong></span> <span class='ocrx_word' id='word_1_2' title='bbox 441 456 465 507; x_wconf 88' lang='lat'><strong>1.</strong></span> <span class='ocrx_word' id='word_1_3' title='bbox 479 455 522 507; x_wconf 85' lang='lat' dir='ltr'><strong>nn</strong></span> <span class='ocrx_word' id='word_1_4' title='bbox 538 455 716 509; x_wconf 75' lang='lat' dir='ltr'><strong>marsuam</strong></span> <span class='ocrx_word' id='word_1_5' title='bbox 732 456 941 509; x_wconf 74' lang='lat' dir='ltr'><strong>usuariam.</strong></span> <span class='ocrx_word' id='word_1_6' title='bbox 957 458 1029 510; x_wconf 86' lang='lat' dir='ltr'><strong>nar.</strong></span> <span class='ocrx_word' id='word_1_7' title='bbox 1046 458 1091 510; x_wconf 75' lang='grc' dir='ltr'><strong>ιν.</strong></span> <span class='ocrx_word' id='word_1_8' title='bbox 1245 435 1289 513; x_wconf 79' lang='lat' dir='ltr'><strong>tt</strong></span> 
     </span>
    </p>
   </div>
   <div class='ocr_carea' id='block_1_2' title="bbox 170 572 1354 3791">
    <p class='ocr_par' dir='ltr' id='par_1_2' title="bbox 170 572 1354 3791">
     <span class='ocr_line' id='line_1_2' title="bbox 175 572 1289 653; baseline 0.006 -7"><span class='ocrx_word' id='word_1_9' title='bbox 175 572 208 646; x_wconf 80' lang='lat'><strong>1.</strong></span> <span class='ocrx_word' id='word_1_10' title='bbox 224 572 358 647; x_wconf 83' lang='lat' dir='ltr'><strong>Certum</strong></span> <span class='ocrx_word' id='word_1_11' title='bbox 375 588 428 649; x_wconf 89' lang='lat' dir='ltr'><strong>est</strong></span> <span class='ocrx_word' id='word_1_12' title='bbox 443 572 710 648; x_wconf 73' lang='lat' dir='ltr'><strong>Valentinianum</strong></span> <span class='ocrx_word' id='word_1_13' title='bbox 736 575 785 649; x_wconf 92' lang='lat' dir='ltr'><strong>uti</strong></span> <span class='ocrx_word' id='word_1_14' title='bbox 810 590 981 651; x_wconf 80' lang='lat' dir='ltr'><strong>auster-am</strong></span> <span class='ocrx_word' id='word_1_15' title='bbox 1000 577 1104 651; x_wconf 88' lang='lat' dir='ltr'><strong>nimis</strong></span> <span class='ocrx_word' id='word_1_16' title='bbox 1121 576 1289 653; x_wconf 81' lang='lat' dir='ltr'><strong>vindicem</strong></span> 
     </span>
     <span class='ocr_line' id='line_1_3' title="bbox 170 687 1287 792; baseline 0.004 -29"><span class='ocrx_word' id='word_1_17' title='bbox 170 687 317 763; x_wconf 71' lang='lat' dir='ltr'><strong>molatae</strong></span> <span class='ocrx_word' id='word_1_18' title='bbox 337 689 503 764; x_wconf 83' lang='lat' dir='ltr'><strong>castitatis</strong></span> <span class='ocrx_word' id='word_1_19' title='bbox 520 716 541 762; x_wconf 91' lang='lat' dir='ltr'><strong>a</strong></span> <span class='ocrx_word' id='word_1_20' title='bbox 558 714 588 763; x_wconf 87' lang='lat' dir='ltr'><strong>s.</strong></span> <span class='ocrx_word' id='word_1_21' title='bbox 605 690 812 792; x_wconf 81' lang='lat' dir='ltr'><strong>Hieronymo</strong></span> <span class='ocrx_word' id='word_1_22' title='bbox 828 692 864 764; x_wconf 92' lang='lat' dir='ltr'><strong>in</strong></span> <span class='ocrx_word' id='word_1_23' title='bbox 881 692 1009 766; x_wconf 78' lang='lat' dir='ltr'><strong>crimen</strong></span> <span class='ocrx_word' id='word_1_24' title='bbox 1026 691 1149 769; x_wconf 81' lang='lat' dir='ltr'><strong>adduci</strong></span> <span class='ocrx_word' id='word_1_25' title='bbox 1170 695 1287 791; x_wconf 79' lang='grc'>(168),</span> 
     </span>
     <span class='ocr_line' id='line_1_4' title="bbox 170 804 1289 911; baseline 0.004 -32"><span class='ocrx_word' id='word_1_26' title='bbox 170 804 263 906; x_wconf 84' lang='lat' dir='ltr'><strong>quod</strong></span> <span class='ocrx_word' id='word_1_27' title='bbox 285 804 463 879; x_wconf 85' lang='lat' dir='ltr'><strong>confirmat</strong></span> <span class='ocrx_word' id='word_1_28' title='bbox 482 804 593 879; x_wconf 74' lang='lat' dir='ltr'><strong>dmm.</strong></span> <span class='ocrx_word' id='word_1_29' title='bbox 608 804 824 882; x_wconf 67' lang='lat' dir='ltr'><strong>Marcellinus</strong></span> <span class='ocrx_word' id='word_1_30' title='bbox 847 808 993 883; x_wconf 85' lang='lat' dir='ltr'><strong>reserens</strong></span> <span class='ocrx_word' id='word_1_31' title='bbox 1013 808 1077 883; x_wconf 87' lang='lat' dir='ltr'><strong>sub</strong></span> <span class='ocrx_word' id='word_1_32' title='bbox 1093 809 1168 884; x_wconf 86' lang='lat' dir='ltr'><strong>cius</strong></span> <span class='ocrx_word' id='word_1_33' title='bbox 1185 809 1289 911; x_wconf 81' lang='lat' dir='ltr'><strong>impe·</strong></span> 
     </span>
     <span class='ocr_line' id='line_1_5' title="bbox 171 920 1290 1023; baseline 0.005 -29"><span class='ocrx_word' id='word_1_34' title='bbox 171 921 223 995; x_wconf 89' lang='lat' dir='ltr'><strong>rio</strong></span> <span class='ocrx_word' id='word_1_35' title='bbox 253 920 445 1022; x_wconf 87' lang='lat' dir='ltr'><strong>complures</strong></span> <span class='ocrx_word' id='word_1_36' title='bbox 471 920 621 1023; x_wconf 81' lang='lat' dir='ltr'><strong>virgines</strong></span> <span class='ocrx_word' id='word_1_37' title='bbox 649 940 685 997; x_wconf 88' lang='lat' dir='ltr'><strong>et</strong></span> <span class='ocrx_word' id='word_1_38' title='bbox 709 938 833 1022; x_wconf 85' lang='lat' dir='ltr'><strong>nuptas</strong></span> <span class='ocrx_word' id='word_1_39' title='bbox 868 922 1024 999; x_wconf 90' lang='lat' dir='ltr'><strong>adulterii</strong></span> <span class='ocrx_word' id='word_1_40' title='bbox 1056 925 1180 1000; x_wconf 79' lang='lat' dir='ltr'><strong>Romae</strong></span> <span class='ocrx_word' id='word_1_41' title='bbox 1211 953 1290 1001; x_wconf 86' lang='lat' dir='ltr'><strong>esse</strong></span> 
     </span>
     <span class='ocr_line' id='line_1_6' title="bbox 172 1036 1290 1142; baseline 0.006 -33"><span class='ocrx_word' id='word_1_42' title='bbox 172 1036 686 1133; x_wconf 77' lang='lat' dir='ltr'><strong>damnans(1tt).t.certnm</strong></span> <span class='ocrx_word' id='word_1_43' title='bbox 712 1055 809 1112; x_wconf 87' lang='lat' dir='ltr'><strong>esta</strong></span> <span class='ocrx_word' id='word_1_44' title='bbox 836 1039 929 1114; x_wconf 87' lang='lat' dir='ltr'><strong>nulle</strong></span> <span class='ocrx_word' id='word_1_45' title='bbox 953 1067 1122 1142; x_wconf 88' lang='lat' dir='ltr'><strong>unquam,</strong></span> <span class='ocrx_word' id='word_1_46' title='bbox 1151 1042 1224 1117; x_wconf 85' lang='lat' dir='ltr'><strong>sive</strong></span> <span class='ocrx_word' id='word_1_47' title='bbox 1248 1068 1290 1116; x_wconf 77' lang='lat' dir='ltr'><strong>ex</strong></span> 
     </span>
     <span class='ocr_line' id='line_1_7' title="bbox 172 1151 1291 1255; baseline 0.004 -28"><span class='ocrx_word' id='word_1_48' title='bbox 172 1178 256 1227; x_wconf 92' lang='lat' dir='ltr'><strong>rom.</strong></span> <span class='ocrx_word' id='word_1_49' title='bbox 272 1151 492 1252; x_wconf 84' lang='lat' dir='ltr'><strong>pontificibus</strong></span> <span class='ocrx_word' id='word_1_50' title='bbox 518 1151 591 1228; x_wconf 81' lang='lat' dir='ltr'><strong>sire</strong></span> <span class='ocrx_word' id='word_1_51' title='bbox 606 1179 647 1227; x_wconf 85' lang='lat' dir='ltr'><strong>cx</strong></span> <span class='ocrx_word' id='word_1_52' title='bbox 666 1154 894 1254; x_wconf 74' lang='lat' dir='ltr'><strong>sspatribns,</strong></span> <span class='ocrx_word' id='word_1_53' title='bbox 917 1156 978 1255; x_wconf 90' lang='lat' dir='ltr'><strong>qui</strong></span> <span class='ocrx_word' id='word_1_54' title='bbox 997 1183 1038 1230; x_wconf 89' lang='lat' dir='ltr'><strong>ea</strong></span> <span class='ocrx_word' id='word_1_55' title='bbox 1059 1171 1167 1231; x_wconf 85' lang='lat' dir='ltr'><strong>aetate</strong></span> <span class='ocrx_word' id='word_1_56' title='bbox 1190 1157 1291 1232; x_wconf 78' lang='lat' dir='ltr'><strong>ilorc-</strong></span> 
     </span>
     <span class='ocr_line' id='line_1_8' title="bbox 172 1266 1285 1371; baseline 0.007 -32"><span class='ocrx_word' id='word_1_57' title='bbox 172 1266 255 1339; x_wconf 86' lang='lat' dir='ltr'><strong>bant</strong></span> <span class='ocrx_word' id='word_1_58' title='bbox 278 1283 313 1340; x_wconf 91' lang='lat' dir='ltr'><strong>et</strong></span> <span class='ocrx_word' id='word_1_59' title='bbox 337 1266 423 1364; x_wconf 80' lang='lat' dir='ltr'><strong>legis</strong></span> <span class='ocrx_word' id='word_1_60' title='bbox 448 1268 662 1367; x_wconf 80' lang='lat' dir='ltr'><strong>evangelicae</strong></span> <span class='ocrx_word' id='word_1_61' title='bbox 686 1269 842 1342; x_wconf 80' lang='lat' dir='ltr'><strong>acerrimi</strong></span> <span class='ocrx_word' id='word_1_62' title='bbox 868 1285 965 1344; x_wconf 87' lang='lat' dir='ltr'><strong>erant</strong></span> <span class='ocrx_word' id='word_1_63' title='bbox 996 1287 1285 1371; x_wconf 73' lang='lat' dir='ltr'><strong>propugnatores,</strong></span> 
     </span>
     <span class='ocr_line' id='line_1_9' title="bbox 171 1382 1290 1488; baseline 0.008 -35"><span class='ocrx_word' id='word_1_64' title='bbox 171 1382 441 1457; x_wconf 90' lang='lat' dir='ltr'><strong>Valentinianum</strong></span> <span class='ocrx_word' id='word_1_65' title='bbox 466 1400 537 1459; x_wconf 89' lang='lat' dir='ltr'><strong>tum</strong></span> <span class='ocrx_word' id='word_1_66' title='bbox 562 1384 607 1459; x_wconf 89' lang='lat' dir='ltr'><strong>ob</strong></span> <span class='ocrx_word' id='word_1_67' title='bbox 627 1385 794 1461; x_wconf 87' lang='lat' dir='ltr'><strong>eiusmodi</strong></span> <span class='ocrx_word' id='word_1_68' title='bbox 820 1386 928 1483; x_wconf 76' lang='lat' dir='ltr'><strong>legem</strong></span> <span class='ocrx_word' id='word_1_69' title='bbox 953 1400 1025 1460; x_wconf 81' lang='lat' dir='ltr'><strong>tum</strong></span> <span class='ocrx_word' id='word_1_70' title='bbox 1049 1387 1094 1461; x_wconf 89' lang='lat' dir='ltr'><strong>ob</strong></span> <span class='ocrx_word' id='word_1_71' title='bbox 1119 1404 1290 1488; x_wconf 83' lang='lat' dir='ltr'><strong>perpetra·</strong></span> 
     </span>
     <span class='ocr_line' id='line_1_10' title="bbox 172 1497 1290 1601; baseline 0.004 -29"><span class='ocrx_word' id='word_1_72' title='bbox 172 1514 240 1572; x_wconf 88' lang='lat' dir='ltr'><strong>tam</strong></span> <span class='ocrx_word' id='word_1_73' title='bbox 268 1497 497 1598; x_wconf 78' lang='lat' dir='ltr'><strong>polygamiam</strong></span> <span class='ocrx_word' id='word_1_74' title='bbox 530 1499 637 1574; x_wconf 86' lang='lat' dir='ltr'><strong>inisse</strong></span> <span class='ocrx_word' id='word_1_75' title='bbox 667 1500 742 1574; x_wconf 83' lang='lat' dir='ltr'><strong>sive</strong></span> <span class='ocrx_word' id='word_1_76' title='bbox 771 1500 1016 1601; x_wconf 86' lang='lat' dir='ltr'><strong>reprehensum</strong></span> <span class='ocrx_word' id='word_1_77' title='bbox 1048 1501 1121 1577; x_wconf 82' lang='lat' dir='ltr'><strong>sire</strong></span> <span class='ocrx_word' id='word_1_78' title='bbox 1153 1500 1290 1577; x_wconf 85' lang='lat' dir='ltr'><strong>damna·</strong></span> 
     </span>
     <span class='ocr_line' id='line_1_11' title="bbox 171 1613 1289 1715; baseline 0.003 -30"><span class='ocrx_word' id='word_1_79' title='bbox 171 1629 241 1686; x_wconf 92' lang='lat' dir='ltr'><strong>tum</strong></span> <span class='ocrx_word' id='word_1_80' title='bbox 258 1615 373 1709; x_wconf 80' lang='lat' dir='ltr'><strong>(tit),</strong></span> <span class='ocrx_word' id='word_1_81' title='bbox 388 1613 480 1715; x_wconf 89' lang='lat' dir='ltr'><strong>quod</strong></span> <span class='ocrx_word' id='word_1_82' title='bbox 497 1630 586 1689; x_wconf 73' lang='lat' dir='ltr'><strong>cene</strong></span> <span class='ocrx_word' id='word_1_83' title='bbox 604 1613 715 1689; x_wconf 83' lang='lat' dir='ltr'><strong>lacere</strong></span> <span class='ocrx_word' id='word_1_84' title='bbox 741 1642 807 1689; x_wconf 90' lang='lat' dir='ltr'><strong>neu</strong></span> <span class='ocrx_word' id='word_1_85' title='bbox 833 1614 1045 1704; x_wconf 85' lang='lat' dir='ltr'><strong>omisissent,</strong></span> <span class='ocrx_word' id='word_1_86' title='bbox 1066 1615 1097 1689; x_wconf 89' lang='lat' dir='ltr'><strong>si</strong></span> <span class='ocrx_word' id='word_1_87' title='bbox 1114 1641 1195 1691; x_wconf 83' lang='lat' dir='ltr'><strong>vera</strong></span> <span class='ocrx_word' id='word_1_88' title='bbox 1211 1643 1289 1693; x_wconf 80' lang='lat' dir='ltr'><strong>nar-</strong></span> 
     </span>
     <span class='ocr_line' id='line_1_12' title="bbox 172 1730 1289 1832; baseline 0.003 -30"><span class='ocrx_word' id='word_1_89' title='bbox 172 1747 281 1803; x_wconf 90' lang='lat' dir='ltr'><strong>rasset</strong></span> <span class='ocrx_word' id='word_1_90' title='bbox 305 1730 471 1804; x_wconf 80' lang='lat' dir='ltr'><strong>Socraten.</strong></span> <span class='ocrx_word' id='word_1_91' title='bbox 501 1732 536 1803; x_wconf 77' lang='grc'><strong>6.</strong></span> <span class='ocrx_word' id='word_1_92' title='bbox 566 1730 699 1806; x_wconf 86' lang='lat' dir='ltr'><strong>Certum</strong></span> <span class='ocrx_word' id='word_1_93' title='bbox 727 1748 781 1807; x_wconf 90' lang='lat' dir='ltr'><strong>est</strong></span> <span class='ocrx_word' id='word_1_94' title='bbox 804 1730 1032 1807; x_wconf 83' lang='lat' dir='ltr'><strong>Theodosium</strong></span> <span class='ocrx_word' id='word_1_95' title='bbox 1062 1732 1107 1805; x_wconf 83' lang='lat' dir='ltr'><strong>ii.</strong></span> <span class='ocrx_word' id='word_1_96' title='bbox 1132 1732 1191 1832; x_wconf 92' lang='lat' dir='ltr'><strong>qui</strong></span> <span class='ocrx_word' id='word_1_97' title='bbox 1221 1757 1289 1806; x_wconf 88' lang='lat' dir='ltr'><strong>une</strong></span> 
     </span>
     <span class='ocr_line' id='line_1_13' title="bbox 172 1842 1290 1946; baseline 0.004 -30"><span class='ocrx_word' id='word_1_98' title='bbox 172 1868 250 1916; x_wconf 91' lang='lat' dir='ltr'><strong>cum</strong></span> <span class='ocrx_word' id='word_1_99' title='bbox 276 1842 434 1918; x_wconf 84' lang='lat' dir='ltr'><strong>Gratiano</strong></span> <span class='ocrx_word' id='word_1_100' title='bbox 452 1843 677 1920; x_wconf 83' lang='lat' dir='ltr'><strong>Valentiniani</strong></span> <span class='ocrx_word' id='word_1_101' title='bbox 703 1845 774 1921; x_wconf 89' lang='lat' dir='ltr'><strong>lilio</strong></span> <span class='ocrx_word' id='word_1_102' title='bbox 798 1845 907 1920; x_wconf 88' lang='lat' dir='ltr'><strong>cidem</strong></span> <span class='ocrx_word' id='word_1_103' title='bbox 931 1846 967 1919; x_wconf 93' lang='lat' dir='ltr'><strong>in</strong></span> <span class='ocrx_word' id='word_1_104' title='bbox 988 1846 1131 1946; x_wconf 88' lang='lat' dir='ltr'><strong>imperio</strong></span> <span class='ocrx_word' id='word_1_105' title='bbox 1154 1872 1290 1921; x_wconf 77' lang='lat' dir='ltr'><strong>succes·</strong></span> 
     </span>
     <span class='ocr_line' id='line_1_14' title="bbox 170 1958 1289 2062; baseline 0.003 -31"><span class='ocrx_word' id='word_1_106' title='bbox 170 1973 262 2032; x_wconf 88' lang='lat' dir='ltr'><strong>serat</strong></span> <span class='ocrx_word' id='word_1_107' title='bbox 288 1958 373 2034; x_wconf 87' lang='lat' dir='ltr'><strong>adeo</strong></span> <span class='ocrx_word' id='word_1_108' title='bbox 397 1977 587 2035; x_wconf 84' lang='lat' dir='ltr'><strong>aversatum</strong></span> <span class='ocrx_word' id='word_1_109' title='bbox 613 1962 843 2062; x_wconf 81' lang='lat' dir='ltr'><strong>polygamiam</strong></span> <span class='ocrx_word' id='word_1_110' title='bbox 875 1962 985 2037; x_wconf 82' lang='lat' dir='ltr'><strong>luisse</strong></span> <span class='ocrx_word' id='word_1_111' title='bbox 1013 1977 1051 2036; x_wconf 91' lang='lat' dir='ltr'><strong>ut</strong></span> <span class='ocrx_word' id='word_1_112' title='bbox 1074 1988 1149 2037; x_wconf 90' lang='lat' dir='ltr'><strong>eam</strong></span> <span class='ocrx_word' id='word_1_113' title='bbox 1173 1961 1227 2036; x_wconf 86' lang='lat' dir='ltr'><strong>vel</strong></span> <span class='ocrx_word' id='word_1_114' title='bbox 1252 1962 1289 2034; x_wconf 91' lang='lat' dir='ltr'><strong>in</strong></span> 
     </span>
     <span class='ocr_line' id='line_1_15' title="bbox 170 2073 1287 2178; baseline 0.005 -32"><span class='ocrx_word' id='word_1_115' title='bbox 170 2074 306 2150; x_wconf 88' lang='lat' dir='ltr'><strong>ludaeis</strong></span> <span class='ocrx_word' id='word_1_116' title='bbox 327 2073 513 2150; x_wconf 86' lang='lat' dir='ltr'><strong>insectatus</strong></span> <span class='ocrx_word' id='word_1_117' title='bbox 534 2077 650 2151; x_wconf 87' lang='lat' dir='ltr'><strong>luerit:</strong></span> <span class='ocrx_word' id='word_1_118' title='bbox 670 2080 785 2174; x_wconf 75' lang='lat'>(171),</span> <span class='ocrx_word' id='word_1_119' title='bbox 800 2076 884 2178; x_wconf 91' lang='lat' dir='ltr'><strong>quid</strong></span> <span class='ocrx_word' id='word_1_120' title='bbox 903 2104 1003 2176; x_wconf 90' lang='lat' dir='ltr'><strong>porro</strong></span> <span class='ocrx_word' id='word_1_121' title='bbox 1020 2078 1157 2153; x_wconf 81' lang='lat' dir='ltr'><strong>lecisset</strong></span> <span class='ocrx_word' id='word_1_122' title='bbox 1169 2079 1200 2153; x_wconf 86' lang='lat' dir='ltr'><strong>si</strong></span> <span class='ocrx_word' id='word_1_123' title='bbox 1213 2104 1287 2152; x_wconf 89' lang='lat' dir='ltr'><strong>cam</strong></span> 
     </span>
     <span class='ocr_line' id='line_1_16' title="bbox 170 2191 1288 2294; baseline 0.003 -30"><span class='ocrx_word' id='word_1_124' title='bbox 170 2217 274 2290; x_wconf 83' lang='lat' dir='ltr'><strong>penes</strong></span> <span class='ocrx_word' id='word_1_125' title='bbox 299 2191 504 2267; x_wconf 85' lang='lat' dir='ltr'><strong>christianos</strong></span> <span class='ocrx_word' id='word_1_126' title='bbox 530 2192 738 2294; x_wconf 77' lang='lat' dir='ltr'><strong>reperisset?</strong></span> <span class='ocrx_word' id='word_1_127' title='bbox 755 2194 947 2294; x_wconf 77' lang='lat' dir='ltr'><strong>ll&#39;eperisset</strong></span> <span class='ocrx_word' id='word_1_128' title='bbox 972 2216 1072 2293; x_wconf 88' lang='lat' dir='ltr'><strong>porro</strong></span> <span class='ocrx_word' id='word_1_129' title='bbox 1090 2195 1119 2268; x_wconf 89' lang='lat' dir='ltr'><strong>si</strong></span> <span class='ocrx_word' id='word_1_130' title='bbox 1137 2220 1217 2268; x_wconf 86' lang='lat' dir='ltr'><strong>vera</strong></span> <span class='ocrx_word' id='word_1_131' title='bbox 1235 2220 1288 2267; x_wconf 92' lang='lat' dir='ltr'><strong>re-</strong></span> 
     </span>
     <span class='ocr_line' id='line_1_17' title="bbox 170 2304 1289 2409; baseline 0.004 -31"><span class='ocrx_word' id='word_1_132' title='bbox 170 2304 305 2379; x_wconf 81' lang='lat' dir='ltr'><strong>tulisset</strong></span> <span class='ocrx_word' id='word_1_133' title='bbox 324 2307 478 2380; x_wconf 89' lang='lat' dir='ltr'><strong>Sccrates</strong></span> <span class='ocrx_word' id='word_1_134' title='bbox 502 2305 546 2380; x_wconf 91' lang='lat' dir='ltr'><strong>de</strong></span> <span class='ocrx_word' id='word_1_135' title='bbox 570 2306 651 2382; x_wconf 92' lang='lat' dir='ltr'><strong>data</strong></span> <span class='ocrx_word' id='word_1_136' title='bbox 674 2306 749 2405; x_wconf 79' lang='lat' dir='ltr'><strong>lege</strong></span> <span class='ocrx_word' id='word_1_137' title='bbox 773 2333 836 2408; x_wconf 89' lang='lat' dir='ltr'><strong>per</strong></span> <span class='ocrx_word' id='word_1_138' title='bbox 859 2309 1054 2384; x_wconf 83' lang='lat' dir='ltr'><strong>universum</strong></span> <span class='ocrx_word' id='word_1_139' title='bbox 1079 2307 1193 2383; x_wconf 89' lang='lat' dir='ltr'><strong>orbem</strong></span> <span class='ocrx_word' id='word_1_140' title='bbox 1219 2335 1289 2409; x_wconf 88' lang='lat' dir='ltr'><strong>qua</strong></span> 
     </span>
     <span class='ocr_line' id='line_1_18' title="bbox 172 2418 1288 2522; baseline 0.007 -31"><span class='ocrx_word' id='word_1_141' title='bbox 172 2418 313 2494; x_wconf 87' lang='lat' dir='ltr'><strong>lacultas</strong></span> <span class='ocrx_word' id='word_1_142' title='bbox 339 2421 497 2495; x_wconf 87' lang='lat' dir='ltr'><strong>omnibus</strong></span> <span class='ocrx_word' id='word_1_143' title='bbox 522 2420 617 2495; x_wconf 87' lang='lat' dir='ltr'><strong>lieret</strong></span> <span class='ocrx_word' id='word_1_144' title='bbox 640 2421 745 2510; x_wconf 84' lang='lat' dir='ltr'><strong>duas,</strong></span> <span class='ocrx_word' id='word_1_145' title='bbox 771 2438 829 2497; x_wconf 87' lang='lat' dir='ltr'><strong>aut</strong></span> <span class='ocrx_word' id='word_1_146' title='bbox 852 2424 968 2522; x_wconf 84' lang='lat' dir='ltr'><strong>plures</strong></span> <span class='ocrx_word' id='word_1_147' title='bbox 993 2423 1139 2498; x_wconf 88' lang='lat' dir='ltr'><strong>ducendi</strong></span> <span class='ocrx_word' id='word_1_148' title='bbox 1165 2450 1288 2499; x_wconf 82' lang='lat' dir='ltr'><strong>uxores</strong></span> 
     </span>
     <span class='ocr_line' id='line_1_19' title="bbox 174 2534 1354 2638; baseline 0.008 -32"><span class='ocrx_word' id='word_1_149' title='bbox 174 2534 274 2633; x_wconf 86' lang='lat' dir='ltr'><strong>priori</strong></span> <span class='ocrx_word' id='word_1_150' title='bbox 296 2535 490 2634; x_wconf 86' lang='lat' dir='ltr'><strong>superstite.</strong></span> <span class='ocrx_word' id='word_1_151' title='bbox 512 2536 620 2610; x_wconf 91' lang='lat' dir='ltr'><strong>lmme</strong></span> <span class='ocrx_word' id='word_1_152' title='bbox 638 2562 705 2610; x_wconf 91' lang='lat' dir='ltr'><strong>non</strong></span> <span class='ocrx_word' id='word_1_153' title='bbox 724 2537 809 2612; x_wconf 83' lang='lat' dir='ltr'><strong>levis</strong></span> <span class='ocrx_word' id='word_1_154' title='bbox 829 2538 957 2638; x_wconf 89' lang='lat' dir='ltr'><strong>ubique</strong></span> <span class='ocrx_word' id='word_1_155' title='bbox 980 2540 1144 2615; x_wconf 80' lang='lat' dir='ltr'><strong>excitatus</strong></span> <span class='ocrx_word' id='word_1_156' title='bbox 1170 2538 1293 2614; x_wconf 86' lang='lat' dir='ltr'><strong>luisset</strong></span> <span class='ocrx_word' id='word_1_157' title='bbox 1351 2610 1354 2616; x_wconf 83' lang='grc'>,</span> 
     </span>
     <span class='ocr_line' id='line_1_20' title="bbox 170 2651 1290 2753; baseline 0.003 -29"><span class='ocrx_word' id='word_1_158' title='bbox 170 2651 354 2741; x_wconf 84' lang='lat' dir='ltr'><strong>tumultus,</strong></span> <span class='ocrx_word' id='word_1_159' title='bbox 378 2652 409 2726; x_wconf 88' lang='lat' dir='ltr'><strong>si</strong></span> <span class='ocrx_word' id='word_1_160' title='bbox 431 2679 533 2753; x_wconf 91' lang='lat' dir='ltr'><strong>quam</strong></span> <span class='ocrx_word' id='word_1_161' title='bbox 553 2653 732 2727; x_wconf 82' lang='lat' dir='ltr'><strong>duxissent</strong></span> <span class='ocrx_word' id='word_1_162' title='bbox 748 2653 888 2727; x_wconf 85' lang='lat' dir='ltr'><strong>alteram</strong></span> <span class='ocrx_word' id='word_1_163' title='bbox 906 2680 1061 2742; x_wconf 79' lang='lat' dir='ltr'><strong>uxorem,</strong></span> <span class='ocrx_word' id='word_1_164' title='bbox 1081 2680 1156 2727; x_wconf 85' lang='lat' dir='ltr'><strong>eam</strong></span> <span class='ocrx_word' id='word_1_165' title='bbox 1176 2654 1290 2727; x_wconf 79' lang='lat' dir='ltr'><strong>dimit—</strong></span> 
     </span>
     <span class='ocr_line' id='line_1_21' title="bbox 172 2763 1293 2868; baseline 0.001 -29"><span class='ocrx_word' id='word_1_166' title='bbox 172 2782 241 2840; x_wconf 89' lang='lat' dir='ltr'><strong>tere</strong></span> <span class='ocrx_word' id='word_1_167' title='bbox 258 2766 303 2841; x_wconf 91' lang='lat' dir='ltr'><strong>ob</strong></span> <span class='ocrx_word' id='word_1_168' title='bbox 321 2766 515 2864; x_wconf 78' lang='lat' dir='ltr'><strong>abrogatam</strong></span> <span class='ocrx_word' id='word_1_169' title='bbox 533 2763 641 2864; x_wconf 78' lang='lat' dir='ltr'><strong>legem</strong></span> <span class='ocrx_word' id='word_1_170' title='bbox 661 2766 754 2842; x_wconf 81' lang='lat' dir='ltr'><strong>ssiam</strong></span> <span class='ocrx_word' id='word_1_171' title='bbox 772 2767 984 2842; x_wconf 87' lang='lat' dir='ltr'><strong>debuissent.</strong></span> <span class='ocrx_word' id='word_1_172' title='bbox 1002 2771 1037 2841; x_wconf 80' lang='lat' dir='ltr'><strong>t.</strong></span> <span class='ocrx_word' id='word_1_173' title='bbox 1053 2768 1208 2868; x_wconf 82' lang='lat' dir='ltr'><strong>Denique</strong></span> <span class='ocrx_word' id='word_1_174' title='bbox 1223 2793 1293 2842; x_wconf 77' lang='lat' dir='ltr'><strong>cer·</strong></span> 
     </span>
     <span class='ocr_line' id='line_1_22' title="bbox 173 2881 1291 2958; baseline 0.003 -4"><span class='ocrx_word' id='word_1_175' title='bbox 173 2896 242 2954; x_wconf 74' lang='lat' dir='ltr'><strong>arm</strong></span> <span class='ocrx_word' id='word_1_176' title='bbox 263 2898 317 2956; x_wconf 88' lang='lat' dir='ltr'><strong>est</strong></span> <span class='ocrx_word' id='word_1_177' title='bbox 339 2898 410 2955; x_wconf 86' lang='lat' dir='ltr'><strong>tum</strong></span> <span class='ocrx_word' id='word_1_178' title='bbox 431 2881 674 2956; x_wconf 85' lang='lat' dir='ltr'><strong>Theodoretum</strong></span> <span class='ocrx_word' id='word_1_179' title='bbox 693 2900 765 2957; x_wconf 91' lang='lat' dir='ltr'><strong>tum</strong></span> <span class='ocrx_word' id='word_1_180' title='bbox 787 2885 1008 2957; x_wconf 87' lang='lat' dir='ltr'><strong>Sozomenum</strong></span> <span class='ocrx_word' id='word_1_181' title='bbox 1036 2883 1163 2958; x_wconf 70' lang='lat' dir='ltr'><strong>Socrmi</strong></span> <span class='ocrx_word' id='word_1_182' title='bbox 1193 2909 1291 2957; x_wconf 81' lang='lat' dir='ltr'><strong>eoae·</strong></span> 
     </span>
     <span class='ocr_line' id='line_1_23' title="bbox 176 2995 1290 3098; baseline 0.001 -29"><span class='ocrx_word' id='word_1_183' title='bbox 176 3022 253 3085; x_wconf 84' lang='lat' dir='ltr'><strong>vos,</strong></span> <span class='ocrx_word' id='word_1_184' title='bbox 282 2997 411 3098; x_wconf 90' lang='lat' dir='ltr'><strong>quique</strong></span> <span class='ocrx_word' id='word_1_185' title='bbox 432 3013 527 3095; x_wconf 76' lang='lat' dir='ltr'><strong>gesta</strong></span> <span class='ocrx_word' id='word_1_186' title='bbox 543 2995 765 3071; x_wconf 85' lang='lat' dir='ltr'><strong>Valentiniani</strong></span> <span class='ocrx_word' id='word_1_187' title='bbox 784 2997 951 3097; x_wconf 88' lang='lat' dir='ltr'><strong>prosecuti</strong></span> <span class='ocrx_word' id='word_1_188' title='bbox 974 3013 1070 3085; x_wconf 80' lang='lat' dir='ltr'><strong>sunt,</strong></span> <span class='ocrx_word' id='word_1_189' title='bbox 1092 3023 1135 3070; x_wconf 90' lang='lat' dir='ltr'><strong>ne</strong></span> <span class='ocrx_word' id='word_1_190' title='bbox 1151 2998 1290 3072; x_wconf 85' lang='lat' dir='ltr'><strong>verbum</strong></span> 
     </span>
     <span class='ocr_line' id='line_1_24' title="bbox 172 3112 1292 3214; baseline 0.001 -29"><span class='ocrx_word' id='word_1_191' title='bbox 172 3112 312 3211; x_wconf 89' lang='lat' dir='ltr'><strong>quidem</strong></span> <span class='ocrx_word' id='word_1_192' title='bbox 325 3112 608 3210; x_wconf 80' lang='lat' dir='ltr'><strong>siredeealege‚</strong></span> <span class='ocrx_word' id='word_1_193' title='bbox 630 3112 702 3186; x_wconf 87' lang='lat' dir='ltr'><strong>sive</strong></span> <span class='ocrx_word' id='word_1_194' title='bbox 715 3113 759 3185; x_wconf 88' lang='lat' dir='ltr'><strong>de</strong></span> <span class='ocrx_word' id='word_1_195' title='bbox 772 3112 995 3187; x_wconf 87' lang='lat' dir='ltr'><strong>Valentiniani</strong></span> <span class='ocrx_word' id='word_1_196' title='bbox 1008 3112 1292 3214; x_wconf 78' lang='lat' dir='ltr'><strong>polygamiaum·</strong></span> 
     </span>
     <span class='ocr_line' id='line_1_25' title="bbox 172 3224 1291 3329; baseline 0 -28"><span class='ocrx_word' id='word_1_197' title='bbox 172 3255 273 3328; x_wconf 89' lang='lat' dir='ltr'><strong>quam</strong></span> <span class='ocrx_word' id='word_1_198' title='bbox 295 3228 429 3303; x_wconf 87' lang='lat' dir='ltr'><strong>iecisse.</strong></span> <span class='ocrx_word' id='word_1_199' title='bbox 451 3229 570 3328; x_wconf 89' lang='lat' dir='ltr'><strong>ltaque</strong></span> <span class='ocrx_word' id='word_1_200' title='bbox 587 3224 673 3301; x_wconf 90' lang='lat' dir='ltr'><strong>inter</strong></span> <span class='ocrx_word' id='word_1_201' title='bbox 687 3227 847 3326; x_wconf 80' lang='lat' dir='ltr'><strong>figmenta</strong></span> <span class='ocrx_word' id='word_1_202' title='bbox 859 3241 969 3302; x_wconf 85' lang='lat' dir='ltr'><strong>cetera</strong></span> <span class='ocrx_word' id='word_1_203' title='bbox 981 3227 1134 3302; x_wconf 87' lang='lat' dir='ltr'><strong>eiusdem</strong></span> <span class='ocrx_word' id='word_1_204' title='bbox 1147 3228 1291 3329; x_wconf 85' lang='lat' dir='ltr'><strong>scripto·</strong></span> 
     </span>
     <span class='ocr_line' id='line_1_26' title="bbox 174 3343 1292 3443; baseline 0 -27"><span class='ocrx_word' id='word_1_205' title='bbox 174 3344 221 3418; x_wconf 89' lang='lat' dir='ltr'><strong>ris</strong></span> <span class='ocrx_word' id='word_1_206' title='bbox 241 3358 275 3418; x_wconf 90' lang='lat' dir='ltr'><strong>et</strong></span> <span class='ocrx_word' id='word_1_207' title='bbox 294 3344 359 3419; x_wconf 89' lang='lat' dir='ltr'><strong>hoc</strong></span> <span class='ocrx_word' id='word_1_208' title='bbox 383 3344 596 3418; x_wconf 79' lang='lat' dir='ltr'><strong>referendum</strong></span> <span class='ocrx_word' id='word_1_209' title='bbox 621 3359 695 3433; x_wconf 87' lang='lat' dir='ltr'><strong>est,</strong></span> <span class='ocrx_word' id='word_1_210' title='bbox 722 3344 1063 3443; x_wconf 85' lang='lat' dir='ltr'><strong>constituendumque</strong></span> <span class='ocrx_word' id='word_1_211' title='bbox 1086 3343 1292 3416; x_wconf 85' lang='lat' dir='ltr'><strong>Valentinia-</strong></span> 
     </span>
     <span class='ocr_line' id='line_1_27' title="bbox 173 3452 1291 3560; baseline -0.003 -27"><span class='ocrx_word' id='word_1_212' title='bbox 173 3486 252 3533; x_wconf 91' lang='lat' dir='ltr'><strong>num</strong></span> <span class='ocrx_word' id='word_1_213' title='bbox 286 3475 364 3560; x_wconf 88' lang='lat' dir='ltr'><strong>post</strong></span> <span class='ocrx_word' id='word_1_214' title='bbox 394 3459 537 3533; x_wconf 83' lang='lat' dir='ltr'><strong>Severac</strong></span> <span class='ocrx_word' id='word_1_215' title='bbox 562 3457 689 3532; x_wconf 88' lang='lat' dir='ltr'><strong>obitum</strong></span> <span class='ocrx_word' id='word_1_216' title='bbox 715 3452 880 3531; x_wconf 90' lang='lat' dir='ltr'><strong>lustinam</strong></span> <span class='ocrx_word' id='word_1_217' title='bbox 908 3456 1049 3531; x_wconf 87' lang='lat' dir='ltr'><strong>duxisse</strong></span> <span class='ocrx_word' id='word_1_218' title='bbox 1072 3456 1291 3557; x_wconf 80' lang='lat' dir='ltr'><strong>legitimoque</strong></span> 
     </span>
     <span class='ocr_line' id='line_1_28' title="bbox 173 3570 1290 3676; baseline -0.006 -26"><span class='ocrx_word' id='word_1_219' title='bbox 173 3598 247 3650; x_wconf 87' lang='lat' dir='ltr'><strong>eam</strong></span> <span class='ocrx_word' id='word_1_220' title='bbox 272 3575 339 3650; x_wconf 89' lang='lat' dir='ltr'><strong>sibi</strong></span> <span class='ocrx_word' id='word_1_221' title='bbox 364 3575 544 3676; x_wconf 84' lang='lat' dir='ltr'><strong>copulasse</strong></span> <span class='ocrx_word' id='word_1_222' title='bbox 570 3572 746 3671; x_wconf 79' lang='lat' dir='ltr'><strong>coniugio,</strong></span> <span class='ocrx_word' id='word_1_223' title='bbox 767 3589 869 3675; x_wconf 88' lang='lat' dir='ltr'><strong>prout</strong></span> <span class='ocrx_word' id='word_1_224' title='bbox 892 3573 993 3647; x_wconf 64' lang='lat' dir='ltr'><strong>mmo</strong></span> <span class='ocrx_word' id='word_1_225' title='bbox 1017 3570 1206 3647; x_wconf 87' lang='lat' dir='ltr'><strong>concedunt</strong></span> <span class='ocrx_word' id='word_1_226' title='bbox 1223 3570 1290 3670; x_wconf 89' lang='lat' dir='ltr'><strong>ipsi</strong></span> 
     </span>
     <span class='ocr_line' id='line_1_29' title="bbox 173 3687 1069 3791; baseline -0.009 -24"><span class='ocrx_word' id='word_1_227' title='bbox 173 3705 394 3791; x_wconf 86' lang='lat' dir='ltr'><strong>protestantes</strong></span> <span class='ocrx_word' id='word_1_228' title='bbox 413 3690 566 3765; x_wconf 75' lang='lat' dir='ltr'><strong>veritatis</strong></span> <span class='ocrx_word' id='word_1_229' title='bbox 584 3687 753 3763; x_wconf 82' lang='lat' dir='ltr'><strong>evidentia</strong></span> <span class='ocrx_word' id='word_1_230' title='bbox 770 3688 937 3789; x_wconf 89' lang='lat' dir='ltr'><strong>compulsi</strong></span> <span class='ocrx_word' id='word_1_231' title='bbox 955 3689 1069 3784; x_wconf 72' lang='lat'><strong>(1⁵12).</strong></span> 
     </span>
    </p>
   </div>
   <div class='ocr_carea' id='block_1_3' title="bbox 171 3853 1363 4403">
    <p class='ocr_par' dir='ltr' id='par_1_3' title="bbox 244 3853 1290 3925">
     <span class='ocr_line' id='line_1_30' title="bbox 244 3853 1290 3925; baseline -0.005 -15"><span class='ocrx_word' id='word_1_232' title='bbox 244 3859 310 3923; x_wconf 83' lang='lat' dir='ltr'><strong>(tea)</strong></span> <span class='ocrx_word' id='word_1_233' title='bbox 325 3862 354 3911; x_wconf 91' lang='lat' dir='ltr'><strong>in</strong></span> <span class='ocrx_word' id='word_1_234' title='bbox 364 3860 518 3925; x_wconf 69' lang='lat' dir='ltr'><strong>mimine</strong></span> <span class='ocrx_word' id='word_1_235' title='bbox 528 3860 640 3913; x_wconf 82' lang='lat' dir='ltr'><strong>muttcrc</strong></span> <span class='ocrx_word' id='word_1_236' title='bbox 650 3861 877 3924; x_wconf 78' lang='lat' dir='ltr'><strong>reptterpsrcattsc</strong></span> <span class='ocrx_word' id='word_1_237' title='bbox 887 3853 1290 3908; x_wconf 66' lang='lat' dir='ltr'><strong>mianeccnttuntitdvalinrs.</strong></span> 
     </span>
    </p>

    <p class='ocr_par' dir='ltr' id='par_1_4' title="bbox 171 3938 1363 4403">
     <span class='ocr_line' id='line_1_31' title="bbox 244 3938 1363 4084; baseline -0.005 -14"><span class='ocrx_word' id='word_1_238' title='bbox 244 3939 312 4083; x_wconf 68' lang='lat' dir='ltr'><strong>llldl</strong></span> <span class='ocrx_word' id='word_1_239' title='bbox 325 3938 531 4071; x_wconf 59' lang='lat' dir='ltr'><strong>llltlulrl&#39;ldn.</strong></span> <span class='ocrx_word' id='word_1_240' title='bbox 541 4020 649 4084; x_wconf 74' lang='lat' dir='ltr'><strong>pontifex</strong></span> <span class='ocrx_word' id='word_1_241' title='bbox 659 4022 796 4082; x_wconf 65' lang='lat' dir='ltr'><strong>masur,</strong></span> <span class='ocrx_word' id='word_1_242' title='bbox 808 4017 925 4068; x_wconf 76' lang='lat' dir='ltr'><strong>vivebant</strong></span> <span class='ocrx_word' id='word_1_243' title='bbox 937 4015 1125 4079; x_wconf 67' lang='lat' dir='ltr'><strong>nemorosius,</strong></span> <span class='ocrx_word' id='word_1_244' title='bbox 1139 4028 1161 4067; x_wconf 84' lang='lat' dir='ltr'><strong>s.</strong></span> <span class='ocrx_word' id='word_1_245' title='bbox 1171 4016 1290 4078; x_wconf 76' lang='lat' dir='ltr'><strong>Hierony·</strong></span> <span class='ocrx_word' id='word_1_246' title='bbox 1360 4008 1363 4013; x_wconf 85' lang='lat'>&#39;</span> 
     </span>
     <span class='ocr_line' id='line_1_32' title="bbox 171 4093 1292 4164; baseline -0.005 -13"><span class='ocrx_word' id='word_1_247' title='bbox 171 4113 241 4160; x_wconf 81' lang='lat' dir='ltr'><strong>mos,</strong></span> <span class='ocrx_word' id='word_1_248' title='bbox 261 4099 352 4151; x_wconf 80' lang='lat' dir='ltr'><strong>deinde</strong></span> <span class='ocrx_word' id='word_1_249' title='bbox 365 4113 424 4151; x_wconf 79' lang='lat' dir='ltr'><strong>vere</strong></span> <span class='ocrx_word' id='word_1_250' title='bbox 437 4114 459 4151; x_wconf 89' lang='lat' dir='ltr'><strong>s.</strong></span> <span class='ocrx_word' id='word_1_251' title='bbox 469 4100 619 4164; x_wconf 75' lang='lat' dir='ltr'><strong>Augustinus</strong></span> <span class='ocrx_word' id='word_1_252' title='bbox 626 4136 634 4163; x_wconf 91' lang='lat'>‚</span> <span class='ocrx_word' id='word_1_253' title='bbox 645 4100 748 4151; x_wconf 81' lang='lat' dir='ltr'><strong>orosius</strong></span> <span class='ocrx_word' id='word_1_254' title='bbox 755 4136 764 4162; x_wconf 91' lang='lat'>,</span> <span class='ocrx_word' id='word_1_255' title='bbox 780 4098 873 4162; x_wconf 83' lang='lat' dir='ltr'><strong>nitique</strong></span> <span class='ocrx_word' id='word_1_256' title='bbox 884 4100 927 4161; x_wconf 84' lang='lat' dir='ltr'><strong>qni</strong></span> <span class='ocrx_word' id='word_1_257' title='bbox 939 4093 1032 4162; x_wconf 83' lang='lat' dir='ltr'><strong>passim</strong></span> <span class='ocrx_word' id='word_1_258' title='bbox 1047 4096 1100 4147; x_wconf 85' lang='lat' dir='ltr'><strong>sois</strong></span> <span class='ocrx_word' id='word_1_259' title='bbox 1114 4095 1141 4145; x_wconf 87' lang='lat' dir='ltr'><strong>in</strong></span> <span class='ocrx_word' id='word_1_260' title='bbox 1153 4094 1251 4160; x_wconf 82' lang='lat' dir='ltr'><strong>scriptis</strong></span> <span class='ocrx_word' id='word_1_261' title='bbox 1260 4093 1292 4145; x_wconf 81' lang='lat' dir='ltr'><strong>de</strong></span> 
     </span>
     <span class='ocr_line' id='line_1_33' title="bbox 172 4176 1293 4262; baseline -0.005 -31"><span class='ocrx_word' id='word_1_262' title='bbox 172 4179 311 4244; x_wconf 63' lang='lat' dir='ltr'><strong>polypmia</strong></span> <span class='ocrx_word' id='word_1_263' title='bbox 321 4181 438 4262; x_wconf 76' lang='lat' dir='ltr'><strong>egerunt,</strong></span> <span class='ocrx_word' id='word_1_264' title='bbox 449 4180 613 4245; x_wconf 81' lang='lat' dir='ltr'><strong>crpmdcntes</strong></span> <span class='ocrx_word' id='word_1_265' title='bbox 623 4179 766 4244; x_wconf 62' lang='lat' dir='ltr'><strong>praesrtim</strong></span> <span class='ocrx_word' id='word_1_266' title='bbox 777 4177 840 4229; x_wconf 86' lang='lat' dir='ltr'><strong>iliud</strong></span> <span class='ocrx_word' id='word_1_267' title='bbox 848 4177 959 4242; x_wconf 79' lang='lat' dir='ltr'><strong>Apostoli</strong></span> <span class='ocrx_word' id='word_1_268' title='bbox 972 4176 1062 4227; x_wconf 71' lang='lat' dir='ltr'><strong>iiim.</strong></span> <span class='ocrx_word' id='word_1_269' title='bbox 1072 4183 1095 4227; x_wconf 77' lang='lat' dir='ltr'><strong>a.</strong></span> <span class='ocrx_word' id='word_1_270' title='bbox 1107 4178 1190 4227; x_wconf 71' lang='lat' dir='ltr'><strong>Unica</strong></span> <span class='ocrx_word' id='word_1_271' title='bbox 1199 4176 1293 4226; x_wconf 67' lang='lat' dir='ltr'><strong>weris</strong></span> 
     </span>
     <span class='ocr_line' id='line_1_34' title="bbox 171 4263 807 4403; baseline -0.003 -12"><span class='ocrx_word' id='word_1_272' title='bbox 171 4263 670 4403; x_wconf 51' lang='lat' dir='ltr'><strong>mirumncmaenueeu.</strong></span> <span class='ocrx_word' id='word_1_273' title='bbox 803 4317 807 4325; x_wconf 87' lang='lat'>&#39;</span> 
     </span>
    </p>
   </div>
   <div class='ocr_carea' id='block_1_4' title="bbox 242 4410 1292 4529">
    <p class='ocr_par' dir='ltr' id='par_1_5' title="bbox 242 4410 1292 4529">
     <span class='ocr_line' id='line_1_35' title="bbox 242 4410 1292 4529; baseline -0.009 -57"><span class='ocrx_word' id='word_1_274' title='bbox 242 4419 309 4483; x_wconf 78' lang='lat' dir='ltr'><strong>(tit)</strong></span> <span class='ocrx_word' id='word_1_275' title='bbox 324 4422 387 4472; x_wconf 72' lang='lat' dir='ltr'><strong>Sane</strong></span> <span class='ocrx_word' id='word_1_276' title='bbox 405 4421 482 4473; x_wconf 77' lang='lat' dir='ltr'><strong>veluti</strong></span> <span class='ocrx_word' id='word_1_277' title='bbox 499 4419 613 4472; x_wconf 76' lang='lat' dir='ltr'><strong>laistim</strong></span> <span class='ocrx_word' id='word_1_278' title='bbox 627 4421 735 4472; x_wconf 83' lang='lat' dir='ltr'><strong>Socratis</strong></span> <span class='ocrx_word' id='word_1_279' title='bbox 748 4421 877 4472; x_wconf 81' lang='lat' dir='ltr'><strong>historiam</strong></span> <span class='ocrx_word' id='word_1_280' title='bbox 893 4420 977 4470; x_wconf 81' lang='lat' dir='ltr'><strong>reiecit</strong></span> <span class='ocrx_word' id='word_1_281' title='bbox 988 4421 1030 4469; x_wconf 84' lang='lat' dir='ltr'><strong>W.</strong></span> <span class='ocrx_word' id='word_1_282' title='bbox 1044 4418 1132 4470; x_wconf 73' lang='lat' dir='ltr'><strong>Loutia</strong></span> <span class='ocrx_word' id='word_1_283' title='bbox 1144 4417 1169 4467; x_wconf 86' lang='lat' dir='ltr'><strong>in</strong></span> <span class='ocrx_word' id='word_1_284' title='bbox 1183 4414 1249 4529; x_wconf 60' lang='lat' dir='ltr'><strong>aptis</strong></span> <span class='ocrx_word' id='word_1_285' title='bbox 1260 4410 1292 4464; x_wconf 86' lang='lat' dir='ltr'><strong>ad</strong></span> 
     </span>
    </p>
   </div>
   <div class='ocr_carea' id='block_1_5' title="bbox 0 0 1626 5084">
    <p class='ocr_par' dir='ltr' id='par_1_6' title="bbox 0 0 1626 5084">
     <span class='ocr_line' id='line_1_36' title="bbox 0 0 1626 5084; baseline 0 0"><span class='ocrx_word' id='word_1_286' title='bbox 0 0 1626 5084; x_wconf 95' lang='lat' dir='ltr'><strong> </strong></span> 
     </span>
    </p>
   </div>
  </div>
 </body>
</html>
