3234 5084
326 446 398 498 cnr.
414 444 452 496 n:
467 442 509 495 ss
526 442 640 496 rnnrss
657 442 754 495 uiro.
771 443 803 496 ιιι
822 439 1174 497 consuetissimo
1247 419 1316 491 183

698 599 735 698 3.
764 594 824 670 ill.

277 769 408 821 itxcutttur
417 780 504 818 eorum
516 768 651 826 sententia,
666 767 709 831 qui
723 766 870 818 alterutrum
880 766 997 819 Matthaei
1007 766 1104 818 textum
1112 765 1253 831 intelligunt

294 847 326 901 de
337 846 501 899 matrimoniis
514 847 673 910 iudaeorum,
686 847 725 897 vel
737 847 874 911 primorum
884 845 995 897 iideiium
1004 847 1048 911 qui
1058 859 1088 897 er
1101 845 1224 897 iudeismo

564 926 596 977 sd
608 927 700 977 christi
712 925 786 978 tidem
800 926 958 978 transierunt

276 1078 470 1153 leonardus
483 1077 562 1175 Hug
574 1095 611 1181 et
628 1077 746 1150 Franc.
763 1076 840 1150 Ant.
858 1078 955 1176 ltger
972 1077 1008 1150 in
1025 1103 1066 1152 eo
1084 1074 1184 1153 ambo
1201 1103 1322 1152 conre—

200 1195 315 1284 niunt,
337 1194 428 1294 quod
446 1192 628 1267 essentiale
644 1191 810 1266 habeatur
826 1192 1008 1268 discrimen
1022 1194 1057 1266 in
1071 1193 1204 1267 duobus
1222 1221 1323 1268 evan·

200 1309 319 1408 gelicis
340 1308 507 1411 capitibus
526 1306 629 1381 relate
646 1308 690 1381 ad
707 1308 910 1396 divortium3
932 1308 1091 1409 quodque
1108 1308 1193 1381 alter
1209 1324 1321 1382 textus

202 1424 420 1513 iudaeorum,
448 1422 532 1497 alter
555 1450 635 1498 vero
660 1422 811 1496 fidelium
838 1422 1051 1498 matrimonia
1077 1420 1259 1522 respiciat,
1281 1448 1322 1497 ao

200 1539 232 1613 si
247 1555 362 1641 aperte
375 1540 519 1614 invicem
533 1557 795 1638 opponerentur.
812 1539 986 1639 Siquidem
999 1538 1067 1639 ipsi
1081 1538 1184 1611 alium
1196 1553 1323 1611 textum

161 1722 162 1725 ,
199 1656 378 1754 assignant
402 1653 588 1743 fidelibus,
617 1655 723 1729 alium
748 1640 827 1730 vero
853 1654 1010 1744 iudaeis,
1039 1653 1140 1756 quasi
1165 1653 1322 1728 Christus

199 1769 296 1844 aliud
322 1769 531 1845 constituerit
553 1798 615 1871 pro
640 1770 797 1869 coniugio
824 1770 996 1860 fidelium,
1018 1769 1110 1843 aliud
1130 1785 1241 1844 autem
1261 1794 1323 1870 pro

198 1886 358 1983 coniugio
375 1885 584 1958 iudaeorum.
601 1884 653 1957 hd
672 1884 735 1960 hos
754 1884 896 1985 proinde
913 1884 1113 1993 refellendos
1131 1883 1215 1958 eatis
1232 1899 1324 1958 esset

198 2015 398 2100 argumenta
416 2000 584 2102 prolerre,
604 2000 730 2101 quibus
748 2000 987 2101 unusquisque
1009 1999 1206 2099 singillatim
1225 2026 1321 2073 suam

198 2115 346 2189 adstruit
370 2114 616 2213 expositionem
642 2117 912 2215 contrariamque
936 2130 1085 2188 evenere
1110 2114 1284 2189 adnititur.

272 2232 427 2305 Attamen
453 2230 576 2304 iuverit
600 2231 790 2331 expendere
814 2230 1033 2305 fundamenta
1057 2230 1235 2329 utriusque
1264 2229 1317 2302 in-

200 2345 462 2446 terpretationis.
484 2345 527 2419 Ut
551 2363 662 2419 autem
680 2343 724 2420 ab
741 2345 820 2443 Hug
838 2345 1072 2446 auspicemur,
1094 2345 1125 2419 is
1143 2344 1220 2420 ideo
1241 2370 1321 2419 cen-

197 2461 269 2536 suit
292 2460 408 2537 llatth.
429 2460 465 2533 V.
489 2463 547 2533 31.
571 2463 629 2534 32.
652 2461 824 2536 Christum
842 2461 885 2534 de
903 2461 975 2536 solo
996 2462 1070 2535 iure
1087 2460 1222 2536 ludaico
1247 2460 1320 2553 dis-f

200 2576 364 2664 seruisse,
382 2574 473 2675 quod
488 2575 647 2674 coniugia
661 2576 833 2677 superiore
846 2592 995 2677 tempore
1007 2576 1091 2650 inita
1100 2574 1315 2677 expenderit,

199 2691 424 2792 institeritque
441 2691 546 2766 llosis
564 2690 749 2780 formulae,
771 2719 873 2792 quam
892 2691 966 2792 ipse
992 2718 1052 2791 per
1076 2676 1203 2790 λόγον
1233 2711 1320 2789 πορ-

202 2793 304 2888 ιιίας
328 2834 463 2881 cossam
479 2808 707 2906 fornicationis
724 2809 889 2909 explicat,
911 2808 1049 2908 perinde
1067 2834 1106 2882 ac
1123 2809 1152 2882 si
1171 2807 1313 2882 dixerit:

197 2919 343 2995 divortia
366 2922 455 2995 inter
480 2928 541 2996 vos
566 2922 634 2995 iam
660 2923 753 2997 nullo
778 2922 846 2997 alio
871 2923 944 2996 iure
968 2940 1152 3022 reguntur,
1185 2923 1250 2996 nisi
1283 2939 1320 2996 ut

199 3037 253 3111 vir
276 3036 404 3135 scripto
434 3036 548 3110 oblata
579 3037 722 3113 formula
751 3065 888 3113 uxorem
919 3066 973 3114 res
1003 3065 1084 3113 suas
1110 3038 1236 3113 hahere
1266 3038 1319 3111 iu·

198 3152 277 3227 heat
292 3155 366 3249 (li)
383 3181 391 3240 ;
411 3178 473 3250 ego
492 3179 569 3227 vero
586 3154 682 3227 edico
699 3180 802 3228 unam
826 3171 952 3229 tantum
978 3155 1051 3229 dari
1077 3155 1209 3255 repudii
1238 3180 1327 3256 cau·⁸
1383 3223 1386 3229 s

198 3296 290 3357 sam,
311 3268 534 3355 adulterium,
564 3269 649 3343 citra
673 3297 777 3370 quam
798 3272 892 3347 irrita
910 3272 1053 3347 divortia
1077 3286 1189 3344 sunto.
1210 3269 1320 3369 Atque

198 3384 325 3459 idcirco
343 3382 516 3459 Christum
536 3382 605 3457 lere
622 3400 659 3457 ut
676 3385 791 3460 Mosen
809 3386 1021 3475 necessitati,
1046 3412 1149 3485 quam
1173 3383 1319 3457 anterior

200 3525 310 3572 rerum
336 3515 443 3573 status
468 3499 658 3587 invexerat,
688 3502 854 3590 cessisse,
884 3516 918 3575 ct
941 3518 1030 3601 quae
1054 3500 1145 3574 omni
1164 3513 1317 3597 exparte

198 3614 347 3689 recusari
373 3614 574 3715 nequibant,
603 3640 679 3688 cum
705 3630 967 3715 temperamento
983 3614 1184 3701 admisisse,
1212 3628 1246 3687 et
1270 3613 1318 3687 ita

198 3729 355 3828 coniugia
380 3729 555 3830 superiora
582 3728 626 3802 ad
651 3727 868 3829 disciplinam
900 3729 1033 3803 civitate
1056 3727 1244 3802 christiana
1265 3725 1319 3798 di-

272 3990 324 4053 (tt)
339 3990 436 4041 sttuuit
447 3990 502 4041 heio
511 3990 625 4042 eruditos
640 3992 726 4041 auctor
736 3989 769 4041 od
780 3991 903 4042 mucisom
920 3990 1051 4041 formulam
1067 3988 1162 4053 repudii
1174 4002 1237 4053 quse
1249 3988 1316 4053 apud

201 4084 315 4122 romanos
322 4070 462 4135 obtinehnt,
475 4085 562 4135 nempe
571 4076 664 4122 utetur
676 4071 749 4122 reiert
760 4072 865 4124 Pitiseus
875 4071 905 4122 ad
919 4085 1003 4122 vocem
1012 4070 1219 4135 divortium,qui
1228 4070 1318 4135 allegat

201 4150 260 4202 hses
271 4150 325 4201 call
338 4150 413 4201 verbs
424 4150 449 4215 §.
456 4154 543 4201 xxiv.
552 4161 575 4202 2.
585 4160 608 4202 2.
625 4162 645 4202 ι.
660 4172 672 4195 α
683 4153 712 4201 Ιιι
723 4151 846 4217 repudiis,
858 4151 884 4201 ld
896 4154 934 4201 est
945 4152 1145 4201 renusctottotsc
1157 4150 1318 4214 comprobata

198 4233 258 4283 sunt
275 4232 337 4283 haec
358 4231 448 4283 rerba:
465 4234 534 4283 litos
551 4245 593 4282 res
611 4232 659 4283 ttot
677 4231 796 4283 hebeto.»
806 4232 870 4283 ilinc
885 4230 1314 4295 ciceroPhtttpp.1t.n.sen§.ts.

197 4311 259 4361 stias
270 4319 309 4363 ss.
326 4331 338 4355 a
347 4312 482 4375 antonus,
494 4312 589 4375 inquit,
602 4311 665 4376 trogi
679 4312 759 4363 tantm
771 4314 821 4377 est,
838 4312 937 4364 mimum
953 4310 1021 4363 illam
1033 4324 1097 4363 suos
1108 4323 1150 4363 res
1160 4309 1212 4362 sttt
1222 4308 1319 4362 tuom

199 4388 271 4442 tesso
286 4405 316 4443 ex
335 4391 510 4445 Χ11.ίιΙιυΙίι;
527 4393 610 4444 clares
624 4391 733 4455 sdeurlt,
751 4391 857 4457 exepto
