3234 5084
678 458 817 513 ruurx.
1233 439 1301 510 ttt

183 584 262 659 dar.
291 582 334 655 ll.
367 580 417 655 De
445 578 651 680 quibusdam
676 576 858 676 exegeticis
876 575 1207 676 interpretationibus

401 710 549 771 uacuum
574 693 695 767 batth.
720 694 759 766 v.
788 709 824 766 et
843 693 919 764 xlx
924 747 1180 766 ................
1188 724 1205 764 t
1234 694 1304 766 tur

230 815 266 914 S.
296 815 323 885 l.
373 808 561 886 Nonnullae
588 810 778 908 exegeticus
804 834 921 884 eorum
939 824 1089 882 textuum
1110 811 1209 884 inter·

401 926 604 1027 pretationcs
629 924 790 999 historice
815 939 1028 1025 exponuntur
1038 981 1176 999 .........
1183 957 1201 997 n
1253 927 1301 1000 ib.
1327 1024 1332 1039 ,

230 1042 268 1143 5.
297 1044 341 1117 ll.
376 1040 548 1116 Sententia
572 1039 708 1115 illorum
727 1038 928 1139 expenditur
944 1038 1004 1139 qui
1019 1054 1139 1138 putant
1152 1065 1210 1113 ex·

400 1157 589 1258 ceptionem
617 1154 850 1231 fornicationis
881 1154 1003 1229 factam
1028 1182 1050 1229 a
1075 1154 1210 1231 Christo

402 1273 509 1347 luisse
526 1287 656 1346 mutum
672 1270 875 1345 adurentem
894 1269 980 1369 legis
998 1271 1204 1346 mosaicae.»
1234 1274 1303 1347 tet

232 1388 269 1487 S.
300 1386 361 1461 lll.
376 1387 551 1462 Excutitur
574 1411 691 1460 eorum
716 1384 899 1473 sententia,
930 1385 988 1486 qui
1013 1385 1208 1463 alterutrum

403 1499 561 1576 Matthaei
577 1516 702 1577 textum
717 1499 909 1597 intelligunt
925 1498 969 1572 de
986 1500 1209 1574 matrimoniis

305 1686 308 1691 .
404 1615 624 1704 iudaeorum,
643 1614 697 1690 vel
716 1616 901 1715 primorum
919 1613 1070 1689 fidelium
1089 1616 1208 1714 quiex

404 1731 573 1809 iudaismo
592 1731 636 1806 ad
658 1729 783 1805 Christi
808 1730 909 1803 fidem
931 1730 1206 1805 transierunt...»
1236 1728 1305 1804 183

235 1850 273 1950 5.
302 1846 355 1923 lv,
371 1847 580 1949 Expenditur
592 1845 724 1923 illorum
738 1845 899 1948 placitum
917 1848 975 1947 qui
993 1872 1108 1920 vocem
1121 1867 1209 1946 πορ-

406 1958 486 2036 νεία
510 1979 680 2065 exponunt
704 1963 748 2037 de
772 1962 994 2039 fornicatione
1009 1963 1062 2039 rel
1081 1964 1209 2061 flagitio

405 2092 483 2153 ante
507 2076 628 2152 initum
652 2079 902 2154 matrimonium
927 2095 1056 2180 patrato
1061 2137 1182 2152 ........
1189 2109 1207 2149 n
1237 2080 1306 2153 186

233 2195 271 2295 5.
299 2195 337 2268 v.
370 2192 541 2268 Sententia
565 2192 698 2267 illorum
723 2194 905 2283 excutitur,
934 2194 993 2295 qui
1021 2194 1211 2281 fornicatio

407 2309 461 2385 nis
484 2334 599 2385 vocem
626 2309 753 2383 nonde
777 2308 960 2399 adulterio,
981 2306 1045 2385 sed
1060 2310 1103 2385 de
1120 2326 1211 2387 statu

406 2426 587 2501 fornicario
611 2440 645 2501 et
669 2424 893 2499 concubinatu
916 2440 1087 2526 exponunt
1091 2485 1181 2500 ......
1189 2458 1206 2498 n
1234 2428 1301 2499 191

187 2543 266 2617 Aur.
296 2542 356 2616 lll.
373 2540 570 2639 Dogmatica
593 2538 766 2614 Ecclesiae
786 2540 1017 2642 interpretatio
1036 2541 1208 2615 doctrinae

405 2655 552 2731 biblicae
588 2655 631 2731 de
669 2654 965 2731 indissolubilitate
1006 2656 1207 2731 Matrimonii

404 2770 581 2845 christiani
601 2771 810 2868 argumentis
828 2771 1089 2846 hermeneuticis
1107 2770 1214 2845 scien·

298 2974 300 2979 ι
405 2886 494 2960 tilice
512 2887 762 2961 demonstratur
766 2934 1184 2962 ...........................
1193 2918 1210 2956 »
1240 2888 1334 2973 tot!

234 3002 271 3101 3.
300 3003 328 3076 l.
378 3001 667 3077 lndissoluhilitas
693 3004 898 3079 matrimonii
916 3003 1092 3079 christiani
1110 3003 1211 3087 etiam

407 3119 441 3191 iu
468 3144 573 3193 causa
602 3117 759 3193 adulterii
784 3145 826 3194 ex
857 3119 1044 3195 scientifica
1076 3119 1211 3217 exegesi

406 3248 555 3309 textuum
572 3232 691 3308 hlattb.
705 3233 744 3307 V.
760 3248 795 3310 et
811 3233 899 3307 XIX.
928 3233 1107 3309 deducitur
1112 3289 1184 3307 .....
1192 3264 1210 3301 s
1259 3233 1305 3306 ib.

235 3347 272 3446 5.
301 3348 346 3421 11.
378 3346 507 3425 Eadem
536 3348 767 3451 interpretatio
799 3365 949 3424 textuum
979 3349 1138 3423 Matthaei
1170 3348 1213 3421 de

405 3462 600 3539 omnimoda
630 3463 806 3543 christiani
831 3465 1034 3540 matrimonii
1065 3464 1213 3541 indisso-

407 3575 572 3653 labilitate
596 3605 637 3654 ex
661 3581 763 3657 Marci
781 3581 823 3653 X.
847 3596 881 3655 et
899 3581 977 3654 Luc.
1007 3580 1090 3683 xvl.
1113 3579 1215 3654 stabi-

406 3690 1022 3769 lttur
1030 3753 1184 3769 ..........
1193 3726 1210 3766 n
1239 3696 1307 3769 219

237 3805 273 3904 3.
305 3808 364 3883 tlt.
386 3805 513 3883 Eadem
538 3822 689 3882 textuum
714 3809 872 3886 Matthaei
902 3812 1133 3913 interpretatio
1170 3810 1221 3893 de,

407 3936 569 4025 perpetua
595 3924 742 4022 coniugii
768 3923 943 3999 christiani
969 3926 1214 4002 indissolubili·
1316 4022 1319 4027 .

408 4054 474 4114 tate
499 4065 540 4113 ex
564 4037 726 4141 Apostolo
742 4039 838 4117 Rom.
855 4041 925 4114 Vll.
941 4058 975 4118 et
991 4044 1019 4114 l.
1040 4042 1116 4125 Cor.
1137 4042 1208 4115 Vll.

408 4155 626 4235 confirmatur
634 4213 1183 4243 ..................................
1192 4190 1208 4230 n
1239 4160 1308 4232 228
