3234 5084
357 418 428 469 mn.
445 419 468 468 ι.
485 420 525 469 os
539 419 713 471 nonnosum
730 421 935 472 sisuinnai.
952 423 1023 472 nun.
1036 423 1071 472 ιι.
1224 404 1267 472 tt

127 534 269 623 milia,
302 533 362 607 ubi
388 536 446 608 uni
471 536 544 608 viro
568 535 682 635 plures
711 563 832 612 uxores
866 538 1067 636 iunguntur,
1095 564 1172 612 eum
1200 566 1266 613 non

161 650 266 748 possit
281 675 372 723 unns
388 650 441 723 vir
459 649 615 724 sufficere
631 651 674 723 ud
692 652 967 726 satisfaciendum
985 653 1139 752 pluribus
1156 658 1269 729 uxori-

159 760 222 835 bus
247 762 290 836 nd
314 779 448 851 votum,
468 779 502 837 et
518 763 598 864 quia
615 765 873 840 communicatio
891 765 1037 865 plurium
1056 767 1090 839 in
1107 794 1176 843 uno
1193 769 1267 843 offi-

159 876 211 950 oio
232 894 351 951 enusut
374 876 486 966 litem,
516 877 603 952 siout
628 878 722 977 figuti
746 881 955 957 oorrixnntur
978 883 1020 954 ad
1047 882 1208 972 inuicem,
1236 901 1270 959 et

159 991 315 1065 similiter
340 992 455 1091 piures
479 1020 602 1069 uxores
627 994 731 1085 unius
754 995 817 1068 viri
835 998 948 1092 (it).»
1079 1082 1082 1086 ¹

231 1104 321 1179 Illud
350 1106 456 1181 obiter
479 1109 613 1182 tandem
644 1109 764 1182 iuuerit
796 1110 1083 1198 animadvertere,
1120 1129 1269 1212 spectato

162 1221 264 1295 etiem
287 1221 361 1296 solo
386 1223 639 1309 neminemne,
661 1223 800 1297 difficile
824 1223 1004 1299 admodum
1029 1252 1122 1315 esse,
1151 1227 1270 1301 infide-

161 1335 235 1423 les,
262 1361 367 1434 penes
392 1362 478 1436 quos
503 1336 694 1437 polygumiu
713 1337 839 1436 viguit,
860 1353 920 1411 aut
936 1364 1040 1437 penes
1057 1367 1143 1439 quos
1161 1341 1270 1416 hante

163 1475 228 1523 nus
252 1449 395 1539 obtinet,
415 1476 436 1524 a
457 1467 593 1550 peoouto
617 1476 798 1539 excusare,
818 1479 916 1528 exeo
940 1454 1154 1551 potissimum
1179 1456 1270 1554 quod

164 1563 187 1634 ii
205 1590 271 1639 non
288 1564 422 1639 honesti
440 1563 584 1639 alieuius
609 1565 687 1640 finis
710 1566 818 1663 gratie
842 1566 935 1640 illum
960 1568 1189 1667 frequentent,
1210 1569 1271 1643 sed

162 1678 271 1753 solum
303 1678 456 1754 libidinis
486 1696 601 1769 aestu,
629 1707 698 1779 quo
722 1681 780 1769 fit,
808 1698 846 1755 ut
868 1682 1042 1757 brutorum
1068 1709 1160 1758 more
1183 1683 1271 1758 ultra
1350 1741 1354 1749 .

161 1818 265 1892 quem
290 1791 375 1866 ieret
398 1792 545 1867 hominis
571 1794 743 1869 rationulis
777 1795 926 1871 oonditio
950 1822 992 1871 ao
1013 1797 1184 1894 dignitus,
1213 1797 1271 1870 iiia

162 1931 200 1981 se
217 1906 408 2006 implicent,
428 1933 468 1981 ex
486 1934 553 2008 que
571 1908 746 1984 innumere
769 1936 856 2008 pene
880 1910 969 1983 melo
994 1912 1267 2010 proficiscuntur,

161 2021 353 2096 cuiusmodi
384 2039 463 2096 sunt
495 2023 648 2122 tyrannis
673 2023 708 2096 iu
734 2024 886 2112 familia,
915 2025 1059 2099 filiorum
1085 2026 1273 2101 inconsulte

164 2134 416 2235 multiplicatio,
446 2135 579 2211 iliorum
612 2137 803 2235 neglectus,
832 2137 1044 2238 interemptio
1077 2139 1268 2228 interdum,

162 2267 221 2324 unt
245 2249 364 2325 saltem
398 2250 533 2351 publiea
565 2252 729 2352 expositio
751 2252 787 2325 in
811 2253 877 2327 uiis
903 2279 942 2328 no
967 2254 1068 2343 ioris,
1096 2270 1133 2329 ιιι
1157 2271 1272 2330 notum

162 2381 214 2439 est
230 2391 270 2439 ex
289 2365 380 2440 indis
405 2382 505 2467 etque
530 2366 737 2455 sinensibus,
766 2392 871 2467 penes
896 2394 982 2468 quos
1008 2368 1151 2466 singulis
1173 2371 1271 2444 ennis

164 2477 418 2555 innumerabilis
436 2505 553 2555 reeens
570 2497 721 2557 natorum
740 2480 826 2580 perit
842 2481 1020 2557 multitudo
1036 2482 1177 2579 (iiiut
1190 2483 1273 2557 hneo

162 2591 206 2666 de
230 2592 305 2665 iure
329 2608 480 2668 naturae.

236 2796 288 2863 (it)
304 2801 332 2850 iu
344 2802 386 2851 iv.
398 2803 464 2853 sent
477 2801 503 2853 (i.
516 2809 555 2854 ιι.
566 2815 593 2867 q.
608 2809 629 2855 i.
641 2805 690 2854 nt.
700 2810 721 2854 i.
734 2803 762 2855 in
771 2816 839 2868 eorp.

235 2879 288 2942 (77)
303 2879 437 2930 Barbarum
456 2882 522 2932 buno
539 2895 632 2933 morem
654 2882 791 2947 exponendi
806 2883 833 2933 in
847 2883 908 2933 ioris
919 2895 948 2934 oo
958 2883 1006 2933 viis
1021 2883 1125 2949 publicis
1139 2883 1274 2938 iniunteu

164 2958 307 3023 memfibos
321 2960 399 3011 nimiu
414 2962 483 3026 prote
496 2962 591 3013 onustis
605 2962 732 3026 antiquum
746 2975 799 3014 eme
815 2976 887 3014 nenio
902 2965 940 3014 est
957 2962 1000 3027 qui
1017 2964 1118 3015 nesciet.
1127 2964 1204 3016 iiobis
1215 2967 1275 3017 sntb

164 3039 328 3092 biositueme
338 3041 492 3104 seugusibti
504 3041 591 3093 etiem
600 3055 630 3092 ex
641 3042 719 3106 Epist.
726 3042 964 3095 iitiviliedbieur.
975 3051 1030 3095 nti.
1040 3043 1131 3108 quibus
1138 3045 1165 3095 id
1172 3046 1275 3099 testetur
1347 3037 1350 3042 ’
1461 3030 1464 3036 ’

164 3119 274 3171 scribens
285 3119 444 3184 antiquando
461 3121 535 3172 etium
554 3135 618 3185 quos
638 3121 770 3172 crudeliter
786 3124 899 3186 parentes
920 3126 1086 3187 exposuerunt
1103 3124 1274 3176 nutriendose

163 3199 327 3263 quibuslibet,
344 3212 529 3263 nonnumquam
547 3215 563 3251 o
579 3200 656 3252 merie
673 3201 811 3265 uirginibus
830 3201 993 3266 colliguntur,
1012 3204 1038 3253 et
1053 3202 1127 3253 abeis
1138 3202 1275 3254 oiieruntur

162 3278 195 3329 ui
212 3278 522 3343 baptismumssnterdnm
538 3281 577 3331 vei
595 3280 662 3344 inem
677 3282 768 3332 matres
785 3281 831 3331 bue
849 3280 880 3331 tie
894 3294 969 3332 eume
981 3282 1085 3332 inientes
1102 3295 1160 3332 snos
1176 3294 1275 3334 neeesse

161 3358 234 3409 testis
244 3359 283 3409 est
290 3371 312 3409 e.
322 3360 381 3410 otto
390 3371 579 3423 pomeranomm
591 3359 717 3424 apostolus
726 3359 763 3410 sio
772 3359 887 3410 mulieres
896 3359 1030 3411 nlloeutns:
1039 3361 1085 3410 «iit
1092 3362 1176 3423 purum
1190 3360 1273 3411 ioemi·

162 3448 236 3500 neos,
247 3434 542 3500 quieuos,omniieres‚
560 3450 648 3489 uetere
664 3437 841 3501 momentum
861 3437 926 3501 quod
948 3441 1067 3502 quantum
1086 3439 1275 3490 abominationis

163 3513 265 3576 nnbat,
274 3514 379 3580 exprimi
393 3526 507 3566 mmono
520 3528 571 3566 nou
586 3514 885 3580 potest...8iveiqitursit
894 3517 1020 3568 numenius
1027 3517 1209 3582 siueioeminu,
1219 3517 1275 3569 (liii-

163 3592 364 3657 menenio
379 3595 464 3658 portus
480 3595 587 3647 uestros:
601 3593 648 3647 Dei
662 3594 776 3646 enimest
788 3596 916 3647 ιιιιιιιιιιιι
930 3596 1274 3662 pnoeue,ettoemimn.»

163 3670 237 3735 Apud
248 3671 360 3724 Boiioud.
369 3672 445 3724 mens.
458 3672 504 3723 inl.
517 3673 578 3724 tom.
590 3674 610 3723 1.
622 3671 647 3722 iu
661 3672 713 3722 viu
724 3687 744 3724 s.
753 3675 850 3726 ottonis
861 3686 915 3740 etp.
927 3678 958 3727 ii.
970 3689 994 3727 n.
1005 3680 1046 3727 77.
1055 3689 1110 3739 pag.
1122 3679 1175 3727 ³97.
