3234 5084
335 417 1171 477 murmnrsrnsurmn.cu.rrtnrss.mra.anr.n.
1243 402 1312 475 3Ὶὸ

202 537 499 615 dissolubilitatem
524 538 727 615 matrimonii
747 540 783 611 in
802 522 886 615 nasu
910 538 1078 633 adulterii.
1099 539 1198 617 Haud
1215 544 1313 642 pauci

203 656 238 727 in
267 653 353 728 falsa
381 652 564 754 hypothesi
589 652 632 726 de
655 654 793 729 veritate
822 654 1075 731 Paenitentialis
1105 655 1315 731 theodoriani

200 785 419 846 autumarunt
435 767 484 841 nil
500 769 624 843 mirum
640 795 732 858 esse,
752 771 783 842 si
802 770 875 871 ipse
890 769 1148 846 dissolutionem
1165 771 1315 868 aeniugii

203 884 444 959 interveniente
471 882 636 961 adulterio
668 885 839 973 statuerit,
872 900 987 986 utpote
1017 884 1118 961 homo
1146 911 1313 983 gmeeus,

201 999 332 1100 quique
349 998 386 1071 in
401 996 580 1073 ecclesiam
598 996 920 1095 Angla-Saxonicum
944 998 1317 1100 graecorum-discipli-

203 1139 296 1201 nam
315 1112 353 1186 in
370 1139 439 1213 qua
454 1113 619 1189 enutritus
636 1128 724 1201 erat,
745 1113 912 1189 detulerit.
933 1113 995 1189 Ast
1017 1141 1210 1216 perperam
1238 1141 1317 1193 nam

206 1254 391 1329 numquam
415 1228 489 1329 ipse
512 1227 680 1304 eiusmodi
705 1230 908 1305 sententiam
932 1229 1106 1332 professus
1123 1244 1193 1317 est,
1214 1230 1319 1305 multo

204 1368 284 1417 vere
308 1342 421 1416 minus
444 1342 554 1444 ipsam
578 1343 757 1443 proposuit
780 1344 944 1421 eeclesiae
964 1343 1138 1445 anglicam
1165 1343 1319 1445 quinimo

204 1457 406 1533 contrariam
432 1482 571 1558 prorsus
592 1458 714 1531 tenuit·
727 1458 925 1560 statuitque.

276 1572 364 1647 Sane
388 1597 451 1647 nos
475 1572 512 1644 in
536 1572 745 1675 paragrapho
770 1574 984 1674 praesedenti
1003 1573 1247 1677 descripsimus
1263 1598 1320 1655 tte·

204 1687 314 1787 pith.
327 1687 546 1773 constitutum
565 1688 600 1763 iu
616 1686 761 1762 coneilio
772 1687 1058 1778 herudfordiensi,
1071 1687 1162 1790 quod
1174 1689 1320 1790 primm

205 1800 269 1875 fuit
285 1801 320 1872 in
334 1800 456 1898 Anglia
472 1801 538 1875 suh
558 1800 731 1877 Theodoro
754 1803 982 1879 cantuariensi
1006 1819 1177 1892 rosetum,
1194 1804 1321 1904 auique

204 1915 279 2016 ipse
299 1915 456 2014 praefuit.
478 1916 549 1991 lom
563 1940 644 1991 uero
661 1916 695 1990 in
714 1916 779 1992 hae
796 1917 928 2019 synodo
944 1942 1104 2018 expresse
1127 1916 1321 2001 omnimodo

204 2028 488 2105 indissolubiliter
504 2031 636 2109 sancita
653 2050 706 2107 est
721 2034 824 2109 etiam
844 2034 881 2106 in
901 2056 983 2109 essu
1006 2033 1161 2111 adulterii
1179 2033 1244 2109 suh
1262 2032 1322 2109 oh-

201 2147 381 2222 testatione
401 2146 623 2246 professionis
648 2148 868 2227 christianae.
885 2150 978 2224 Idem
996 2150 1190 2225 Theodorus
1207 2163 1323 2224 auctor

204 2264 269 2337 fuit
298 2263 469 2365 episeopis
499 2265 711 2363 oongregatis
734 2281 773 2341 ut
796 2265 913 2341 desem
937 2264 1086 2367 capitula
1110 2280 1323 2349 extranta'en

204 2376 292 2452 lihro
316 2398 482 2453 canonum
504 2378 695 2480 probarent.
718 2379 977 2479 «Interrogavi,
998 2380 1110 2480 inquit
1125 2379 1321 2455 Theodorus

206 2493 242 2567 in
265 2492 426 2581 eonoilio,
454 2519 730 2596 unumquemque
751 2512 868 2570 eorum
887 2496 1172 2596 (episeoporum)
1193 2520 1253 2595 per
1268 2520 1324 2571 or-

203 2607 339 2696 dinem,
359 2608 391 2685 si
408 2609 654 2694 consentirent,
674 2635 714 2682 ea
737 2634 820 2709 qaae
845 2609 1041 2708 apntrihar
1070 2611 1222 2685 aaronica
1246 2622 1324 2684 rae

203 2726 387 2823 antiquitus
404 2722 546 2807 decreto,
563 2724 722 2798 custodire
734 2725 973 2822 (thihellrgo
982 2723 1176 2801 Theodorus
1189 2723 1233 2805 ad
1245 2742 1323 2799 nor·

207 2862 298 2910 mam
322 2838 537 2938 antiquorum
562 2865 729 2914 oanonum
754 2839 935 2941 perfectam
963 2839 1111 2937 coniugii
1140 2836 1325 2923 indissolu-

206 2948 372 3023 hilitstem
398 2953 559 3040 sanoirit,
591 2980 631 3029 ao
655 2953 796 3055 proinde
820 2954 943 3031 falsam
967 2969 1021 3031 est
1043 2954 1159 3054 ipsum
1175 2972 1237 3055 pro
1257 2953 1326 3031 dis·

206 3065 377 3141 solutione
401 3068 534 3142 stetisse
549 3069 586 3141 in
601 3094 708 3144 eausa
727 3069 905 3156 adulterii,
925 3086 1024 3170 prout
1039 3069 1076 3143 in
1093 3068 1207 3147 allatis
1221 3068 1325 3171 paulo

205 3196 286 3257 ante
310 3180 496 3255 canonibus
521 3182 586 3256 suh
610 3184 684 3257 eius
711 3187 846 3260 nomine
868 3183 1019 3284 uolgatis>
1037 3183 1235 3263 adstruitur.
1264 3202 1268 3213 ’

279 3293 347 3369 Sed
371 3293 494 3370 falsum
518 3314 690 3396 praeterea
706 3314 779 3387 est,
799 3298 1012 3375 Theodorum
1031 3314 1146 3398 utpote
1167 3323 1324 3395 mum

208 3409 367 3484 intulisse
390 3410 427 3483 in
450 3409 628 3485 eeclesiam
656 3413 968 3512 anglo-saxonicam
991 3412 1156 3489 eoolesiae
1185 3439 1326 3513 graesae

208 3523 425 3626 disciplinam
449 3544 511 3600 seu
535 3526 648 3628 potius
673 3528 906 3631 corruptelam.
922 3528 1065 3604 ‘Etenim
1090 3540 1324 3628 praeterquam

207 3640 300 3739 quod
325 3639 521 3715 Theodorus
545 3657 725 3743 anteqrmm
743 3643 787 3717 ad
804 3644 1033 3747 episcopatum
1051 3640 1249 3719 eveheretur
1265 3654 1343 3740 per

206 3754 339 3856 ahquot
350 3780 458 3830 annos
471 3756 596 3831 Romae
608 3773 832 3833 eommoratus
845 3773 934 3847 erat,
949 3756 1103 3858 adeoque
1114 3770 1326 3856 perspeotom

208 3869 336 3969 optime
366 3869 506 3946 haberat
532 3869 695 3948 ecelesiae
719 3898 877 3951 romaum
899 3871 1086 3949 doetrinam
1110 3868 1153 3945 de
1177 3868 1327 3947 innisae

204 3980 375 4059 lubilitnte
397 3985 553 4062 absoluta
576 3986 726 4087 ooningii
750 3973 853 4065 mam
870 3987 906 4062 in
922 4013 1007 4065 essu
1029 3985 1187 4063 adulterii
1212 3982 1326 4087 quoad

208 4096 399 4189 vinculum,
420 4127 579 4179 romanus
602 4102 752 4204 pontifex
774 4121 955 4206 antequam
971 4102 1183 4180 Theodorum
1207 4099 1252 4178 ad
1273 4124 1327 4176 ra·

281 4282 1323 4414 pqr)serenantemsuetonium.sensumsensurn

210 4375 266 4427 pag.
295 4369 334 4414 r.
