3234 5084
316 399 384 470 260
458 417 526 487 nn.
539 417 586 469 ιιι.
605 418 692 473 secr.
709 418 841 475 servm.
858 419 898 469 nr
915 418 1027 470 moves.
1045 418 1141 471 nera.
1158 418 1282 476 aaaron

315 576 330 609 μ
375 538 447 610 lam
464 563 545 611 vero
562 535 683 637 prolixi
703 537 804 612 totius
819 552 929 612 textus
947 537 1079 639 analysi
1096 536 1250 635 diligenti
1265 537 1433 627 instituta,

314 653 442 755 patebit
468 653 708 727 Tertullianum
733 681 800 729 non
827 653 896 727 alia
922 654 1051 729 ratione
1073 681 1274 755 componere
1291 655 1377 729 inter
1393 681 1433 730 se

314 772 465 870 Moysem
483 786 516 843 et
533 770 705 843 Christum
723 786 761 843 ut
783 771 947 845 obiectam
968 798 988 844 a
1010 771 1178 845 Marcione
1203 770 1435 845 contradictio·

314 912 390 959 nem
409 886 481 959 sive
498 886 744 986 oppositionem
770 886 967 974 amoliatur,
987 913 1089 986 quam
1111 885 1318 960 adstruendo
1336 884 1434 959 Chri·

314 1016 403 1074 stum
432 1025 498 1073 non
520 1001 656 1075 omnino
682 1001 898 1101 prohibuisse
923 1001 1126 1087 divortium,
1150 1001 1211 1076 sed
1237 1001 1329 1074 istud
1359 1027 1435 1076 con*

313 1116 433 1190 cedere
456 1117 491 1188 in
510 1143 592 1190 casu
610 1116 787 1206 adulterii,
808 1118 891 1219 quin
910 1133 1020 1190 tamen
1040 1138 1200 1217 umquam
1216 1117 1269 1190 vel
1287 1117 1436 1191 insinuet

316 1231 453 1333 quidem
479 1258 518 1305 ex
545 1231 679 1305 Christo
703 1231 846 1304 liberum
871 1257 948 1305 esse
973 1232 1058 1332 parti
1081 1231 1250 1305 innocenti
1277 1247 1354 1332 post
1382 1230 1435 1304 di-

315 1348 510 1421 missionem
530 1346 718 1434 adulterae,
742 1347 844 1420 aliam
862 1347 985 1422 ducere
1001 1373 1152 1421 uxorem.
1176 1348 1247 1421 lmo
1264 1346 1300 1419 id
1319 1361 1434 1446 aperte

315 1479 415 1560 negat
448 1461 598 1560 legitime
624 1462 696 1536 lieri
724 1488 854 1562 posse;
890 1463 924 1535 in
950 1462 1015 1537 hoc
1042 1479 1155 1536 mmen
1181 1478 1270 1536 totus
1294 1462 1434 1536 vertitur

315 1578 563 1651 controversiae
588 1594 721 1651 nostrae
745 1577 859 1650 cardo.

388 1692 476 1765 Sane
493 1717 534 1764 ex
552 1709 707 1765 accurata
723 1691 901 1766 verborum
919 1692 1114 1766 Tertulliani
1139 1691 1349 1791 inspectione
1370 1690 1433 1763 ha-

315 1809 435 1881 hemus
453 1808 565 1907 ipsum
588 1808 746 1882 docuisse
768 1812 803 1880 1.
826 1810 975 1909 lloysem
993 1808 1036 1882 ob
1052 1802 1213 1883 duritiam
1239 1806 1352 1882 cordis
1378 1807 1438 1880 he-

308 1920 493 1998 braeorum
518 1922 701 1998 indulsisse
719 1922 871 1996 libellum
890 1924 1043 2024 repudii;
1072 1927 1106 1996 2.
1128 1923 1298 1998 Christum
1321 1922 1435 2023 aliquo

316 2067 393 2114 oum
418 2056 679 2138 temperamento
704 2064 764 2113 seu
789 2039 945 2138 prudenti
978 2040 1172 2115 oeconomia
1196 2067 1235 2115 se
1263 2039 1432 2137 gessisse,

315 2156 396 2228 dum
424 2182 466 2227 ex
492 2179 560 2226 una
584 2172 677 2252 parte
701 2154 854 2252 permisit
878 2154 1057 2229 divortium
1075 2155 1171 2243 fieri,
1191 2181 1312 2254 nempe
1329 2154 1435 2227 inter·

315 2269 470 2342 veniente
493 2266 676 2354 adulterio,
705 2294 745 2342 ex
770 2267 876 2343 altera
899 2295 979 2344 vero
1003 2270 1137 2367 negavit
1168 2296 1270 2370 posse
1293 2267 1434 2343 alteram

315 2381 415 2470 duoi;
447 2385 480 2455 3.
503 2383 567 2456 hoc
591 2407 671 2455 vero
698 2383 839 2482 probare
866 2400 936 2457 tum
957 2410 998 2459 ex
1019 2411 1059 2458 eo
1085 2384 1176 2484 quod
1201 2384 1357 2458 Christus
1382 2410 1436 2458 re·

198 2581 201 2585 ,
315 2499 482 2573 vocaverit
507 2498 755 2572 matrimonium
781 2499 824 2571 ad
848 2498 1098 2598 primordialem
1125 2526 1222 2573 suam
1249 2500 1434 2573 institutio·

315 2641 414 2703 nem,
443 2614 570 2688 seilicet
594 2614 637 2688 ad
663 2615 843 2715 perlectam
862 2632 1124 2716 perpetuamque
1142 2614 1432 2701 individuitatem,

271 2796 289 2817 „
316 2746 386 2802 tum
412 2757 453 2803 ex
479 2755 519 2803 eo
550 2730 641 2829 quod
674 2729 762 2804 idem
796 2730 953 2803 Christus
986 2730 1139 2805 ahsolute
1164 2730 1437 2832 pronunciaverit

318 2844 415 2918 illum
442 2845 512 2918 lore
538 2845 735 2932 moechum,
762 2845 821 2943 qui
842 2844 1250 2948 dimissumquaeumque
1274 2872 1435 2920 excausa

319 2959 463 3032 duxerit.
484 2961 534 3030 Ex
559 2985 626 3058 quo
646 2961 679 3031 l.
701 2958 870 3033 concludit
893 2962 1013 3059 iugiter
1030 2962 1279 3035 matrimonium
1302 2988 1435 3062 perma-

321 3099 421 3161 nere,
443 3073 583 3173 perinde
600 3100 640 3149 ao
657 3074 687 3146 si
706 3074 828 3147 mulier
845 3075 945 3149 luerit
969 3075 1166 3163 indimissa,
1191 3076 1343 3177 illudque
1365 3078 1435 3149 itti·

316 3192 380 3262 cite
404 3215 465 3290 pro
490 3190 659 3288 illepitime
685 3191 870 3279 sumsisse,
899 3208 936 3265 ut
960 3191 1215 3293 phrasaeologia
1245 3211 1324 3267 tuno
1351 3209 1435 3266 tem·

315 3306 408 3407 poris
435 3322 569 3405 recepta
594 3305 781 3394 obtinebat;
810 3311 844 3379 li.
866 3307 1019 3408 adeoque
1043 3308 1282 3383 Tertullianum
1311 3307 1433 3382 hocin

320 3419 393 3494 loco
419 3420 485 3495 sibi
512 3446 649 3520 prorsus
675 3437 885 3496 constantem
909 3449 986 3497 esse
1010 3440 1119 3525 patet,
1147 3423 1228 3496 dum
1254 3450 1321 3497 non
1341 3421 1434 3496 eliud

319 3536 363 3608 ab
387 3562 427 3609 eo
452 3537 544 3637 quod
565 3537 599 3608 in
620 3536 706 3610 libro
730 3537 773 3610 de
799 3539 1010 3635 Monogamia
1034 3554 1212 3624 statuerat,
1240 3537 1357 3625 docet,
1381 3538 1434 3609 ni·

318 3652 442 3724 mirum
471 3652 506 3723 in
533 3678 637 3725 causa
663 3652 816 3726 adulterii
841 3653 925 3727 solvi
947 3654 1084 3755 quidem
1108 3655 1299 3752 coniugium
1322 3653 1434 3753 quoad

317 3781 426 3840 torum
459 3767 676 3866 victumque,
709 3767 802 3842 nulla
831 3795 911 3844 vero
941 3770 1070 3844 ratione
1095 3770 1207 3870 quoad
1236 3768 1431 3856 vinculum,

317 3881 408 3981 quod
433 3885 535 3956 etiam
560 3882 624 3956 hoc
649 3883 685 3957 in
710 3910 793 3960 casu
819 3902 1010 3985 perseverat
1026 3887 1115 3982 (to).

390 4078 440 4138 (to)
457 4081 536 4141 Atque
550 4078 590 4128 hic
603 4079 746 4143 castiganda
756 4082 794 4131 est
803 4083 927 4132 emeritae
938 4081 1011 4132 simul
1020 4086 1045 4133 et
1055 4082 1152 4133 inscitia
1163 4082 1245 4135 caruli
1256 4082 1326 4133 calvi
1343 4082 1433 4147 proles·

317 4156 381 4206 soris
394 4158 489 4208 emeriti
500 4159 526 4208 in
537 4158 662 4209 academia
672 4159 786 4210 ticinensi
797 4161 985 4225 propugnatoris
996 4161 1174 4226 divortiorum,
1187 4162 1248 4213 dum
1258 4162 1283 4212 in
1294 4175 1335 4225 op.
1348 4164 1433 4213 litcer·

316 4234 363 4284 che
373 4235 419 4286 tol
428 4235 604 4299 divorziosru
615 4238 848 4289 christtnntd'aun
864 4240 1047 4292 messoribus
1057 4255 1106 4292 non
1118 4241 1251 4292 dubitavit:
1265 4240 1433 4291 uche'rertnl·

316 4311 383 4362 lieno
400 4312 427 4363 in
441 4319 528 4377 questa
540 4316 725 4368 testimonianze
736 4317 797 4381 (lib.
811 4319 854 4367 lv.
867 4319 956 4368 contr.
966 4321 1049 4370 Mure.
1059 4333 1082 4370 c.
1092 4324 1131 4370 st.
1141 4322 1150 4383 )
1161 4322 1276 4371 amnem
1290 4315 1433 4370 l’ndnlterlo

319 4404 388 4442 come
400 4391 424 4442 la
436 4393 488 4443 sols
499 4393 529 4444 ed
543 4396 616 4445 unica
628 4396 754 4447 ascesione
766 4396 831 4446 delle
842 4396 908 4459 leuge
921 4396 1027 4448 violente
1038 4399 1055 4448 il
1068 4398 1190 4460 diversio,
1203 4412 1252 4449 non
1264 4398 1278 4448 ὲ
1289 4398 1404 4460 possibile
1415 4397 1432 4447 ii
