3234 5084
312 469 379 541 370
454 488 515 539 un.
537 487 585 539 m.
606 482 713 538 suerro
729 484 859 537 mrum.
872 486 913 537 m
931 485 1043 538 mores.
1059 484 1155 538 mre.
1170 483 1298 538 uerter.

310 607 439 682 detecto
464 620 574 680 autem
598 605 738 678 erimine
762 605 929 692 incestus,
957 603 1108 705 adeoque
1130 618 1303 703 comperta
1326 604 1425 678 nulli-

311 738 378 798 tate
396 721 562 819 coniugii,
578 720 672 820 ipsas
685 720 785 793 etiam
804 721 908 794 teneri
921 720 1012 794 viros
1026 745 1046 793 a
1059 744 1097 793 se
1110 745 1284 820 perperam
1302 736 1425 820 nuptos

312 838 486 924 deserere;
507 837 542 909 hi
561 852 672 909 entem
685 851 799 936 utpote
817 835 914 910 liberi
930 849 1084 937 potemnt
1101 834 1187 908 alias
1203 835 1328 909 ducere
1343 860 1425 910 uxo-

312 980 378 1027 res.
406 952 496 1026 Talis
521 967 573 1025 est
597 950 696 1023 istius
713 951 863 1024 -canonis
888 975 1030 1035 sensus3
1059 975 1159 1048 porro
1183 950 1212 1023 si
1238 975 1294 1023 ree
1318 949 1364 1022 ita
1388 976 1427 1023 se

313 1068 434 1152 habet,
462 1081 553 1165 patet
580 1065 772 1138 nullatenus
803 1062 983 1137 concilium
1014 1063 1104 1137 istud
1130 1064 1202 1136 sive
1226 1079 1424 1137 eonvenurm

315 1197 490 1282 praesente
507 1207 633 1254 canone
651 1180 841 1253 decrevisse
857 1178 1049 1276 eoniugium
1072 1196 1209 1278 propter
1226 1177 1426 1252 adulterium

314 1297 426 1396 quoad
450 1294 622 1369 uinculum
647 1294 771 1365 dirimi.

388 1415 422 1485 i.
451 1410 534 1484 Can.
553 1411 621 1482 XV.
642 1408 790 1483 declarat
809 1407 937 1481 nullum
956 1408 1223 1495 matrimonium,
1243 1407 1335 1507 quod
1351 1432 1427 1480 oum

315 1527 408 1601 alfini
429 1528 463 1598 in
484 1526 592 1628 primo
616 1523 723 1624 gradu
749 1538 955 1598 contractum
976 1520 1076 1595 inierit
1092 1520 1137 1595 ob
1154 1522 1428 1622 impedimentum

315 1643 496 1730 dirimens,
520 1642 552 1713 in
575 1665 644 1740 quo
669 1639 754 1712 nihil
778 1640 856 1712 nori
884 1639 1056 1736 ingeritur.
1077 1636 1164 1710 lllud
1189 1638 1303 1737 potius
1328 1663 1431 1738 peen-

317 1757 400 1830 liare
417 1771 487 1843 est,
508 1754 599 1855 quod
616 1770 768 1828 auctores
788 1754 1002 1826 incestuosae
1026 1752 1270 1825 eoniunetionis
1295 1751 1430 1824 inhahi-

317 1872 366 1946 les
392 1873 427 1943 in
452 1881 649 1970 perpetuum
674 1865 791 1940 reddat
815 1864 858 1938 ad
884 1864 1069 1939 ineundum
1094 1864 1303 1962 onniuginm.

390 1988 425 2057 8.
453 1984 595 2056 Domum
619 2006 696 2055 ean.
715 1980 815 2064 xvi,
831 1995 870 2052 ut
893 1993 1001 2082 patet,
1023 1979 1066 2053 ad
1091 2003 1161 2052 rem
1186 1994 1335 2053 nostram
1361 2004 1428 2054 nen

319 2100 474 2201 pertinet.
483 2096 640 2171 Nonnulli
650 2095 844 2169 existimant
857 2094 892 2167 in
904 2121 945 2170 eo
957 2118 1144 2169 sermenem
1158 2119 1235 2168 esse
1243 2094 1287 2167 de
1299 2092 1428 2181 morbo,

319 2214 409 2288 unde
434 2215 627 2316 impotentia
653 2230 814 2314 perpetua
838 2213 987 2312 exurgit3
1010 2215 1045 2287 iu
1066 2213 1131 2289 han
1154 2214 1334 2316 hypothesi
1352 2240 1431 2289 oon·

320 2329 434 2403 uilium
457 2328 694 2428 compediense
711 2326 861 2402 decernit
878 2354 945 2403 non
961 2354 1038 2403 esse
1054 2354 1150 2402 veros
1171 2329 1350 2427 coniuges,
1372 2328 1431 2428 qui

321 2446 371 2519 sie
395 2444 563 2520 onniuneti
589 2460 684 2532 sunt,
714 2459 817 2544 atque
840 2443 966 2518 ideireo
990 2443 1115 2518 liberos
1138 2471 1217 2518 esse
1233 2446 1348 2542 (253).

393 2560 542 2635 Nuneed
555 2559 918 2660 plenioremdieterum
931 2558 1215 2634 confirmationem
1228 2558 1432 2634 eirealnuius

320 2677 452 2752 concilii
479 2692 622 2750 mentem
642 2676 676 2750 in
694 2675 836 2750 obiectis
855 2674 1042 2749 canonibus
1067 2674 1245 2750 adiieimus
1270 2675 1434 2749 omnimo-

321 2793 399 2867 dam
423 2791 610 2890 coniugalis
635 2789 761 2865 vinculi
786 2789 977 2864 finnitatem
1002 2789 1046 2863 ab
1069 2816 1110 2864 eo
1127 2774 1297 2864 ¹sancitam
1323 2789 1434 2890 potins

323 2906 429 2979 inisse
452 2930 528 2979 ean.
550 2906 667 2977 xviii.
684 2907 743 3005 qui
763 2905 810 2979 ita
830 2904 971 3003 legitur:
992 2906 1060 2978 «Si
1078 2906 1138 3006 qui
1157 2921 1293 3005 prepter
1308 2903 1435 3004 faidam

326 3023 475 3118 (nempe
506 3018 716 3093 inimicitiam
745 3036 804 3094 aut
832 3019 1002 3095 uindictae
1030 3020 1212 3115 timorem)
1245 3019 1375 3117 lugiunt
1399 3017 1435 3090 in

323 3134 424 3208 aliam
450 3135 592 3236 patriam
617 3150 651 3209 et
674 3134 847 3209 dimittunt
864 3161 985 3211 uxores
1005 3163 1106 3225 suas,
1126 3162 1188 3210 nee
1206 3133 1255 3207 illi
1273 3134 1353 3223 uiri,
1373 3159 1435 3207 nec

326 3250 404 3324 illae
431 3251 596 3326 foeminae
620 3251 787 3352 accipiant
812 3252 1044 3350 coniugium.»
1056 3252 1098 3326 llt
1115 3251 1199 3326 haee
1215 3250 1258 3325 de
1274 3251 1340 3325 hoo
1356 3274 1436 3323 eon-

324 3366 415 3441 cilio.
1329 3390 1332 3395 ’

396 3483 506 3580 Longe
531 3483 639 3580 magis
666 3481 836 3581 implicata
861 3498 912 3558 est
937 3484 1090 3582 quaestio
1115 3499 1186 3558 orta
1208 3508 1248 3554 ex
1266 3482 1436 3553 Paeniten-

325 3601 401 3672 tioli
416 3598 578 3673 Theodori
602 3598 848 3700 archiepiscopi
865 3600 1109 3674 cantuariensis
1128 3599 1248 3674 collato
1265 3624 1342 3671 enm
1359 3596 1436 3669 aliis

324 3713 619 3814 poenitentialibus
637 3740 786 3814 peream
810 3729 950 3788 aetatem
975 3714 1134 3813 vulgatis.
1154 3715 1223 3788 Nos
1239 3729 1278 3786 ut
1294 3710 1436 3786 claritati

326 3830 549 3903 inserviamus
571 3829 606 3902 in
632 3828 695 3902 hac
717 3828 849 3903 difficili
875 3831 1073 3930 quaestione
1089 3830 1125 3903 1.
1141 3828 1320 3902 asseremus
1337 3851 1437 3900 eanu-

327 3971 386 4020 nes
408 3945 465 4045 qui
490 3946 525 4017 in
548 3944 605 4017 illo
626 3945 855 4043 poenitentiali
877 3945 1092 4020 inveniuntur
1109 3945 1237 4044 quique
1255 3940 1438 4016 dissolubi-

396 4117 462 4178 (ttt)
479 4118 533 4166 Huc
549 4113 686 4164 reseruntur
700 4114 796 4177 aliquot
804 4114 899 4175 eustorii
911 4126 1028 4176 meones,
1040 4113 1082 4176 qui
1094 4112 1227 4164 concedere
1238 4110 1353 4161 videntur
1362 4120 1439 4161 norat

326 4194 423 4259 nuptias
433 4195 465 4245 ob
475 4194 617 4245 diuturnam
626 4193 767 4243 alterutrius
777 4192 1185 4256 coniugisuiuentiumsieiiaouei
1194 4191 1332 4255 patriarcha
1341 4189 1385 4241 lib.
1394 4190 1437 4238 ili.

325 4274 367 4324 cit.
380 4277 454 4327 luris
466 4275 672 4338 praeco-romoni
685 4285 738 4336 pag.
751 4278 805 4322 aaa.
818 4270 884 4321 idem
896 4270 1012 4321 statuitur
1021 4273 1046 4321 in
1058 4272 1093 4322 itu
1104 4273 1243 4336 nuncupato
1252 4265 1438 4321 Paenitenttolt

330 4351 468 4414 Theodoti,
488 4364 542 4414 unp.
553 4351 639 4401 cxiii.
653 4351 678 4401 in
695 4350 825 4414 spicilegio
841 4352 913 4399 Dom.
930 4351 1011 4400 Lneae
1027 4350 1122 4401 leherii
1141 4354 1201 4400 tom.
1220 4352 1262 4400 ix.
1279 4362 1334 4413 pag.
1350 4354 1389 4398 et.
1406 4344 1438 4396 de

327 4444 378 4493 qno
395 4428 562 4479 poenitentiali
583 4442 640 4479 mox
660 4441 766 4492 agemus.
780 4427 880 4478 interim
901 4427 961 4479 haec
982 4428 1134 4493 reprobanda
1152 4431 1218 4480 sont.
