3234 5084
316 443 694 498 eramusmaerore.
709 446 1041 512 mrurorcoraaart.
1058 451 1129 502 mr.
1142 451 1166 502 1.
1231 431 1297 504 tii

188 562 238 636 illi
255 561 313 662 qui
331 560 549 663 relinquitur,
568 565 765 641 contrahere
782 566 869 642 alias
888 568 1042 667 nuptias,
1066 569 1134 644 alio
1149 570 1300 661 viventa3

187 678 262 768 his,
283 678 441 778 inquam,
463 680 660 778 praemissis
678 680 808 756 subdrt:
837 684 1047 784 «Utrumque
1069 683 1170 759 licere
1193 685 1304 762 decre

186 808 256 867 trum
274 807 328 867 est
345 792 462 866 multis
480 793 667 869 canonibus
685 794 939 871 ecclesiasticis.
966 798 1032 870 Sed
1059 813 1138 873 sunt
1157 800 1304 876 maxima

184 923 382 1007 argumenta
407 908 442 981 in
467 909 669 984 contrariam
691 927 870 1011 partem.»

257 1022 350 1099 liaeo
361 1040 473 1117 autem
485 1043 680 1125 argumenta
693 1027 846 1129 quinque
858 1044 950 1104 sunt.
969 1031 1003 1102 i.
1021 1028 1119 1117 Quod
1131 1032 1302 1106 matrimo-

184 1139 279 1214 nium
292 1157 402 1215 ratum
414 1167 481 1217 non
490 1142 626 1217 differat
635 1144 786 1219 essentia
797 1171 819 1219 a
831 1145 1042 1221 matrimonio
1055 1162 1298 1235 consummato;

183 1254 220 1327 i.
240 1256 332 1354 quod
345 1256 501 1333 Christus
518 1257 683 1335 Dominus
695 1258 797 1333 etiam
815 1260 859 1334 de
875 1259 1106 1370 matrimoniox
1117 1274 1188 1334 rato
1213 1259 1303 1334 diue

184 1369 241 1443 rit:
258 1368 451 1459 QoodDeua
462 1376 649 1461 coniunxit,
666 1375 756 1448 bomo
769 1389 993 1475 secretiorem
1014 1377 1048 1448 3.
1069 1374 1161 1477 quod
1175 1375 1210 1447 in
1231 1402 1303 1448 ma-

184 1485 340 1561 trimonio
357 1502 429 1563 rato
446 1486 637 1562 alteralteri
655 1489 790 1588 coniugi
810 1505 1007 1591 potestatem
1025 1488 1136 1585 tradat
1151 1490 1301 1589 corporis

182 1602 258 1692 sui,
282 1629 343 1678 uec
367 1602 466 1679 liceat
488 1605 641 1680 eamdem
660 1604 756 1680 alteri
781 1605 938 1681 traditam
958 1605 1109 1681 conferre
1130 1605 1204 1680 sine
1221 1631 1302 1679 con·

182 1744 287 1795 sensu
311 1719 385 1794 eius
410 1720 465 1794 cui
492 1720 614 1795 tradita
638 1738 710 1809 est;
737 1723 771 1794 i.
799 1721 892 1822 q'uod
914 1721 1161 1795 matrimonium
1179 1721 1225 1794 sit
1242 1747 1303 1821 pa·
1426 1716 1434 1723 ’

183 1849 273 1907 ctum
292 1832 444 1909 solemne
467 1860 536 1909 non
560 1861 658 1911 secus
683 1861 724 1910 ac
744 1835 897 1911 solemne
912 1851 1045 1923 votum,
1065 1836 1218 1936 adeoque
1234 1861 1301 1909 noa

129 1970 132 1975 ·
182 1949 294 2048 possit
317 1949 423 2025 altero
442 1950 569 2039 invito,
596 1951 656 2052 qui
679 1951 929 2025 matrimonium
951 1967 1059 2025 ratum
1083 1951 1175 2040 iniit,
1195 1951 1302 2025 conti·

182 2064 332 2137 rentiam
349 2064 516 2164 profiteri3
534 2068 569 2139 i.
585 2065 751 2167 denique,
768 2066 860 2166 quod
879 2065 1066 2165 Augustino
1082 2081 1217 2141 auctore
1233 2092 1301 2142 non

181 2178 251 2252 alia
274 2179 318 2253 dc
337 2204 441 2253 causa
458 2179 653 2278 coniugium
678 2180 939 2256 christianorum
959 2207 1041 2282 prae
1061 2180 1181 2255 ceteris
1199 2180 1303 2255 indis·

183 2291 328 2367 solubile
351 2293 396 2367 sit
415 2295 528 2394 quoad
551 2294 743 2382 vinculum,
772 2295 840 2368 nisi
863 2296 945 2396 quia
965 2312 1017 2370 est
1039 2311 1297 2370 sacramentum.

182 2407 254 2481 lam
278 2433 358 2483 vero
378 2409 627 2484 matrimonium
652 2436 719 2483 uon
738 2427 1006 2485 consummatum
1022 2437 1100 2485 vere
1117 2426 1150 2484 ct
1166 2412 1301 2511 proprie

181 2540 234 2599 est
257 2541 521 2614 sacramentum,
550 2542 650 2625 prout
674 2542 727 2601 est
750 2541 1017 2601 consummatum
1038 2528 1127 2623 (ia).

253 2640 315 2716 Ast
339 2640 414 2741 ipse
437 2639 539 2716 veluti
564 2656 692 2716 certum
718 2667 892 2715 assumere
915 2641 1049 2715 videtur
1078 2640 1215 2715 nonnisi
1240 2666 1301 2714 au·

181 2757 334 2831 ctoritate
358 2755 590 2832 ecclesiastica
611 2755 753 2832 dissolri
778 2757 972 2855 coniugium
998 2771 1123 2843 ratum,
1152 2771 1190 2829 ut
1210 2771 1302 2855 patet

180 2885 252 2947 tum
276 2897 318 2946 er
338 2871 458 2947 borum
483 2887 754 2972 argumentorum
778 2871 892 2947 indole
907 2887 941 2946 et
957 2887 1095 2958 natura,
1115 2886 1185 2945 tum
1203 2897 1244 2945 ex
1261 2895 1301 2945 eo

182 2986 272 3087 quod
293 2988 416 3063 dixerit
430 2990 544 3062 meib
562 2988 740 3063 canonibus
760 2988 990 3062 aeclesiasticis
1008 2986 1043 3059 id
1061 2987 1170 3067 fuisse
1185 2986 1303 3061 decre·

181 3117 264 3176 tum.
292 3104 445 3177 Attamen
470 3104 535 3179 boc
557 3130 626 3179 nou
650 3120 704 3178 est
725 3103 956 3202 exploratum,
975 3128 1052 3177 cum
1074 3101 1187 3202 plures
1209 3102 1303 3202 iique

180 3218 372 3317 gravissimi
389 3217 534 3317 theologi
552 3219 744 3318 oppositam
756 3234 893 3293 teneant
909 3217 1126 3305 sententiam,
1146 3232 1183 3290 ut
1200 3215 1301 3314 paulo

178 3349 258 3433 post
280 3333 524 3434 expendemus.
546 3333 622 3421 Qua
639 3332 711 3408 sola
729 3333 1021 3408 animadversione
1038 3359 1106 3406 nou
1123 3331 1301 3405 minimum

178 3448 231 3522 tis
243 3449 436 3527 eorumdem
449 3464 718 3548 argumentorum
737 3447 936 3523 infirmatur.
954 3450 1129 3522 Praeterea
1149 3446 1301 3520 nonani·

179 3563 358 3639 madvertit
378 3564 465 3637 inter
483 3563 547 3639 bos
567 3590 714 3638 mnones
735 3560 851 3638 baberi
876 3588 1040 3639 munnam
1060 3561 1299 3649 tridentinum,

179 3678 238 3778 qui
251 3678 461 3778 dogmaticus
477 3695 548 3768 est,
568 3705 636 3752 non
652 3694 764 3753 autem
781 3704 872 3752 mere
892 3676 1137 3777 disciplinaris.
1156 3677 1299 3749 Domum

180 3790 303 3866 lalsum
326 3794 494 3894 estquod
519 3792 666 3868 affirmat
694 3818 798 3893 posse
828 3791 941 3865 dirimi
969 3792 1164 3890 coniugium
1190 3806 1300 3865 ratum

250 3990 300 4052 (ia)
316 3992 407 4043 tuder
430 3992 581 4057 mumurque
598 3991 672 4045 luerit
686 3995 726 4044 be
748 3993 814 4055 unt.
834 3985 994 4043 remittant.
1016 3989 1064 4040 loc.
1085 3988 1128 4038 cit.
1148 3986 1209 4038 nihil
1237 3985 1295 4036 nori

177 4067 326 4131 umbrantia
352 4069 404 4120 auia
422 4071 538 4135 protulit,
557 4072 584 4122 et
603 4069 671 4135 quod
691 4083 741 4121 nou
760 4069 835 4120 luerit
849 4068 882 4120 ab
900 4068 957 4120 aliia
972 4067 1115 4136 oppositum
1137 4065 1267 4132 praecipua
1282 4077 1298 4115 a

176 4145 368 4211 Pmieataatibua
387 4148 526 4202 menatae
544 4152 675 4202 Eretriae
692 4162 753 4201 sess.
768 4152 857 4201 xxiv.
870 4145 1122 4214 magdeburgensibus
1139 4146 1297 4196 certatrici.

178 4226 222 4278 lib.
236 4235 260 4279 2.
271 4239 295 4278 a.
309 4234 348 4280 rt.
360 4228 472 4292 coibat.
487 4231 643 4283 acatholicis
658 4243 742 4283 rcroa
756 4230 863 4281 Claudio
879 4232 1003 4294 noemae
1014 4227 1056 4278 tib.
1073 4233 1096 4278 8.
1114 4228 1152 4277 Da
1168 4226 1301 4276 continen-

179 4308 218 4358 tia
228 4318 282 4372 cap.
295 4311 319 4360 t.
332 4307 550 4361 stabiiraamoiar
562 4309 716 4363 innotad.
731 4311 751 4361 i.
764 4310 823 4361 cor.
835 4310 974 4360 Vitam
987 4304 1135 4359 istetiiiod
1148 4304 1303 4370 uolentum

175 4389 213 4441 et
230 4401 246 4439 a
263 4388 392 4442 mtboiicia
408 4387 452 4441 iiia
469 4391 555 4443 omnia
575 4391 625 4443 iam
645 4390 766 4445 diaaoiuta
780 4392 845 4443 sata
856 4387 1041 4443 Mctdortatrtm
1058 4386 1142 4440 luisse.
