3234 5084
267 434 334 484 (ln.
348 434 371 483 l.
383 434 422 483 h!
435 434 546 484 mulas.
563 435 658 484 lm.
671 435 775 484 svm.
793 436 867 486 ruva
879 436 1033 486 varunna.
1051 438 1122 487 lav.
1134 438 1156 486 Ι.
1217 418 1288 486 119

179 550 505 625 indissolubilitatem
522 552 596 624 iure
612 553 839 626 natrrrae'csse
855 554 992 626 omnino
1006 571 1285 641 consentaneam,

176 683 276 766 atque
301 667 386 740 adeo
410 669 445 739 3.
473 694 514 740 ex
534 667 607 740 iure
632 667 1036 766 secundarioprolluaro.

248 782 290 853 Et
313 808 396 854 sane
420 782 463 854 ad
494 782 639 880 primum
664 782 754 880 quod
779 782 921 869 attinet,
959 783 1290 859 indissolubilitatem

175 897 403 970 omnimodam
428 923 506 971 esse
530 897 722 970 necessario
742 895 1123 997 atque²assentialitera
1144 901 1217 973 iure
1233 927 1291 975 na-

173 1026 268 1087 turae
286 1029 499 1112 praeceptam
517 1012 647 1112 probari
674 1000 741 1086 ndu
759 1030 889 1113 potest:
917 1016 986 1087 imo
1003 1031 1152 1114 spectata
1169 1033 1290 1091 nutura

175 1126 379 1200 matrimonii
404 1152 472 1201 nou
497 1152 630 1226 semper
657 1127 836 1202 dissolutio
868 1128 916 1200 illi
942 1128 1074 1202 videtur
1099 1130 1283 1204 advorsari.

174 1239 306 1313 Etenim
324 1240 367 1314 ad
379 1241 447 1316 dno
469 1242 681 1342 potissimum
697 1243 887 1316 institutum
900 1260 953 1316 est
969 1245 1231 1333 matrimonium,
1253 1249 1289 1319 in
1337 1304 1341 1315 .

171 1355 325 1429 officinm
338 1373 477 1431 naturae
494 1357 537 1431 ad
551 1358 676 1457 speciei
694 1359 981 1432 conservationem
999 1386 1039 1433 ac
1057 1360 1199 1457 proinde
1215 1388 1292 1460 pro

173 1470 218 1543 lis
235 1473 498 1571 procreationem
520 1490 623 1573 atque
647 1473 893 1547 educationem.
911 1476 981 1547 lam
999 1476 1078 1548 voro
1095 1491 1212 1549 neutm
1237 1476 1291 1548 in-

173 1585 305 1659 terdum
331 1588 410 1661 finis
428 1588 571 1661 obtineri
596 1604 722 1687 potest,
751 1615 857 1688 quum
885 1615 970 1662 uxor
993 1604 1045 1663 est
1065 1589 1211 1676 sterilis,
1236 1590 1289 1664 vel

172 1728 279 1800 quum
303 1702 439 1777 morbus
454 1703 636 1776 diuturnus
653 1704 856 1777 matrimonii
875 1730 975 1777 usum
995 1704 1174 1802 intercipit.
1197 1705 1289 1791 Quo—

173 1817 274 1890 modo
299 1842 378 1891 vero
402 1818 475 1892 solo
500 1818 640 1892 raticrus
664 1816 790 1891 lumina
812 1817 921 1891 evinci
947 1819 1070 1917 poterit
1093 1818 1290 1919 inutraque

171 1948 232 2004 aut
256 1931 293 2004 in
317 1932 477 2007 alterutro
497 1956 581 2007 casu
603 1934 657 2006 ius
683 1949 824 2006 naturae
843 1934 886 2006 ad
904 1949 1100 2033 perpetuam
1117 1935 1292 2007 continen-

173 2047 256 2119 tiam
274 2048 393 2121 autad
415 2049 521 2148 prolis
538 2049 760 2148 privationem
778 2048 949 2146 obligare,
965 2050 1292 2150 dissolutionemque

170 2162 322 2258 coniugii
348 2164 425 2237 esse
449 2163 676 2237 essentialiter
695 2161 849 2236 malam?
872 2164 959 2236 Hinc
982 2163 1242 2237 Bellarminus'u
1258 2166 1291 2238 ai

169 2277 387 2365 consideres,
414 2278 545 2377 inquit,
573 2278 823 2352 matrimonium
849 2295 886 2351 ut
910 2279 1059 2352 ollioiurn
1084 2296 1224 2353 naturae
1247 2281 1291 2353 ad

173 2393 427 2491 propagandum
454 2393 603 2468 sobolem
620 2418 720 2491 aegra
738 2394 834 2467 reddi
852 2409 962 2492 potest
981 2394 1067 2466 ratio
1084 2420 1145 2467 our
1161 2394 1205 2468 ob
1223 2410 1291 2468 ste-

172 2506 331 2581 rilitatem
357 2508 511 2605 coniugis
538 2534 605 2581 non
626 2507 725 2598 lineat
744 2535 819 2581 eam
843 2508 1011 2581 dimittere
1032 2524 1092 2581 aut
1108 2509 1211 2582 aliam
1227 2509 1291 2581 du-

172 2648 261 2695 cere.
278 2623 313 2694 Si
332 2624 526 2697 consideres
543 2624 794 2698 matrimonium
806 2641 843 2696 ut
855 2640 908 2696 cst
926 2623 960 2695 in
978 2623 1162 2696 remedium
1176 2640 1290 2696 contra

172 2737 427 2812 fornicationem
453 2738 665 2822 institutum,
694 2763 754 2810 our
778 2765 844 2812 non
872 2738 993 2837 poterit
1020 2764 1104 2812 uxor
1130 2746 1290 2837 perpetuo

172 2852 291 2926 morbo
313 2851 635 2937 laboransdimitti,
657 2878 718 2925 cur
736 2878 802 2925 non
825 2853 948 2951 poterit
967 2851 1036 2925 alia
1057 2852 1135 2925 duci
1157 2852 1230 2947 (ll)
1243 2850 1287 2921 lu

171 2968 271 3053 Quod
298 2969 328 3040 si
352 2967 544 3042 secundarii
577 2968 782 3041 matrimonii
815 2968 902 3043 lines
927 2983 1144 3067 spectantur,
1176 2967 1291 3041 cuius·

171 3083 264 3156 modi
278 3101 358 3157 suut
373 3084 558 3157 remedium
571 3082 890 3182 concupiscientiae,
907 3100 1060 3157 mutuum
1078 3082 1289 3168 subsidium,¹

170 3214 206 3269 et
230 3198 260 3269 si
283 3224 372 3297 quae
396 3213 474 3270 sant
490 3197 576 3283 alia,
591 3200 641 3294 :ea
664 3223 731 3271 non
758 3223 890 3297 semper
912 3223 975 3271 nee
998 3199 1190 3272 necessario
1215 3223 1291 3297 per·

172 3313 368 3412 pctuitatem
392 3313 539 3411 coniugii
565 3314 742 3411 flagitant,
770 3340 881 3412 neque
904 3313 1086 3387 ostendunt
1114 3338 1189 3385 eam
1214 3337 1291 3384 osce

172 3456 193 3500 a
219 3428 293 3501 iure
319 3444 456 3502 naturae
481 3429 596 3501 stricte
624 3443 849 3527 praeceptam.

247 3545 420 3616 Praeterea
445 3559 573 3616 certum
597 3558 666 3627 est,
691 3541 798 3614 Deum
828 3540 1012 3625 interdum,
1036 3540 1104 3612 imo
1129 3539 1286 3636 saepius,

172 3675 211 3730 ut
232 3658 444 3744 videbimus,
458 3702 460 3713 ·
475 3659 538 3731 hac
563 3659 599 3729 in
625 3683 661 3730 re
691 3655 934 3755 dispensasse,
966 3653 1291 3752 dissolutionemque

173 3772 299 3845 vinculi
321 3772 507 3869 coniugalis
531 3770 741 3871 permisisse.
772 3771 861 3867 Ergo
881 3768 1019 3843 evidens
1046 3785 1190 3842 estnon
1214 3792 1291 3841 esse

172 3888 368 3984 coniugium
381 3888 428 3959 ita
444 3887 599 3972 firmam,
616 3902 769 3987 spectato,
783 3885 855 3959 inre
878 3901 1037 3970 naturae,
1053 3900 1289 3982 utrumquem

171 4003 282 4102 possit
299 4002 460 4076 dissolvi:
483 4003 511 4074 si
535 4002 623 4074 enim
650 4001 831 4075 dissolutio
859 4001 974 4074 stricto
995 4015 1028 4071 at
1051 3999 1210 4099 primario
1233 4024 1291 4070 na-

172 4134 268 4190 turae
289 4117 354 4189 iuri
376 4132 620 4217 opponeretur.
644 4143 684 4190 ea
706 4132 821 4216 utpote
845 4113 1069 4188 essentialiter
1090 4140 1131 4188 ac
1157 4139 1290 4213 semper

173 4231 279 4317 mala,
305 4256 491 4330 numquam
511 4257 532 4304 a
554 4233 624 4305 llao
650 4232 794 4332 permitti
813 4244 940 4331 posset.
971 4231 1041 4303 lam
1058 4252 1140 4303 vero
1157 4244 1291 4303 constat

250 4386 300 4444 (ot)
319 4386 444 4433 Drmntr.
465 4398 519 4446 rap.
533 4387 572 4433 lv.
587 4398 611 4432 ιι.
625 4392 648 4435 2.
