3234 5084
318 378 387 449 386
462 399 524 449 ιιι.
546 397 594 448 ιιι.
611 396 697 447 sacr.
719 397 850 449 ιιιιιι.
875 397 916 449 ιι
934 395 1046 449 mures.
1063 397 1158 449 ιιιι.
1175 396 1299 448 cuusr.

322 518 534 616 corriguntur
561 515 654 615 leges
678 515 874 603 Iustiniani,
902 515 1028 616 quibos
1053 515 1252 591 laxabantur
1275 514 1430 591 habenae

320 633 470 735 repudiis
496 657 562 707 non
588 631 696 707 solum
721 630 765 706 ob
781 629 938 705 adulterii
954 657 1114 718 eausam,
1134 657 1250 705 verum
1267 632 1369 707 etiam
1385 633 1431 706 oh

320 748 424 835 alias,
452 773 540 848 quae
564 746 695 820 admitti
720 744 911 819 nullatenus
937 759 1107 845 poterant;
1127 762 1162 819 at
1186 747 1221 817 in
1245 770 1286 819 eo
1310 745 1353 819 de
1379 746 1431 819 la·

320 862 443 936 cultata
468 888 587 936 novam
613 860 756 934 ducendi
782 887 918 934 uxorem
936 860 980 934 ob
996 858 1152 933 adulterii
1173 860 1299 935 crimen
1320 887 1432 936 sermo

322 991 435 1076 aperte
460 1002 526 1049 non
552 974 705 1048 hahetur.
728 972 842 1047 Canon
860 973 916 1045 lx.
937 973 1069 1046 concilii
1095 974 1361 1062 suessionensis,
1387 976 1430 1048 de

323 1118 391 1192 quo
407 1090 504 1165 valde
521 1091 684 1162 incertum
700 1104 770 1175 est,
787 1104 899 1161 utrum
912 1114 952 1162 eo
964 1088 1062 1161 detur
1074 1088 1215 1163 facultas
1228 1116 1334 1165 novas
1356 1106 1432 1190 post

322 1205 493 1281 adulterae
517 1205 748 1279 dimissionem
772 1202 963 1277 celebrandi
981 1203 1134 1304 nuptias;
1155 1207 1222 1278 imo
1238 1204 1338 1302 longe
1356 1231 1433 1305 pro-

324 1321 470 1395 babilius
483 1337 534 1395 est
545 1347 620 1394 eam
633 1318 724 1392 nulla
738 1318 866 1392 ratione
877 1319 1028 1406 coneedi;
1039 1320 1221 1419 capitulum
1236 1320 1431 1395 itemCaroli

323 1438 433 1534 hlagni
452 1436 538 1507 xxl.
552 1434 628 1507 libri
640 1433 677 1505 V.
694 1434 738 1508 ob
750 1434 902 1507 eamdem
919 1435 1098 1522 rationem,
1115 1437 1311 1535 praesertim
1327 1464 1431 1538 quum

324 1550 471 1651 capitulo
482 1548 700 1622 ccccxxxi
717 1548 794 1622 libri
808 1549 943 1649 septimi
956 1575 1114 1649 expresse
1127 1549 1344 1624 interdicatur
1357 1577 1434 1626 eon·

325 1665 466 1739 nubium
490 1690 592 1736 acore
616 1664 741 1736 vivente
764 1663 815 1750 ei,
844 1664 904 1763 qui
928 1663 1094 1737 dimittere
1110 1664 1283 1738 mulierem
1306 1664 1435 1739 incasto

325 1779 490 1855 adulterio
515 1777 714 1851 maculatam
738 1791 874 1851 coactus
891 1793 960 1865 est;
980 1805 1126 1853 canones
1144 1793 1314 1879 praeterea
1333 1779 1429 1851 XXV.

326 1895 457 1971 concilii
484 1891 681 1992 agathensis
705 1907 739 1966 et
763 1891 806 1963 ll.
827 1892 960 1966 concilii
976 1893 1138 1983 venetici,
1158 1894 1218 1995 qui
1243 1895 1355 1995 potius
1379 1921 1435 1968 ne·

325 2011 437 2110 gative
462 2035 499 2082 se
524 2007 670 2094 habent,
690 2032 794 2106 quum
812 2006 856 2080 de
873 2006 1028 2082 facultate
1044 2007 1129 2082 alias
1146 2008 1292 2083 ducendi
1313 2035 1434 2084 uxores

328 2142 405 2226 post
429 2125 618 2198 iudicialem
641 2122 885 2222 separationem
910 2123 955 2196 ab
979 2125 1140 2198 uxoribus
1165 2124 1327 2199 adulteris
1350 2124 1433 2198 nihil

318 2241 519 2314 decernant.
555 2238 709 2338 Denique
738 2237 876 2311 allatum
909 2238 996 2313 aviti
1025 2240 1176 2342 episcopi
1208 2241 1431 2329 viennensis,

329 2356 419 2455 quod
443 2355 488 2429 ad
513 2353 713 2428 solutionem
738 2351 883 2439 vinculi,
912 2353 1030 2427 saltem
1056 2371 1164 2445 certo,
1196 2382 1263 2430 non
1281 2357 1432 2431 refertur.

401 2472 568 2570 Seponere
593 2483 764 2569 praeterea
788 2467 950 2542 debemus
975 2469 1195 2560 documenta,
1216 2499 1304 2573 quae
1324 2472 1435 2546 afferri

330 2585 467 2685 quidem
493 2583 602 2660 solent
625 2583 669 2657 ab
694 2583 917 2673 aduersariis,
945 2583 1005 2658 sed
1030 2587 1177 2686 quaead
1196 2613 1265 2660 rem
1288 2601 1433 2662 nostram

329 2727 395 2774 non
426 2700 570 2789 iaciunt,
599 2699 790 2775 cuiusmodi
816 2715 894 2772 sunt
923 2700 1122 2800 rescriptum
1152 2701 1299 2800 Gregorii
1328 2701 1371 2775 ll.
1392 2701 1435 2777 ad

329 2815 555 2903 Bonisecium,
584 2842 645 2889 nec
671 2841 737 2888 non
754 2839 900 2890 canones
918 2816 1051 2890 concilii
1069 2843 1129 2892 seu
1145 2833 1329 2895 conventus
1346 2843 1437 2893 conr·

330 2928 514 3026 pediensis.

402 3043 586 3115 llemanent
610 3042 711 3139 igitur
734 3070 776 3116 ex
799 3044 958 3120 universa
981 3047 1180 3147 antiquitate
1195 3073 1341 3123 canones
1357 3074 1436 3123 con-

330 3156 400 3231 cilii
429 3157 694 3246 vermeriensia,
726 3160 784 3259 qui
815 3161 899 3233 satis
932 3178 1046 3261 aperte
1076 3163 1232 3237 videntur
1262 3165 1437 3239 admittere

330 3271 505 3370 coniugale
521 3271 691 3345 vinculum
708 3273 847 3350 dissolvi
865 3302 924 3376 per
935 3276 1156 3371 adulterium,
1171 3294 1203 3351 et
1216 3279 1354 3380 quidam
1371 3304 1437 3355 nen

331 3415 390 3489 per
414 3389 556 3489 simplex
581 3388 800 3477 adulterium,
828 3407 866 3464 ut
888 3408 1027 3480 vocant,
1056 3393 1114 3466 sed
1141 3420 1217 3467 cum
1242 3395 1366 3470 additis
1385 3422 1438 3495 pe

331 3502 515 3578 euliaribus
533 3505 701 3579 adiunctis
720 3505 868 3579 incestae
884 3507 1129 3582 coniunctionis
1145 3508 1197 3583 vel
1215 3512 1364 3584 attentati
1382 3511 1439 3585 ho

333 3617 488 3705 micidii,
520 3619 666 3720 aliisque
694 3619 873 3693 eiusmodi.
902 3623 970 3696 Nec
998 3622 1140 3712 desunt,
1173 3639 1211 3697 ut
1239 3625 1436 3713 innuimus,

332 3733 392 3833 qui
417 3759 475 3807 eos
501 3759 665 3834 exponere
688 3735 899 3808 connituntur
915 3737 958 3810 de
974 3737 1132 3812 facultate
1149 3739 1269 3814 iterum
1292 3740 1437 3814 nubendi

334 3862 410 3945 post
428 3847 597 3944 legitimae
617 3851 732 3923 uxoris
758 3867 917 3939 mortem,
939 3853 1184 3954 quodquidam
1203 3856 1385 3929 coniiciunt
1400 3881 1440 3929 ex

334 3960 412 4033 aliis
437 3962 589 4035 eiusdem
615 3964 748 4038 concilii
770 3968 970 4055 canonibus,
991 3970 1168 4070 inquibus
1193 3997 1235 4044 ne
1257 3986 1334 4071 post
1353 3997 1440 4045 mor-

334 4090 399 4149 tem
413 4078 550 4178 quidem
568 4079 704 4156 alterius
722 4083 874 4182 coniugis
892 4085 1139 4159 matrimonium
1158 4086 1353 4163 contrahere
1371 4113 1441 4189 per·

335 4190 477 4265 mittitur
497 4195 609 4289 (285).

408 4344 473 4405 (285)
489 4346 530 4395 Uti
546 4344 655 4396 Collatus
670 4360 693 4396 u.
706 4350 750 4397 act
762 4360 831 4409 sequ
843 4350 935 4399 Amen.
946 4363 987 4412 op.
998 4350 1040 4399 cit.
1052 4364 1107 4414 pag.
1120 4358 1157 4401 aa.
