3234 5084
327 403 370 473 it
503 426 563 474 ιιι.
585 426 632 474 ιιι.
654 425 740 474 srcr.
761 427 784 474 ι.
805 425 845 473 nc
864 424 957 472 airu.
970 423 1092 472 casrsr.
1111 423 1254 472 uurmrc.

328 542 429 614 tissas
455 566 495 613 ac
520 539 750 639 prophetissas
775 565 852 612 esse
869 539 1062 611 decernunt.
1084 538 1247 611 Sacerdos
1264 563 1304 610 ac
1321 563 1433 612 secer-

327 655 474 740 dotissa‚
502 654 596 725 aiunt
620 653 707 751 ipsi,
736 653 908 751 proprium
934 668 1086 725 exercent
1116 651 1337 725 ministerium
1367 679 1431 750 ope

329 795 410 842 suae
435 767 710 867 pulchritudinis.
733 767 863 841 Etenim
888 768 1110 841 sacerdotium
1140 767 1241 840 laturi
1272 768 1431 866 temporis

327 909 461 958 carnem
493 907 587 955 suam
620 882 757 954 minime
787 881 945 969 cohibet,
980 881 1098 954 laciem
1131 908 1226 953 suam
1256 881 1331 955 velo
1363 908 1430 955 non

327 998 478 1083 ohducit,
506 1023 573 1070 non
598 1022 635 1069 se
661 996 782 1070 scrutis
806 997 905 1094 tegit,
934 996 1142 1095 flagellorum
1167 996 1288 1070 ictibus
1307 1024 1431 1096 corpus

328 1141 426 1188 suum
458 1139 525 1186 non
555 1111 739 1186 contundit.
766 1112 945 1185 Pulchrum
976 1113 1088 1210 ipsum
1117 1128 1194 1197 est,
1226 1113 1361 1210 sapiens
1391 1139 1432 1185 ac

329 1229 454 1304 honum
481 1230 569 1323 (itt).
590 1226 743 1299 Attamen
774 1242 808 1299 et
840 1227 904 1325 ipsi
937 1227 1053 1300 eodem
1086 1243 1233 1326 tempore
1262 1228 1430 1327 propriam

327 1344 487 1418 extollunt
505 1341 699 1443 pudicitiam
714 1357 814 1441 atque
827 1341 1013 1415 decentiam
1025 1370 1033 1428 ;
1047 1342 1093 1413 ita
1104 1342 1194 1414 enim
1207 1368 1432 1441 prossequnn-

329 1477 399 1530 tur:
414 1456 540 1555 «Copia
561 1455 615 1550 (id
641 1470 693 1527 est
708 1457 803 1549 unio)
825 1454 1042 1528 sacerdotalis
1066 1471 1166 1528 totam
1190 1455 1289 1528 sentit
1309 1456 1376 1527 vim
1397 1472 1432 1529 ct

328 1571 584 1644 incantationem
601 1567 773 1641 decentiae
789 1595 829 1641 ac
847 1567 985 1667 pudoris
1002 1595 1042 1640 ac
1058 1584 1159 1642 totam
1176 1595 1310 1668 quoque
1327 1595 1431 1665 agno-

328 1686 392 1760 scit
415 1685 554 1782 gratiam
580 1682 771 1756 donationis
795 1683 915 1783 plenae
931 1700 966 1756 et
979 1683 1170 1782 voluptatis.
1193 1685 1270 1784 lpsa
1287 1685 1430 1783 imponit

328 1800 506 1901 imperium
531 1798 656 1871 amoris
682 1798 735 1871 sui
760 1823 942 1897 eorumque
966 1797 1157 1884 beatorum,
1192 1824 1277 1898 quos
1308 1824 1430 1873 sensus

327 1931 463 1988 urentes
480 1913 664 2011 decipiunt,
681 1930 781 2011 atque
792 1911 836 1985 ab
854 1913 937 2011 ipsis
955 1912 1114 1986 tributum
1131 1914 1273 2011 percipit
1290 1939 1431 1987 arcanae

328 2057 367 2104 ao
392 2029 535 2128 pudicae
559 2026 793 2099 teneritudinis
817 2026 890 2100 siue
914 2026 1103 2100 allectionis
1115 2029 1305 2122 (li).lnter
1322 2043 1431 2102 cetera

327 2143 476 2217 absurda
501 2141 743 2216 sansimonieni
763 2156 937 2240 expectant
954 2143 1126 2239 foeminam
1141 2143 1308 2226 messiam,
1327 2168 1429 2242 quam

327 2274 479 2340 matrem,
508 2255 557 2327 uti
583 2253 750 2353 quondam
776 2254 889 2327 Simon
915 2280 1055 2351 magus,
1080 2255 1130 2327 sie
1155 2271 1188 2328 et
1211 2256 1267 2328 isti
1291 2272 1430 2341 uocant;

327 2373 486 2446 affectant
510 2387 543 2442 et
568 2369 633 2468 ipsi
660 2367 880 2442 castimoniae
896 2394 936 2441 ac
959 2370 1143 2443 sanctitatis
1167 2371 1428 2468 professionem,

327 2487 375 2559 uti
400 2484 543 2582 gnostici
568 2498 715 2569 veteres,
744 2482 823 2554 dum
850 2483 884 2554 in
909 2483 1048 2557 delubro
1076 2500 1252 2559 versantur
1280 2487 1431 2586 volupta-

328 2619 396 2673 tum
419 2602 508 2696 (ii).

399 2715 516 2789 Cetera
547 2740 612 2788 non
647 2739 849 2813 prossequar
881 2730 950 2787 tum
983 2741 1026 2788 nc
1054 2733 1165 2789 castas
1195 2742 1293 2789 aures
1322 2718 1430 2813 magis

327 2830 516 2916 ollendam,
545 2844 614 2902 tum
640 2829 720 2928 quia
745 2854 895 2927 eaquae
921 2827 1019 2902 allata
1044 2846 1123 2903 sunt
1147 2829 1234 2903 ultro
1259 2830 1430 2904 sufficiunt

328 2948 370 3020 ad
396 2944 692 3020 demonstrandum
717 2944 807 3043 quod
841 2944 1057 3017 intendimus.
1086 2946 1363 3046 Quandoquidem
1389 2974 1429 3020 ex

327 3060 502 3134 collatione
525 3074 673 3131 veterum
698 3074 863 3131 sectarum
889 3084 964 3130 cum
994 3059 1090 3133 novis
1122 3060 1428 3134 sensimonienismi

328 3192 361 3248 et
384 3172 618 3248 communismi
637 3172 797 3245 doctrinis
815 3172 1003 3272 agendique
1021 3174 1147 3248 ratione
1162 3175 1334 3249 evidenter
1350 3202 1430 3250 eon-

328 3305 394 3362 stat
418 3286 503 3359 nihil
537 3286 614 3361 novi
648 3287 846 3361 recentiores
876 3287 1046 3372 attulisse,
1082 3288 1171 3387 quod
1202 3305 1330 3363 veteres
1362 3316 1429 3364 non

328 3402 588 3500 excogitaverint
609 3417 711 3500 atquc
735 3402 768 3473 in
795 3401 914 3500 praxin
933 3427 1000 3476 non
1025 3401 1234 3475 deduxerint.

399 3627 449 3690 (toi
464 3627 529 3677 thid.
542 3630 576 3676 Le
587 3625 673 3677 Globcz

399 3706 448 3768 (tt)
464 3705 527 3756 lhid.

401 3785 451 3847 (it)
466 3785 573 3843 Quidem
589 3786 722 3849 Dureyrier
739 3799 804 3836 unus
824 3800 854 3835 ar
876 3785 1061 3837 sensimonianis
1079 3786 1194 3849 apostolis
1211 3786 1245 3835 itt
1262 3785 1386 3849 respondit
1404 3789 1430 3836 in

328 3863 445 3913 tribunali
460 3863 588 3927 parisiensi
604 3863 714 3914 iudicum
731 3864 980 3927 interpellationibus,
996 3864 1075 3926 quisi
1088 3863 1256 3928 proponebant
1269 3864 1431 3927 aduocatum,

328 3944 372 4006 qui
383 3944 437 3993 eius
447 3944 609 4007 patrocinium
620 3943 764 4008 susciperet:
779 3947 837 3993 «Un
848 3946 947 3995 evocati
959 3944 1022 3994 iltis
1034 3946 1067 3994 oi
1081 3946 1276 3996 trouverenrons
1289 3946 1332 4008 qni
1348 3945 1430 4008 puisse

286 4049 288 4054 .
329 4036 369 4072 me
379 4022 513 4073 desentire?
529 4024 576 4073 Les
592 4023 872 4087 voititous3101eorat
886 4024 954 4088 perid
963 4026 1037 4074 arant
1052 4024 1199 4087 leodiense,
1210 4025 1268 4087 etje
1282 4024 1428 4075 lenrsidit:

328 4103 539 4164 vousnepourez
554 4114 593 4151 me
608 4101 738 4164 desentire,
758 4104 811 4152 mot
830 4102 1044 4153 mantolomaus
1064 4102 1194 4166 relicinus
1214 4107 1240 4154 et
1259 4102 1359 4164 morel,
1376 4107 1429 4153 moi

330 4179 594 4231 commenita-steten
604 4180 690 4245 depuis
699 4181 737 4232 six
748 4181 967 4244 moisjerisdons
977 4181 1137 4233 lecelibctle
1143 4182 1207 4247 pltts
1216 4182 1323 4246 ahmiu,
1332 4194 1429 4234 comme

328 4261 387 4309 tous
396 4257 556 4320 masreres,
567 4259 649 4310 undis
657 4273 706 4322 que
718 4273 791 4322 roos,
803 4261 944 4312 consciret
956 4264 1013 4312 tous
1032 4260 1093 4311 dans
1110 4261 1236 4312 i'adniiere
1245 4264 1269 4313 ei
1280 4262 1303 4312 la
1314 4261 1429 4326 prostitu-

330 4338 394 4388 tion!
406 4341 440 4389 lis
448 4341 492 4390 ont
502 4339 580 4391 baisse
591 4341 614 4390 ia
625 4342 687 4403 tete,
698 4344 723 4391 ct
732 4342 800 4391 n'ont
812 4354 856 4404 pas
865 4341 998 4405 reponsio.»
