3234 5084
328 376 397 449 ldl
470 397 531 447 um.
549 394 596 445 ιιι.
613 393 700 445 saur.
716 392 847 444 mrum.
863 394 902 443 nu
916 392 1028 444 mnrss.
1045 393 1139 443 nra.
1156 391 1283 443 uumsr.

325 516 437 594 mariti
449 512 595 588 defuncti
615 537 746 586 minore
758 511 835 585 aliis
850 511 1044 611 nupserint;
1057 509 1170 585 euius·
1181 509 1287 583 rerba
1299 511 1430 609 pariter

327 630 436 705 retuli.
587 647 590 653 '

406 743 457 816 Ab
482 742 623 818 aliorum
649 741 865 842 pontificum,
888 741 947 841 qui
964 740 1045 815 huie
1069 755 1231 815 steterunt
1250 740 1438 839 principio,

325 860 527 935 testimoniis
551 858 732 933 afferendis
761 858 991 958 supersedeo,
1020 884 1062 930 ne
1090 857 1251 956 prolixior
1279 857 1358 929 sim.
1389 857 1443 931 De

325 974 477 1050 conciliis
503 975 626 1074 pariter
651 973 769 1047 inutile
792 1000 913 1047 censeo
937 973 1037 1072 plura
1055 971 1195 1059 addere,
1218 972 1378 1070 quoniam
1403 971 1441 1043 iu

325 1091 387 1178 iis,
411 1115 499 1189 quae
523 1089 590 1161 iam
617 1087 783 1175 recensui,
809 1087 926 1160 eadem
946 1102 1125 1160 occurrunt
1143 1086 1233 1159 eirea
1250 1085 1440 1159 firmitatem

325 1202 512 1301 coniugalis
535 1201 682 1288 vinculi,
711 1201 866 1300 quamvis
893 1202 1053 1298 coniuges
1078 1200 1221 1274 invioem
1242 1216 1445 1300 separentur

324 1320 394 1393 sive
418 1318 463 1392 ob
486 1317 679 1391 alterutrius
705 1315 911 1406 absentiam,
939 1317 1012 1391 sive
1038 1316 1082 1391 ob
1107 1317 1261 1390 adulterii
1287 1318 1438 1402 crimen,

325 1434 451 1510 siveob
464 1433 549 1507 alias
562 1459 684 1507 causas
698 1458 942 1532 quascumque.
971 1434 1020 1505 Ex
1032 1433 1328 1532 quibusomnibus
1341 1459 1443 1506 exur-

325 1550 374 1648 git
397 1549 536 1623 evidens
561 1548 709 1649 prolecto
733 1564 966 1646 argumentum
984 1564 1117 1635 veteres
1130 1549 1311 1644 agnovisse
1330 1563 1363 1621 et
1379 1549 1444 1621 ad-

325 1665 481 1739 mississe
502 1664 593 1737 illam
618 1690 721 1764 quam
741 1690 992 1764 propugnamus
1009 1663 1219 1739 divortialem
1236 1663 1441 1739 diuisionem

325 1780 518 1878 ooniugum,
534 1779 667 1853 vinculo
681 1779 893 1880 persistente.
909 1781 992 1854 Prae
1005 1780 1123 1854 oeteris
1137 1796 1248 1854 autem
1262 1806 1330 1852 rem
1344 1779 1443 1854 lucu-

325 1893 432 1968 lenter
447 1894 679 1968 demonstrant
701 1893 880 1966 concilium
902 1893 1161 1982 illiberitanum,
1187 1893 1374 1968 arelatense
1387 1895 1436 1965 ll.

325 2009 504 2085 coneilium
520 2009 621 2082 etiam
635 2007 864 2082 milevitanum
879 2010 923 2082 ll.
939 2024 977 2082 ut
989 2010 1032 2083 de
1044 2009 1285 2110 posterioribus
1302 2009 1435 2082 sileam.

398 2124 524 2199 Eadem
548 2123 707 2197 novitatis
735 2138 813 2196 nota
836 2122 972 2197 demum
994 2125 1165 2224 repellitur
1188 2151 1228 2197 er
1254 2150 1357 2198 sensu
1373 2141 1444 2198 tra-

325 2238 478 2312 ditionali
499 2237 684 2312 catholioae
709 2236 892 2327 eeclesiae,
920 2265 1021 2339 quem
1047 2266 1113 2313 non
1139 2238 1239 2314 modo
1264 2266 1304 2312 ex
1329 2237 1443 2313 allatis

325 2372 456 2455 patrum
483 2353 702 2441 testimoniis,
732 2353 792 2427 sed
817 2381 857 2427 ex
883 2354 1024 2428 historia
1043 2355 1142 2428 etiam
1159 2354 1388 2428 ecclesiastiea
1407 2371 1444 2428 et

324 2497 365 2545 ex
391 2469 464 2544 iure
487 2469 648 2544 canonico
665 2468 824 2568 colligere
847 2496 1040 2569 possumus.
1061 2472 1164 2544 Nemo
1181 2471 1271 2544 enim
1288 2470 1439 2567 ignorat,

324 2585 440 2687 plures
462 2585 581 2686 quovis
608 2600 756 2686 tempore
781 2585 962 2673 floruisse,
990 2585 1049 2686 qui
1082 2587 1297 2686 perfeetionis
1329 2586 1444 2659 studio

324 2701 376 2774 vel
395 2701 430 2773 in
449 2701 523 2801 ipso
540 2701 695 2798 coniugio
714 2701 785 2800 pari
804 2726 972 2775 consensu
990 2701 1231 2775 continentiam
1244 2718 1437 2788 servarunt,

324 2830 427 2914 atque
452 2814 495 2887 ad
529 2840 604 2887 eam
629 2814 828 2889 servandam
852 2830 929 2888 voto
953 2840 990 2888 se
1020 2840 1057 2887 se
1085 2814 1358 2904 obstrinxerunt3
1387 2815 1440 2890 vel

324 2930 545 3002 monasticam
568 2929 672 3002 vitam
694 2930 863 3003 communi
889 2956 1057 3004 consensu
1082 2945 1161 3005 sunt
1192 2930 1359 3031 amplexi,
1387 2931 1440 3005 vel

325 3042 372 3116 ita
397 3059 478 3116 sunt
501 3042 661 3116 disiuncti
676 3058 750 3131 ,ut
770 3069 873 3117 uxore
898 3062 1091 3146 perpetuam
1112 3048 1182 3120 Deo
1201 3047 1440 3120 continentiam

323 3176 464 3232 vovente
488 3157 540 3231 vir
563 3157 670 3231 saeris
694 3158 870 3232 ordinibus
896 3160 1093 3234 initiaretur.
1115 3162 1315 3236 Huiusmodi
1333 3188 1442 3236 erem-

329 3271 394 3371 plis
420 3271 560 3345 annales
584 3272 803 3347 ecclesiastici
831 3274 939 3348 referti
965 3291 1064 3364 sunt,
1092 3303 1221 3377 nosque
1247 3275 1346 3376 paulu
1364 3292 1441 3350 ante

235 3482 236 3485 Ἴ
325 3389 495 3486 specimen
522 3388 659 3488 aliquod
680 3389 906 3463 exhibuimus.
936 3389 1031 3475 Quae
1056 3391 1190 3490 quidem
1210 3390 1333 3491 ageudi
1354 3391 1441 3464 ratio

325 3502 506 3577 conlormis
530 3520 582 3576 est
607 3502 778 3578 doctrinae
802 3530 833 3577 s.
860 3504 1064 3602 Augustini,
1100 3507 1159 3605 qui
1191 3506 1363 3580 disserens
1396 3506 1441 3578 de

325 3619 478 3717 coniugio
499 3620 536 3692 B.
558 3620 681 3693 llariae
704 3620 846 3716 virginis
871 3647 948 3693 oum
964 3624 1005 3694 s.
1022 3621 1165 3720 losepbo
1185 3648 1251 3695 non
1273 3623 1441 3697 dubitavit

325 3734 513 3831 generalem
540 3735 627 3808 bano
652 3736 799 3836 prolerre
825 3737 1044 3811 sententiam:
1073 3739 1179 3812 ullos
1202 3738 1356 3838 exemplo
1373 3765 1443 3812 ma·

324 3851 446 3948 gnifioe
467 3851 658 3924 insinuatur
678 3851 835 3925 fidelibus
857 3851 1066 3949 coniugatis,
1090 3854 1191 3926 etiam
1213 3870 1345 3927 servata
1367 3855 1440 3953 pari

325 3992 492 4041 consensu
518 3966 740 4054 continentia,
768 3992 870 4065 posse
900 3994 1095 4067 permanere
1118 3970 1298 4069 vocarique
1324 3970 1442 4044 coniu-

324 4082 437 4178 gium,
467 4108 533 4157 non
559 4082 722 4182 permixto
747 4084 897 4184 eorporis
919 4110 1020 4172 sexu,
1050 4085 1111 4158 sed
1136 4085 1303 4160 custodito
1319 4086 1441 4160 mentis

325 4196 446 4270 affectu
471 4199 597 4293 (18).»
631 4195 697 4284 Qui
722 4214 894 4297 praeterea
918 4198 998 4271 alibi
1023 4199 1125 4273 verba
1151 4199 1279 4274 iaciens
1304 4216 1374 4274 tum
1398 4201 1443 4274 de

403 4348 453 4412 (tt)
473 4350 509 4399 De
522 4362 648 4401 canuntur
662 4349 814 4412 eomoeltrt.
827 4351 1069 4415 llbllunopped.
1084 4355 1160 4416 Maur.
1173 4354 1237 4404 utu.
1250 4353 1438 4418 pertueolat.
