3234 5084
232 440 235 445 «
317 388 384 458 118
460 410 521 461 ιιι.
539 409 586 459 ιιι.
603 409 689 459 secr.
706 410 835 461 surana.
857 410 896 459 nn
913 410 1024 460 mores.
1042 410 1136 460 ιιτιι.
1151 410 1274 461 oanisr.

315 554 391 603 cum
412 527 553 601 scientia
573 526 848 624 gravissimorum
869 526 1090 625 quorumdam
1115 512 1345 624 theologorum
1369 555 1426 603 eo·

314 642 437 717 clasiae
461 641 657 715 catholicae.
693 640 735 712 Hi
762 640 852 713 enim
878 641 941 713 etsi
973 640 1243 727 matrimonium,
1276 658 1426 742 spectata

315 758 388 832 sola
404 756 547 831 naturali
571 756 660 854 lege,
681 756 764 830 solvi
782 754 965 855 aliquando
982 781 1083 854 posse
1102 755 1302 844 defendant,
1323 757 1358 830 id
1376 773 1427 832 ta·

315 900 392 946 men
418 898 484 947 nou
508 873 652 959 iaciunt,
684 888 721 944 ut
744 870 819 944 eius
845 869 1153 944 indissolubilitatis
1179 870 1285 968 legem
1315 872 1427 971 impu·

315 1004 418 1087 guent
433 989 487 1063 uei
501 987 625 1077 laxent,
649 988 708 1060 ssd
726 985 817 1087 quod
834 1013 907 1060 eam
926 987 998 1060 iure
1016 986 1132 1060 divino
1149 986 1304 1086 positivo,
1325 1003 1427 1087 atque

316 1105 529 1202 potissimum
546 1118 683 1203 propter
704 1102 903 1175 sacramenti
922 1103 1084 1176 rationem
1103 1101 1217 1175 datam
1238 1127 1315 1176 esse
1334 1102 1426 1175 arbi·

317 1235 456 1292 trantur.
486 1222 601 1319 Neque
625 1234 663 1291 ut
683 1218 749 1304 iili,
771 1219 814 1290 de
837 1217 962 1317 quibus
987 1244 1108 1315 supra,
1130 1215 1245 1294 multis
1269 1233 1303 1291 et
1318 1218 1427 1291 obviis

315 1333 506 1419 decausis,
527 1334 676 1409 hamana
692 1333 838 1405 maxime
862 1332 1058 1405 auctoritate
1082 1332 1286 1406 connubium
1312 1330 1425 1405 dirimi

316 1476 417 1549 posse
433 1466 598 1537 statuant;
619 1449 680 1524 sed
698 1449 772 1522 eius
800 1474 922 1521 nexum
944 1447 1016 1522 solo
1035 1462 1175 1521 naturae
1200 1448 1272 1521 iura
1297 1474 1363 1522 non
1382 1448 1427 1521 ita

316 1565 447 1638 firmum
473 1591 574 1651 esse,
597 1580 634 1637 ut
659 1563 751 1636 nulla
776 1564 820 1635 dc
844 1589 965 1648 causa,
986 1563 1087 1636 etiem
1111 1562 1228 1637 divina
1253 1562 1427 1662 dispensa·

315 1681 427 1766 tione,
457 1679 541 1753 solvi
568 1695 680 1778 queat.

399 1794 470 1869 Hoc
495 1795 596 1891 igitur
621 1819 724 1867 seusu
750 1793 902 1867 Sanchez
936 1794 1038 1889 (ta),
1072 1791 1294 1866 Beliarminus
1321 1793 1423 1888 (2⁰),

314 1910 440 1981 Swartz
461 1909 554 2004 (21),
574 1906 700 2006 aliique
725 1923 849 2004 negant
871 1905 1201 1980 indissolubilitatem
1223 1906 1369 2003 coniugii
1386 1932 1426 1981 ox

316 2026 388 2097 inre
413 2037 552 2096 naturas
576 2023 763 2122 provenire.
794 2022 835 2094 dt
856 2020 955 2119 longe
977 2020 1091 2121 plures
1120 2023 1193 2116 (22)
1224 2022 1428 2096 contendunt

315 2165 389 2212 eam
411 2164 451 2212 ex
471 2137 543 2213 solo
568 2139 668 2212 etiarn
694 2139 766 2212 iure
789 2137 932 2211 naturali
958 2138 1043 2211 satis
1068 2137 1219 2237 probari:
1243 2138 1328 2211 tales
1348 2153 1426 2211 sunt

315 2257 418 2355 Lyra,
434 2253 632 2342 Abulensis,
651 2256 766 2341 Sotus,
790 2253 1027 2340 Gorarruvias,
1043 2252 1216 2339 Corduba,
1240 2252 1423 2339 Guttierez,

314 2370 493 2457 Lcdesma,
517 2371 625 2468 Lopez
641 2371 735 2465 (23),
760 2368 897 2469 aliique.

387 2484 458 2558 Hae
476 2486 659 2559 sententiae
676 2485 729 2558 sin
748 2483 921 2558 minusad
945 2483 1154 2557 concordiam
1174 2484 1340 2569 revocari,
1363 2482 1428 2556 sal·

315 2619 380 2673 tem
402 2600 573 2675 conciliari
593 2600 708 2701 aliquo
728 2601 829 2673 modo
851 2615 1016 2698 possunt,
1043 2600 1073 2672 si
1099 2615 1253 2672 accurate
1274 2597 1424 2697 primarii

314 2717 397 2789 iuris
419 2734 556 2791 naturae
573 2734 750 2817 praecepta
763 2743 783 2790 a
795 2714 1005 2789 secundariis
1025 2714 1286 2811 distinguantur,
1307 2738 1428 2813 quem-

313 2831 494 2906 admodum
524 2860 586 2906 nos
612 2835 711 2907 etiam
745 2831 972 2931 praestitimus
1004 2830 1039 2901 in
1073 2831 1183 2929 priore
1216 2829 1317 2902 huius
1349 2828 1426 2901 iibri

313 2946 481 3032 sections,
510 2947 590 3020 dum
614 2946 658 3020 de
679 2948 805 3021 unitate
831 2945 1035 3019 matrimonii
1066 2944 1320 3019 dissereremus.
1354 2944 1425 3018 flac

314 3060 530 3134 distinctione
555 3063 686 3161 posita,
720 3063 803 3137 haec
830 3062 928 3136 statui
959 3087 1059 3159 posse
1083 3059 1250 3134 videntur:
1267 3063 1302 3131 1.
1319 3059 1425 3157 legem

313 3173 620 3250 indissolubilitatis
644 3201 710 3250 non
736 3177 903 3275 pertinere
927 3173 970 3246 ad
998 3174 1159 3273 primaria
1182 3191 1283 3273 atque
1307 3200 1424 3247 essen-

313 3288 406 3362 tialia
432 3308 609 3389 praecepta
633 3309 788 3378 naturae,
818 3317 887 3392 qua
910 3290 1129 3363 concessione
1153 3288 1283 3389 aliquid
1302 3288 1424 3362 damus

312 3403 378 3490 iis,
400 3404 459 3504 qui
483 3406 681 3478 sententiam
699 3422 877 3503 negantem
895 3419 1045 3477 tuentur:
1067 3419 1100 3476 st
1119 3404 1153 3474 2.
1174 3401 1331 3476 addimus
1348 3428 1422 3475 eam

387 3636 437 3697 (19)
451 3635 505 3686 Lib.
519 3638 550 3686 ΙΙ.
562 3635 626 3701 disp.
642 3644 676 3688 tt.
691 3637 734 3700 qut
748 3636 907 3687 novendecim
918 3649 964 3700 pro
976 3636 1021 3685 hro
1032 3634 1151 3685 ornata
1164 3635 1276 3685 anetem
1289 3634 1399 3686 adducit.

388 3718 438 3777 (to)
453 3718 489 3766 De
500 3719 616 3767 matrim.
630 3729 685 3781 cap.
700 3718 742 3766 lv.
756 3730 781 3766 n.
798 3723 820 3766 a.

389 3794 439 3856 (ιι)
455 3797 543 3845 Intttt.
556 3798 624 3846 turis
632 3795 708 3860 publ.
725 3798 841 3846 entem,
854 3798 910 3845 not.
929 3796 956 3844 et
968 3796 1039 3857 cent.
1062 3796 1124 3857 part.
1144 3796 1174 3843 ΙΙ.
1188 3794 1226 3844 nt.
1245 3796 1264 3844 1.
1282 3800 1335 3844 Μ
1352 3807 1422 3858 seqq.

313 3874 353 3923 ubi
370 3875 452 3937 plures
466 3875 541 3926 etiam
556 3878 718 3940 protestantes
732 3890 777 3939 pro
793 3876 878 3926 eadem
892 3876 1012 3926 artemia
1026 3874 1122 3939 allegat.

387 3956 438 4018 (22)
455 3957 531 4007 Prout
545 3958 647 4007 testatur
665 3971 686 4006 s.
701 3957 840 4020 Alphonsus
859 3958 896 4006 De
911 3958 1029 4006 mamm.
1044 3968 1069 4005 n.
1085 3962 1147 4018 tad,
1160 3954 1202 4020 qui
1214 3968 1303 4019 magno
1320 3968 1424 4007 numero

310 4032 411 4083 adducit
429 4037 540 4086 auctores
560 4050 604 4099 pro
625 4036 671 4086 hac
689 4037 808 4087 sententia
829 4039 915 4087 contm
926 4037 1043 4087 senona.
1061 4037 1105 4086 Ast
1126 4048 1175 4085 non
1195 4035 1293 4086 videtur
1311 4036 1371 4087 sads
1385 4050 1422 4088 se

310 4125 408 4162 eernere
417 4113 456 4164 tus
473 4115 584 4166 naturale
598 4117 682 4167 strtete
701 4119 843 4180 sumptrrm,
854 4116 998 4180 primarium
1009 4117 1083 4179 atque
1093 4115 1222 4166 essentiale
1237 4115 1421 4167 asecnndarto:

309 4191 530 4319 {agdistinctinue
548 4195 626 4258 tacu,
644 4195 706 4247 sorte
726 4195 892 4260 discmpantes
910 4196 1044 4247 sententiae
1065 4196 1190 4247 conciliari
1212 4197 1329 4260 pomum,
1342 4198 1371 4246 ut
1386 4196 1421 4245 ri·

358 4283 429 4321 rmus.

387 4350 437 4411 (aa)
454 4351 522 4414 Apud
537 4354 643 4404 saneim
657 4353 700 4404 tto.
713 4355 744 4404 ΙΙ.
757 4354 820 4416 disp.
836 4360 872 4404 rt.
885 4367 909 4404 n.
923 4360 936 4404 t
949 4367 1017 4419 mqq.
