3234 5084
323 408 393 482 tw
468 426 1289 484 rmanmmummnmmmsmmsmm.

320 549 523 625 sacramenti
543 548 678 650 proprie
704 546 785 621 dictl
810 545 941 622 ratione
964 544 1152 646 coniugalis
1178 545 1303 622 vinculi
1328 545 1437 623 indis·

321 663 562 739 solubilitatem
593 662 779 737 deduxerit.

393 780 462 852 Nec
486 778 597 852 obstat
629 777 798 851 interdum
824 804 854 852 s.
883 775 1107 875 Augustinum
1132 775 1176 851 ad
1201 775 1436 851 illustrandam

321 893 526 968 matrimonii
556 893 747 966 firmitatem
778 892 829 965 uti
863 890 1025 993 exemplis
1053 907 1356 980 sacramentorum,
1385 892 1437 964 ni-

320 1009 444 1083 mirum
472 1008 649 1109 baptismi,
678 1007 737 1109 qui
764 1033 949 1108 numquam
975 1006 1106 1081 deletur
1133 1007 1170 1080 in
1195 1006 1375 1081 haereticis
1399 1007 1437 1080 fi·

320 1123 399 1198 dem
424 1123 676 1212 deserentibus,
697 1123 787 1224 quod
804 1123 923 1198 attinet
939 1121 982 1195 ad
1008 1120 1255 1212 characterem
1275 1148 1339 1197 nec
1366 1148 1435 1197 non

322 1238 544 1314 ordinationis
565 1237 833 1325 ecclesiasticae;
850 1237 893 1311 ad
913 1236 977 1310 hoc
1001 1236 1092 1311 enim
1110 1253 1238 1311 tantum
1261 1249 1290 1311 s.
1311 1236 1433 1312 Doctor

321 1379 406 1429 usus
423 1367 476 1428 est
496 1352 675 1453 praedictis
692 1350 873 1453 exemplis,
888 1367 927 1426 ut
948 1350 1154 1440 ostenderet,
1170 1351 1260 1452 quod
1278 1377 1435 1452 quamue

321 1469 574 1544 matrimonium
603 1469 749 1543 exterius
770 1468 860 1544 civili
887 1467 961 1567 lege
980 1468 1150 1558 solvatur,
1171 1494 1207 1543 ra
1224 1484 1337 1544 nmen
1358 1469 1435 1570 ipsa

320 1582 493 1659 vinculum
511 1609 667 1672 manere,
688 1583 777 1658 sicut
792 1583 967 1658 character
981 1582 1141 1684 baptisati
1156 1610 1291 1685 semper
1307 1599 1432 1671 manet,

321 1699 476 1800 quamvis
494 1697 563 1786 ille,
581 1699 640 1799 qui
653 1697 821 1800 baptismo
839 1698 940 1773 fidam
961 1714 1111 1774 nostram
1124 1700 1298 1800 professus
1313 1714 1377 1789 est,
1393 1697 1437 1773 ab

321 1840 363 1888 ea
387 1813 573 1901 desciscat;
600 1829 633 1887 et
658 1814 746 1887 sicut
774 1829 890 1887 manet
913 1813 1025 1913 reipsa
1052 1813 1171 1888 ordine
1194 1813 1376 1912 insignitus
1406 1813 1436 1887 is

319 1929 421 2005 etiam
439 1929 499 2029 qui
524 1928 568 2002 ab
592 1928 707 2004 officio
729 1946 937 2017 removetur;
957 1955 1026 2004 non
1048 1944 1177 2017 autem,
1193 1946 1232 2005 ut
1252 1928 1439 2003 adstrueret

320 2071 362 2120 ex
379 2044 444 2118 hoc
459 2043 551 2143 quod
569 2044 819 2118 matrimonium
838 2070 906 2118 non
922 2070 1021 2119 secus
1043 2070 1084 2119 ac
1100 2044 1290 2145 baptismus
1302 2060 1336 2119 et
1352 2043 1437 2119 orde

321 2159 366 2233 sit
378 2158 513 2260 proprie
530 2176 788 2250 sacramentum,
799 2161 873 2234 eius
891 2159 1223 2235 indissolubilitatem
1236 2158 1345 2248 nasci,
1360 2185 1437 2234 cum

321 2272 357 2346 id
370 2299 437 2348 non
449 2275 549 2349 ferret
562 2301 685 2376 scopus
702 2276 770 2350 sihi
788 2276 995 2377 propositus.
1015 2274 1154 2350 Consmt
1179 2292 1352 2376 praeterea
1368 2274 1437 2351 illis

325 2389 363 2462 in
389 2387 473 2464 locis
494 2389 718 2488 Augustinum
743 2417 810 2466 non
833 2392 942 2467 solum
967 2416 1067 2491 agere
1091 2391 1135 2466 de
1161 2388 1296 2466 vinculo
1329 2389 1441 2465 matri·

323 2503 429 2578 monii
454 2503 736 2590 christianorum,
751 2507 842 2607 quod
860 2522 911 2583 est
927 2522 1172 2583 sacramentum
1194 2505 1347 2607 proprie;
1376 2504 1437 2580 sed

325 2616 370 2691 dc
396 2616 532 2693 vinculo
562 2635 734 2720 praeterea
758 2620 1001 2721 cuiuscumque
1030 2620 1234 2695 matrimonii
1259 2619 1294 2693 in
1315 2619 1438 2719 populo

322 2733 406 2818 bee-
425 2758 486 2834 per
505 2733 668 2835 populum
690 2751 802 2810 autem
814 2735 877 2809 Dei
895 2735 1051 2834 intelligit
1066 2735 1167 2810 etiam
1184 2735 1359 2836 antiquum
1377 2760 1438 2835 po-

313 2846 439 2946 pulum
457 2848 744 2947 patriarcharum,
760 2866 799 2925 ut
816 2850 1034 2925 exorationis
1055 2852 1210 2955 contextu
1226 2849 1436 2951 exploratum

319 2977 383 3036 est.
402 2962 492 3061 Ergo
511 2991 578 3038 non
596 2966 704 3064 potuit
723 2966 925 3041 matrimonii
943 2965 1276 3042 indissolubilitatem
1296 2992 1337 3041 ex
1357 2991 1436 3067 pro·

322 3075 399 3176 pria
424 3080 625 3152 sacramenti
647 3079 761 3154 stricte
785 3080 911 3180 sumpti
936 3081 1064 3155 ratione
1082 3080 1261 3155 deducere.

392 3190 564 3289 Eugenius
589 3218 669 3268 vero
689 3196 742 3268 lv.
763 3193 845 3270 dum
870 3195 906 3268 in
931 3221 993 3270 suc
1017 3195 1150 3271 decreto
1179 3196 1301 3271 asserit
1324 3195 1435 3270 indis—

317 3305 559 3382 solubilitatcm
580 3335 657 3384 csse
681 3309 808 3385 honum
834 3311 1059 3400 matrimonii,
1083 3338 1124 3387 eo
1148 3311 1242 3413 quod
1266 3310 1434 3410 significet

319 3421 593 3501 indissolubilem
622 3424 891 3500 coniunctionem
921 3424 1047 3501 Christi
1071 3451 1148 3501 cum
1172 3425 1335 3514 ecclesia,
1364 3449 1432 3499 neu

319 3536 418 3611 dehet
442 3537 583 3636 intelligi
607 3539 642 3611 in
667 3565 770 3614 sensu
791 3540 982 3629 exclusivo,
1005 3540 1092 3615 acsi
1117 3540 1196 3614 inde
1213 3539 1343 3629 solum,
1364 3565 1431 3614 non

319 3668 431 3727 autem
456 3679 497 3726 ex
523 3655 569 3728 rei
599 3670 719 3729 natura
746 3655 1026 3731 indissolubilitae
1052 3655 1214 3756 penderet
1241 3658 1354 3754 (tte).
1376 3655 1431 3727 In·

321 3794 445 3870 super,
465 3783 504 3841 ut
522 3767 649 3842 dictam
674 3787 741 3859 est,
769 3797 811 3845 ea
835 3772 920 3845 ratio
944 3771 1033 3869 signi
1057 3769 1244 3846 habebatur
1267 3771 1368 3844 etiam
1393 3770 1429 3842 in

317 3883 541 3957 matrimoniis
564 3886 686 3960 ueteris
715 3886 877 3961 foederis:
898 3886 984 3960 ratio
1007 3902 1118 3961 autem
1135 3886 1334 3961 sacramenti
1352 3911 1430 3985 pm-

319 3996 391 4096 prie
415 3994 497 4070 dicti
522 3995 664 4073 hahetur
692 3999 876 4100 paritario
902 4000 1124 4077 matrimoniis
1149 4002 1232 4076 ratis
1258 4000 1427 4090 fidelium,
1447 4011 1452 4015 ’

317 4109 774 4212 atmmnmffipmmm

385 4356 452 4421 (nat
467 4359 506 4410 cr.
517 4360 635 4424 unqua
647 4359 665 4412 ι.
681 4359 725 4413 cu.
735 4374 757 4412 c.
771 4362 813 4413 vr.
824 4368 896 4414 noa.
