3234 5084
316 444 384 493 cir.
402 445 436 492 rr.
455 444 494 492 nr
510 443 622 493 rueras.
639 445 734 494 utra.
751 445 784 494 m
795 444 885 495 ctos.
902 445 1015 495 tuuur.
1033 448 1104 497 tur.
1123 447 1145 496 r.
1226 426 1294 496 tlt

177 560 307 635 scilicet
332 562 504 635 coniunxit
527 563 642 657 (23).»
667 563 705 633 ln
726 563 835 662 capite
852 562 1050 636 enimlllX.
1074 567 1108 635 9.
1133 563 1294 638 babetur:

176 678 246 748 nisi
268 676 308 747 ob
333 676 596 774 sentientiam,
634 675 763 749 omissa
790 702 872 753 voca
906 703 1008 749 causo
1041 703 1129 775 quae
1154 681 1299 753 occurrit

176 791 294 865 llatth.
316 792 353 863 V.
376 792 435 862 32.
456 816 627 890 quamque
648 791 726 863 heic
750 790 804 863 bis
830 791 950 890 repetit
976 792 1212 866 Tertullianus.

249 906 334 980 Cum
359 906 463 1005 igitur
482 906 589 980 lalsae
608 908 678 979 sint
695 906 903 1006 praemissae
919 906 963 979 ab
981 908 1057 1004 Hug
1075 910 1295 1006 excogitatae,

175 1022 323 1096 concidit
346 1022 541 1109 conclusio,
569 1049 671 1123 quarn
697 1023 771 1120 ipse
796 1049 838 1095 cx
862 1021 931 1095 illis
953 1022 1083 1110 intulit,
1108 1051 1230 1124 nempe
1245 1052 1298 1100 ex·

175 1137 383 1237 ceptionem,
411 1163 500 1238 quae
518 1138 663 1211 occurrit
685 1136 801 1209 Matth.
818 1137 904 1210 XIX.
928 1141 962 1209 9.
984 1139 1203 1236 spectandam
1221 1168 1297 1215 csse

174 1251 278 1325 ueluti
304 1251 567 1324 additamentum
594 1251 685 1351 quod
711 1251 821 1325 aliena
847 1277 968 1324 manus
995 1252 1167 1326 invexerit.

248 1367 343 1441 llatio
369 1375 468 1455 vero,
493 1392 582 1466 quae
605 1367 785 1440 adducitur
803 1366 848 1439 ab
865 1366 995 1440 erudito
1017 1383 1153 1441 auctore
1170 1386 1206 1441 ut
1223 1394 1298 1445 sue-

177 1484 255 1557 deat
272 1482 442 1582 quomodo
458 1483 626 1557 eiusmodi
648 1481 915 1556 additamentum
933 1481 1006 1554 lieri
1022 1482 1183 1580 potuerit,
1204 1510 1296 1557 mera

176 1598 368 1672 coniectura
389 1613 442 1670 cst
460 1595 625 1696 probabili
645 1597 766 1696 quovis
784 1596 1002 1670 fundamento
1019 1597 1190 1670 destituta.
1208 1599 1295 1672 Hinc

176 1713 227 1786 vel
254 1714 328 1813 ipse
353 1711 496 1786 Kuinoel
519 1711 562 1785 de
582 1711 647 1785 bac
671 1711 873 1810 professoris
899 1712 976 1808 flug
1000 1712 1191 1786 coniectura
1212 1715 1296 1788 seri-

133 1908 136 1914 *
175 1829 242 1902 bit:
268 1827 405 1901 «Verba
421 1854 509 1928 quae
528 1827 646 1901 blattb.
663 1828 749 1899 Xlll.
769 1830 802 1898 9.
825 1827 980 1923 leguntur
999 1816 1032 1898 ri
1056 1815 1106 1922 pl
1134 1816 1190 1898 iri
1210 1851 1295 1929 rop-

176 1941 275 2027 νείας
303 1952 319 2036 (
328 1948 396 2018 cisi
407 1946 445 2017 ob
459 1946 731 2044 (mirationem)
746 1959 861 2018 contra
874 1943 1027 2017 codicum
1040 1944 1141 2017 fidem
1155 1971 1296 2042 agram-

175 2061 308 2133 maticis
332 2060 506 2158 adscripta
530 2076 564 2132 et
587 2086 608 2132 a
634 2058 782 2131 librariis
807 2057 894 2131 male
923 2059 1051 2133 sedulis
1083 2060 1118 2131 in
1143 2060 1295 2134 ordinem

175 2176 336 2250 translata
360 2191 456 2275 putat
480 2176 604 2271 (aba
1288 2244 1289 2247 Ἴ

247 2292 343 2364 Nune
360 2291 427 2364 iam
444 2290 487 2363 de
506 2288 765 2388 interpolatione
783 2288 974 2388 multiplici,
995 2315 1097 2388 quam
1111 2289 1169 2362 alii
1187 2291 1291 2364 critici

174 2405 291 2478 biblici
312 2406 367 2478 bis
387 2404 421 2477 in
435 2403 581 2478 textibus
594 2402 848 2503 deprehendere
861 2404 925 2477 visi
945 2420 1042 2489 sunt,
1062 2403 1191 2504 aliquid
1208 2406 1294 2479 adii-

176 2521 334 2594 ciendum
360 2535 527 2621 superest.

248 2634 295 2710 dc
321 2639 355 2707 1.
384 2635 510 2710 Christi
541 2635 745 2736 colloquium
776 2663 853 2711 cum
886 2636 1075 2737 pharisaeis
1100 2637 1293 2711 absolutum

177 2750 283 2823 luisse
306 2751 419 2825 verbis
438 2750 528 2824 illis:
558 2751 652 2838 Quod
677 2752 765 2824 Deus
790 2753 978 2834 coniunxit,
1009 2753 1099 2824 bomo
1117 2780 1182 2824 oon
1200 2778 1294 2850 sepa-

175 2881 242 2951 ret,
272 2868 423 2966 adeoque
444 2883 615 2977 tamquam
634 2884 769 2941 assutos
794 2866 1003 2940 abiiciendos
1026 2893 1103 2941 esse
1121 2895 1174 2941 vv.
1198 2870 1231 2941 7.
1255 2872 1288 2941 8.

175 3006 214 3054 ac
236 2984 270 3052 9.
301 2982 426 3055 nemini
453 3008 614 3081 umquam
634 2980 885 3081 persuadebunt
906 2981 1063 3057 neoterici
1087 2982 1163 3069 isti,
1184 3010 1287 3083 quum
1309 3022 1332 3041 ι

164 3112 280 3196 'penes
299 3096 457 3195 antiquos
474 3122 613 3184 omnes,
633 3097 693 3196 qui
712 3096 776 3170 hoc
789 3097 832 3169 de
845 3113 1040 3193 argumento
1057 3115 1213 3194 egerunt,
1242 3126 1294 3171 re-

178 3212 370 3310 periantur,
390 3238 478 3311 quae
495 3211 550 3285 bis
564 3212 741 3286 versiculis
758 3214 982 3286 continentur.
1004 3213 1180 3311 Specimen
1199 3213 1294 3287 dedi-

178 3353 254 3400 mus
273 3326 307 3407 in
327 3326 428 3427 paulo
440 3344 517 3401 ante
535 3326 689 3401 adductis
708 3328 790 3401 locis
807 3355 849 3402 ex
866 3328 1053 3427 'lbeopbilo
1071 3328 1289 3413 antiocheno,

176 3441 323 3529 lustino,
351 3440 521 3516 Clemente
541 3442 653 3529 alen,
675 3442 840 3541 Origene,
869 3442 1084 3516 Tertulliano.
1115 3444 1175 3516 His
1201 3442 1293 3515 addi-

175 3583 252 3630 mus
267 3557 438 3630 versiones
452 3583 568 3631 omnes
582 3558 838 3657 antiquissimas
852 3616 860 3644 ,
876 3556 1064 3631 cuiusmodi
1086 3575 1165 3629 sunt
1183 3557 1294 3629 versic

178 3670 280 3745 latina
303 3689 337 3745 et
356 3672 493 3772 quidem
511 3672 683 3772 antiquior
705 3674 901 3747 recensione
919 3672 1176 3772 hieronymiana
1190 3674 1288 3769 (itt),

250 3843 301 3904 (2³)
316 3843 376 3892 Leo.
390 3842 433 3892 cit.
447 3855 469 3892 c.
484 3844 594 3892 xxxiv.
608 3840 650 3891 ubi
668 3842 791 3891 Pometiae
808 3842 865 3891 nota
885 3844 939 3893 542.
954 3839 1061 3891 ostendit
1078 3839 1153 3891 verbe
1168 3852 1231 3902 quae
1245 3840 1293 3889 troc

171 3920 225 3971 loco
239 3921 345 3972 adduxit
357 3922 536 3984 Tertullianus,
555 3921 684 3985 desumpta
701 3922 776 3972 luisse
793 3934 822 3972 er
843 3934 898 3985 cap.
912 3923 942 3971 V.
955 3934 979 3970 v.
993 3928 1034 3973 32.
1044 3933 1065 3971 s.
1080 3920 1205 3971 Matthaei.

249 4002 299 4063 (tt)
316 4004 457 4052 comment.
472 4006 500 4052 tu
517 4001 563 4053 tte.
575 4001 637 4053 lrtst.
650 4003 680 4051 N.
693 4004 722 4051 T.
734 4001 766 4052 ad
781 4014 805 4051 v.
822 4008 859 4052 32.
874 4012 929 4064 cap.
942 4003 972 4049 v.
990 3999 1076 4049 ustie.
1088 4001 1186 4050 Eisone
1201 4000 1227 4049 to
1242 3999 1292 4050 edi-

173 4082 281 4132 tionibus
299 4081 393 4132 enticie
412 4082 558 4146 Wetetenii,
572 4081 726 4133 Griesbecbii
744 4085 770 4133 et
787 4081 924 4133 Tittmenni
939 4080 1026 4131 emtam
1042 4074 1080 4143 μή
1104 4071 1148 4126 ivri
1172 4072 1295 4143 πορνείας

173 4174 202 4210 ex
221 4158 270 4210 ilde
286 4161 401 4211 codicum
417 4159 496 4211 critic.
517 4160 661 4212 retinentur.

248 4240 299 4303 (to)
314 4238 354 4291 cr.
368 4239 435 4303 apud
449 4239 577 4290 sanctulo
594 4239 663 4291 atet.
686 4252 741 4290 rec.
759 4242 890 4290 uetuere
910 4239 1010 4289 latinam
1029 4240 1173 4303 animone,
1188 4248 1234 4288 reu
1250 4250 1291 4288 uc·

173 4322 216 4371 tus
226 4320 309 4371 itote:
326 4320 409 4370 Remis
423 4323 491 4371 tite.
502 4322 563 4371 tom.
576 4323 620 4370 tlt.
633 4321 697 4384 pert.
712 4321 756 4369 lit.
770 4322 807 4371 De
820 4320 867 4369 bec
880 4320 934 4383 ipsa
953 4318 1065 4370 versione
1078 4318 1216 4381 antiquiore
1227 4321 1293 4369 certe

173 4399 554 4451 circummunientium
575 4398 600 4449 tu
621 4398 721 4463 praeiet.
744 4412 803 4449 suae
822 4398 979 4450 recensionis.
