3234 5084
320 413 390 484 192
453 432 516 485 m.
532 432 581 484 ru.
598 431 684 484 caer.
697 431 834 483 rursm.
852 431 892 483 ur
909 430 1021 483 rmus.
1043 431 1139 483 arra.
1155 429 1280 482 esarsr.

320 553 385 628 lice
411 568 469 626 aut
492 549 697 639 concubina,
726 548 917 624 necabam
950 575 1086 624 causam
1120 547 1265 623 admittit
1297 547 1433 622 divortii

319 685 452 770 praeter
469 667 741 755 fornicationem,
758 693 848 767 quae
864 666 1093 766 supervenerit
1103 691 1182 740 vero
1194 665 1351 762 coniugio
1363 665 1433 738 iam

320 785 416 860 inito.
438 783 530 859 Idem
555 783 611 856 dic
636 783 679 856 de
703 782 807 857 altero
840 795 930 855 testu
962 781 1077 854 llatth.
1098 782 1185 854 xlx.
1207 783 1242 853 8.
1262 795 1296 854 et
1313 783 1348 852 9.
1373 777 1433 855 ubi

320 899 477 974 Christus
495 899 646 973 eamdem
665 899 783 1001 repetit
795 898 996 972 seutentiam
1010 896 1209 971 clarioribus
1228 895 1433 970 adhuo‘rer·

320 1014 376 1088 bis
402 1015 540 1088 dicens:
555 1014 752 1101 «Quoniam
777 1015 912 1114 Moyses
937 1012 980 1084 ad
1004 1013 1162 1085 duritiam
1190 1011 1430 1085 cordisvestri

320 1131 475 1230 permisit
496 1129 592 1204 vobis
618 1130 786 1202 dimittere
803 1112 931 1202 ¹rrarorce
962 1140 1110 1201 vestras:
1131 1127 1174 1200 ab
1199 1126 1294 1200 initio
1318 1141 1430 1199 autem

321 1270 389 1318 non
415 1245 478 1317 luit
496 1244 557 1350 sic.
578 1244 661 1317 Dico
679 1261 788 1317 autem
806 1242 924 1331 vobis,
945 1243 1027 1342 quia
1044 1244 1249 1342 quicumque
1266 1240 1433 1313 dimiserit

321 1384 458 1431 uxorem
481 1384 598 1445 suam,
628 1357 694 1429 nisi
717 1358 759 1431 ob
786 1357 1060 1443 fornicationem,
1087 1372 1121 1428 et
1149 1355 1250 1429 aliam
1280 1355 1426 1442 duxerit,

320 1471 532 1559 moechatur,
558 1473 671 1572 etqui
699 1471 876 1545 dimissam
909 1471 1061 1559 duxerit,
1088 1468 1433 1555 moechaturuQuis·

321 1613 399 1660 nam
424 1609 504 1661 vero
532 1587 616 1660 baec
638 1587 752 1684 legens
779 1589 1007 1687 suspicaretur
1030 1587 1073 1660 de
1094 1586 1293 1661 dimissione
1310 1610 1433 1659 concu-

321 1704 423 1777 binae
447 1688 624 1779 cuiusdam
650 1720 708 1777 aut
734 1704 866 1804 pellicis
891 1719 983 1777 extra
1012 1703 1196 1805 legitimum
1228 1686 1430 1777 connubium

320 1838 354 1896 et
378 1847 445 1895 non
471 1820 515 1894 de
537 1847 617 1894 vera
639 1847 743 1894 uxore
765 1846 955 1895 sermonem
979 1818 1120 1893 baberi?

394 1936 572 2011 {Obstat
596 1936 677 2011 huic
702 1938 903 2037 expositioni
922 1935 1134 2041 subsequens
1151 1934 1276 2009 Christi
1299 1950 1434 2009 senten·

320 2053 380 2124 tia.
400 2036 532 2123 Etenim
558 2048 712 2124 Christus
737 2066 880 2151 utroque
905 2052 940 2122 in
971 2051 1043 2124 loco
1072 2049 1255 2124 decretoria
1286 2076 1434 2149 pronun·

323 2166 401 2251 ciat,
413 2192 489 2239 eum
503 2193 563 2266 qur
553 2166 754 2240 dimissam
772 2166 924 2253 duxerit,
939 2165 1137 2240 adulterare.
1151 2167 1253 2239 Porro
1270 2165 1435 2238 adulterat

320 2280 458 2380 quidem
476 2282 535 2380 qui
553 2306 690 2355 uxorem
707 2282 845 2355 alterius
863 2281 976 2355 adhuc
992 2281 1135 2355 viventis
1153 2281 1231 2354 licet
1242 2280 1432 2370 dimissam,

321 2396 436 2484 ducit‘,
457 2395 549 2469 nullo
565 2421 644 2469 vcro
658 2380 759 2470 modo
778 2380 945 2469 adulterat
960 2396 1019 2496 qui
1033 2394 1254 2469 concubinam
1271 2393 1314 2468 ab
1332 2394 1436 2469 altero

321 2510 497 2584 dimissam
528 2512 564 2583 in
588 2512 839 2586 matrimonium
864 2511 929 2584 sibi
956 2511 1126 2610 copularat
1153 2513 1242 2607 (tto).
1272 2510 1376 2582 lmmo
1405 2508 1435 2582 si

227 2688 229 2691 .
320 2627 469 2725 legitime
493 2627 529 2699 id
554 2612 653 2700 laciat
677 2653 720 2699 ne
745 2641 863 2728 peccat
886 2624 1036 2725 quidem.
1056 2624 1210 2698 Attamen
1224 2651 1263 2697 ex
1280 2622 1431 2695 Christo:

321 2770 382 2841 qur
376 2743 577 2815 dimissum
601 2741 750 2826 descrit,
772 2741 955 2827 adulterae
975 2767 1054 2839 ergo
1072 2756 1188 2839 aperta
1214 2740 1320 2813 lronto
1344 2738 1434 2812 eius·

322 2858 414 2931 modi
423 2857 604 2963 expositio
630 2854 828 2930 adversatur
853 2855 979 2931 Christi
1005 2855 1202 2929 sententiae

395 2972 627 3047 a‘obsnt
596 2997 649 3044 vis
675 2973 751 3072 ipsa
775 2998 816 3045 ac
843 2987 993 3071 potestas
1020 2972 1113 3046 vocis
1136 2952 1317 3069 πορνεία,
1343 2995 1433 3069 quae

320 3087 412 3161 ab”
390 3112 435 3160 ns
441 3087 504 3161 ita
531 3084 748 3183 intelligitur,
776 3102 814 3159 ut
838 3086 1007 3186 duplicem
1032 3102 1158 3184 tantum
1180 3085 1432 3159 lomicationem

320 3202 474 3299 designet
486 3201 560 3274 sine
573 3200 746 3331 ocniugio,
765 3202 996 3276 minimevero
1013 3200 1214 3276 adulterium
1231 3216 1307 3300 post
1319 3199 1429 3300 ipsum

320 3317 507 3416 legitimum
533 3316 739 3415 coniugium.

394 3434 514 3506 Notum
533 3456 634 3529 porro
650 3445 703 3503 est
719 3457 760 3503 ex
778 3457 949 3505 cummuni
940 3430 1160 3561 scripturae
1184 3427 1343 3530 loquendi
1364 3452 1430 3501 usu

318 3572 434 3623 vocem
459 3531 633 3646 πορνείαν
649 3537 896 3644 fornicationem
924 3547 1114 3648 promiscue
1140 3547 1228 3619 sumi
1253 3544 1297 3618 ad
1322 3542 1430 3644 quod·

320 3687 464 3762 cumque
483 3661 648 3757 flagitium
675 3661 934 3758 significandum
959 3678 1063 3734 extra
1070 3660 1252 3758 legitimum
1270 3658 1431 3755 coniuga-

319 3775 385 3851 lem
403 3776 665 3850 concubitum
638 3802 708 3850 srva
732 3802 808 3849 cum
835 3776 962 3863 soluta,
991 3777 1062 3850 sive
1085 3777 1187 3849 etiam
1211 3799 1287 3848 cum
1311 3766 1431 3846 coniu-

319 3906 396 3987 gata
414 3907 593 3989 patratum.
607 3891 682 3977 Quo
694 3892 870 3991 posteriori
887 3918 991 3965 sensu
1003 3890 1184 3965 adhibetur
1194 3915 1258 3963 vox
1272 3872 1428 3985 repotia
1525 3978 1526 3981 Ἴ

319 4004 363 4078 ab
392 4005 552 4105 Apostolo
580 4007 607 4079 l.
628 4006 704 4080 Gor.
733 4007 770 4079 V.
802 4007 836 4080 1
870 4005 1052 4081 «Omnino
1083 4006 1219 4080 auditur
1247 4004 1333 4076 iuter
1368 4027 1428 4077 vos

393 4209 529 4272 (tortura
545 4210 697 4262 adversarios
710 4211 752 4264 ille
764 4211 919 4264 solummodo
933 4226 986 4264 non
1003 4213 1161 4275 adulteraret,
1173 4212 1218 4275 qui
1230 4209 1357 4261 dimissam
1370 4219 1427 4259 con·

320 4286 445 4339 sabinam
454 4289 562 4340 duxerit.
573 4292 678 4354 Optime.
692 4293 735 4342 Ast
746 4292 871 4354 quomodo
881 4291 907 4342 ld
918 4295 1009 4344 eruunt
1019 4308 1048 4344 ex
1061 4293 1151 4345 christi
1161 4291 1255 4355 verbis,
1266 4290 1309 4355 qui
1318 4298 1430 4353 expressa

320 4367 352 4419 da
367 4381 452 4420 azera
461 4372 558 4422 uatum
571 4371 682 4435 disserit,
696 4374 721 4424 et
731 4372 839 4425 altirnrat
849 4372 1002 4427 odonem
1013 4374 1057 4439 qui
1070 4388 1125 4427 eam
1135 4371 1248 4425 duxerit?
