3234 5084
310 480 378 531 Gll'.
397 479 440 528 tv.
457 477 497 527 DE
510 476 621 528 annac.
640 477 731 526 cmxl
744 477 781 525 ET
794 476 867 526 cm.
884 474 1029 525 taluam.
1046 474 1118 524 ΑΙΤ.
1135 474 1172 524 ll.
1229 452 1295 523 ml

185 599 276 673 medi
296 598 409 671 verbis
435 597 602 669 caullato:
631 596 809 666 Anatlrema
834 597 898 677 cit,
926 596 959 665 ai
973 596 1051 691 qais
1073 591 1220 675 diarrit,
1250 618 1304 665 sa-

186 728 384 787 mnsanctam
403 737 573 784 romanam
600 711 792 782 catholicam
820 724 852 781 et
871 710 1081 807 apostolicam
1108 708 1301 792 ecclesiam,

185 855 267 926 qnae
282 843 387 899 naar
404 841 435 898 ct
452 827 613 923 mapistra
633 825 777 897 aliarum
793 839 858 908 cet,
879 848 1015 907 arasse,
1035 822 1088 895 cel
1105 848 1215 895 errare
1232 848 1305 895 cum

186 942 311 1026 demit,
332 957 363 1014 et
379 941 483 1024 docet,
507 956 640 1038 propter
655 939 855 1014 adaltmtnm
871 939 1007 1011 alterins
1025 940 1213 1036 coninpnm,
1237 963 1305 1010 ma-

188 1060 375 1129 trimonium
399 1084 463 1127 non
482 1082 577 1153 posse
601 1056 756 1140 dissolni;
783 1069 1048 1151 necutrumque,
1068 1054 1237 1126 ueletiam
1254 1056 1306 1125 in·

188 1187 349 1244 nocentem
364 1173 548 1269 coainqem,
573 1173 633 1269 qai
657 1197 789 1244 cansam
806 1168 967 1242 adulterio
984 1195 1049 1240 non
1065 1167 1173 1251 dedit,
1193 1166 1305 1240 debere

188 1312 307 1358 naenm
328 1288 571 1358 matrimonium
595 1286 799 1370 contrahere,
822 1286 1044 1383 mccclrariqnc
1068 1310 1159 1368 cnm
1183 1285 1243 1382 qai
1257 1283 1306 1355 di·

188 1403 289 1472 missa
312 1399 462 1472 adultera
485 1400 589 1471 aliam
605 1400 758 1483 darent,
790 1416 821 1473 ct
846 1426 934 1485 eam,
956 1426 1039 1499 qaae
1056 1399 1190 1475 dimism
1207 1397 1304 1471 adul-

191 1531 261 1587 tero·
280 1516 343 1588 alii
365 1518 521 1613 nupserit.
553 1516 729 1614 Propterea
755 1515 866 1613 rogari
893 1531 1004 1614 patres
1025 1513 1070 1586 ab
1094 1512 1302 1599 oratoribus,

191 1647 228 1702 ut
251 1629 303 1703 vel
325 1655 384 1715 aa,
404 1630 457 1702 vel
480 1629 546 1702 alia
570 1630 699 1702 meliori
727 1630 876 1716 ratione,
897 1656 959 1728 pro
983 1629 1135 1759 ipsorum
1152 1627 1306 1728 ›pruden-

191 1744 321 1818 tissimo
336 1743 519 1831 arbitratu,
540 1744 689 1819 vellent
680 1773 715 1817 m
733 1772 774 1819 eo
791 1745 973 1842 gratificari
991 1744 1229 1819 serenissimae
1244 1744 1306 1819 rei·

189 1845 364 1957 publicae,
384 1883 474 1956 quae
491 1884 623 1958 semper
638 1875 872 1933 sacrosanctae
889 1858 968 1931 Sedi
985 1857 1191 1959 apostolieae
1207 1855 1305 1997 obse·

187 1991 265 2048 cata
289 1974 388 2073 plene
412 1975 538 2060 luerat,
565 1990 599 2048 et
620 1990 691 2047 erat
715 1973 945 2049 observatura.
964 2004 982 2043 n

276 2089 380 2163 «Hoc
404 2088 574 2187 exemplar
601 2089 645 2162 ab
669 2089 857 2163 aratoribus
878 2090 1103 2188 propositum,
1131 2086 1306 2162 videbatm
1422 2099 1424 2103 ’

187 2203 289 2277 alicui
315 2228 356 2275 ex
381 2201 487 2300 ipsis,
515 2218 574 2274 aut
599 2229 640 2276 ex
665 2203 817 2301 ipsorum
842 2202 1068 2289 consiliariis,
1092 2219 1205 2276 notam
1224 2201 1306 2273 hae»

189 2316 276 2389 rasis
300 2315 391 2389 haud
414 2316 604 2389 inusturum
623 2316 774 2414 opinioni
793 2317 997 2402 contrariae3
1027 2315 1088 2389 sed
1113 2315 1182 2389 rim
1208 2315 1307 2389 dum⁴

190 2447 280 2504 taxat
305 2431 496 2504 habiturum
521 2430 565 2504 ad
591 2430 811 2527 inlligendum
843 2432 1022 2505 anathema
1050 2431 1235 2504 temerariis
1270 2431 1305 2501 in

188 2572 229 2620 eo
253 2546 536 2645 vituperatoribus
575 2545 761 2633 ecclesiae,
796 2573 884 2646 quae
912 2546 1050 2646 optimis
1076 2547 1155 2619 nisa
1183 2543 1305 2618 lunda-

189 2663 310 2736 mentis
323 2689 397 2736 eam
410 2662 617 2748 doctrinam,
639 2665 770 2736 tametsi
788 2689 856 2737 non
875 2680 1045 2763 tamquam
1064 2663 1143 2736 fidei
1155 2663 1303 2760 dogma.

190 2778 354 2851 tradebat.
374 2778 475 2851 Aliud
492 2780 634 2852 lertasse
656 2777 700 2851 ab
717 2778 795 2852 aliis
813 2777 1105 2863 considerabatur;
1128 2776 1303 2863 nimirum,

191 2916 348 2988 peream
379 2894 583 2967 sanctionem
619 2920 686 2967 non
712 2894 865 2967 damnari
899 2910 1069 2994 tamquam
1104 2894 1305 2967 haereticam

191 3007 390 3079 sententiam
414 3009 626 3106 oppositam,
661 3010 728 3083 nisi
759 3011 869 3111 posita
895 3009 1060 3083 ecclesiae
1082 3011 1302 3094 auctoritate3

190 3135 225 3191 et
240 3144 308 3192 aon
325 3121 422 3218 quasi
441 3120 565 3195 divinis
578 3122 699 3196 litteris
720 3123 891 3197 evidenter
904 3123 937 3194 id
962 3141 1185 3222 repugnaret:
1206 3123 1307 3195 adeo-

189 3258 258 3332 que
282 3232 374 3332 parci
474 3259 668 3328 graecorum
689 3238 846 3322 nomini,
866 3237 973 3310 donee
992 3236 1059 3309 illis
1082 3238 1116 3309 in
1138 3252 1306 3335 comperta

190 3372 257 3419 non
284 3362 392 3432 esset,
421 3344 465 3418 ab
490 3345 634 3420 ecclesia
658 3350 853 3447 oppositum
878 3349 1013 3436 doceri;
1040 3366 1074 3423 et
1097 3351 1205 3422 donec
1234 3349 1307 3421 eius

191 3462 379 3535 auctoritati
404 3462 644 3536 contumaciter
669 3463 771 3535 iidem
797 3464 890 3537 haud
916 3465 1209 3561 refragarentur.»

267 3576 416 3650 «Postea
441 3601 517 3649 cum
544 3603 646 3675 super
671 3604 711 3651 ea
736 3604 772 3650 rc
796 3580 983 3653 sententiae
1005 3580 1217 3667 dicerentur,
1245 3579 1309 3651 An·

190 3690 288 3764 dieas
314 3690 456 3778 Cuesm,
484 3692 665 3792 episcopus
699 3693 904 3790 legionensis
936 3695 1140 3795 postulatum
1172 3694 1306 3781 reiecit⁷

191 3804 383 3892 affirmans,
412 3806 457 3879 ab
488 3806 635 3880 ecclesia
662 3834 728 3881 nen
753 3811 910 3909 usurpari
936 3838 1010 3885 eam
1035 3810 1217 3885 damnandi
1242 3804 1309 3883 lor-

190 3919 337 3992 mulam:
365 3923 407 3993 Si
425 3925 499 4019 qais
517 3922 661 4007 dicerit„
683 3925 850 3997 ecclesiam
867 3952 1002 3999 errasse.
1025 3927 1119 3999 Hanc
1136 3926 1308 4000 veritatem

188 4057 268 4105 esse
290 4050 414 4107 certam
438 4060 478 4109 ac
511 4037 677 4112 firmatam
703 4039 737 4110 in
763 4040 894 4138 synodo
920 4040 1114 4115 milevitana
1138 4068 1215 4140 cap.
1246 4043 1303 4112 13.

191 4147 226 4216 in
252 4164 346 4220 sexta
370 4152 601 4240 oecumenica,
630 4170 664 4227 et
685 4155 718 4225 in
745 4154 943 4241 florentina;
965 4154 1173 4255 adduxitque
1190 4183 1230 4228 ex
1248 4181 1309 4256 pa-

190 4260 298 4335 tribus
323 4267 453 4361 graecis
479 4266 682 4342 Clementem
708 4269 881 4342 alexandr.
911 4285 944 4344 et
964 4270 1142 4344 Basiliam:
1163 4272 1254 4371 quod
1277 4273 1307 4345 si

189 4376 267 4475 quis
292 4404 332 4450 ex
354 4378 431 4453 eliis
449 4381 677 4469 deerraverat,
699 4384 901 4457 contrarium
920 4387 1097 4484 opinatus,
1118 4386 1307 4486 complures
