3234 5084
303 417 373 488 121
448 441 508 490 ιιι.
519 440 567 490 ιιι.
584 440 670 490 rrcr.
687 440 817 492 rursm.
834 442 874 492 66
891 438 1003 493 61666.
1019 442 1115 494 ιιιι6.
1132 444 1254 496 cenrsr.

304 554 378 654 lege
395 557 499 654 repeti
516 556 616 631 debet
637 558 885 633 indissolubilis
903 560 1049 658 coniugii
1069 561 1222 636 firmitas.
1239 564 1414 664 Siquidem

304 669 369 744 hoe
391 686 443 745 est
467 686 583 769 aptum
608 672 776 746 criterium
802 674 845 746 ed
870 674 1137 772 dignoscendum
1166 678 1251 777 quid
1278 696 1416 753 naturae

304 784 356 857 lex
381 787 586 886 praecipiat,
615 787 697 887 quid
722 813 801 861 uere
825 804 935 861 vetet:
964 790 1128 889 praecipit
1157 792 1315 865 nimimm
1341 820 1417 892 per-

305 903 523 1000 petuitatem,
551 919 639 975 vetat
664 920 775 976 autern
800 902 1056 978 dissolutionem
1081 906 1242 1003 coniugii.

377 1019 503 1091 Revera
527 1045 567 1091 ex
593 1018 760 1090 communi
787 1017 960 1091 hominum
987 1045 1107 1105 sensu,
1127 1021 1185 1118 qui
1204 1048 1269 1094 usu
1287 1046 1352 1095 non
1372 1022 1417 1094 611

304 1147 502 1231 66666166,
531 1131 679 1229 coniugii
705 1130 883 1205 dissolutio
910 1131 1038 1230 aliquid
1064 1130 1200 1206 exhibet
1223 1134 1356 1208 loedum
1382 1150 1416 1208 et

307 1248 371 1321 iuri
391 1247 457 1348 ipsi
476 1263 615 1321 naturae
638 1248 853 1320 contrarium.
875 1247 962 1320 llinc
985 1248 1087 1320 etiam
1113 1264 1289 1347 espanes
1316 1249 1418 1323 natio-

305 1362 405 1436 nibus
432 1362 476 1435 ab
502 1363 578 1461 ipsa
604 1363 651 1435 rei
677 1377 796 1435 natura
829 1362 941 1461 6611116
966 1363 1143 1437 ostendere
1174 1379 1419 1437 consueverunt

304 1477 494 1552 foeditatem
519 1476 673 1563 divortii,
705 1477 795 1576 quod
822 1476 895 1575 lege
920 1478 1115 1575 evangelice
1139 1504 1277 1578 prorsus
1301 1478 1417 1551 subla·

305 1609 373 1666 tum
387 1606 449 1666 ost.
461 1590 613 1667 Sufficiat
631 1591 706 1665 heic
726 1591 848 1666 allerre
868 1592 1137 1691 praeclarissima
1152 1591 1320 1666 Ambrosii
1342 1619 1416 1667 666-

304 1705 368 1780 ba:
387 1706 491 1780 «Noli
516 1733 596 1805 ergo
621 1733 758 1781 uxorem
783 1707 970 1794 dimittere,
993 1708 1156 1780 66116666
1178 1724 1255 1781 tuae
1276 1707 1417 1807 copulae

295 1821 482 1894 diffitearis
500 1837 680 1894 auctorem.
697 1821 829 1895 Etenim
847 1822 876 1894 61
895 1820 1037 1909 alienos,
1054 1822 1159 1896 multo
1176 1823 1285 1920 magis
1302 1824 1416 1896 uxoris

305 1936 408 2010 debes
443 1935 583 2010 tolerare
606 1951 640 2009 61
663 1936 841 2010 emendare
874 1937 1134 2023 mores....Quo
1159 1962 1235 2009 cum
1266 1936 1416 2037 parvulis

305 2052 392 2125 loeta
416 2050 618 2124 dimittitur?
642 2052 716 2138 Quo
742 2050 897 2125 titubanti
923 2051 1065 2149 vestigio
1090 2051 1281 2149 grandaeua
1304 2051 1417 2153 detru-

305 2164 567 2252 1116ιῖ116666,
595 2166 625 2238 si
650 2165 810 2239 excludas
832 2182 1020 2265 parentem,
1050 2166 1192 2265 pignora
1216 2182 1350 2252 166666,
1378 2181 1416 2238 61

307 2279 350 2353 ad
371 2280 606 2354 contumeliam
629 2281 816 2368 charitatis,
836 2281 943 2355 addas
960 2281 1061 2354 etiam
1082 2280 1216 2380 pietatis
1239 2281 1414 2366 iniuriam

304 2394 424 2482 durus,
445 2395 474 2469 61
493 2411 629 2495 propter
654 2411 792 2468 matrem
819 2396 918 2469 etiam
947 2395 1034 2468 filies
1059 2394 1187 2494 pelles;
1207 2421 1284 2467 cum
1309 2393 1417 2490 magis

307 2510 469 2584 redimere
493 2536 514 2583 a
539 2526 634 2611 patre
658 2509 756 2583 liberi
785 2510 929 2583 debeant
954 2508 1088 2609 culpam
1118 2510 1280 2611 parentis.
1308 2508 1416 2594 Quam

308 2623 533 2724 periculosum
559 2625 589 2697 61
616 2624 769 2722 fragilem
794 2623 1063 2698 adolescentulae
1088 2638 1229 2696 66161666
1248 2623 1350 2696 errori
1368 2621 1418 2695 ol·

306 2738 420 2812 teras?
437 2739 544 2825 Quem
571 2739 723 2840 impium,
744 2739 866 2813 616166
887 2739 1051 2813 destituas
1077 2754 1298 2824 senectutem,
1317 2735 1416 2812 cuius

306 2853 521 2927 defloraveris
539 2852 770 2927 iuuentutem?
787 2852 875 2950 Ergo
893 2853 1104 2927 inhonoratis
1122 2851 1300 2951 stipendiis
1317 2865 1351 2923 et
1366 2874 1419 2923 ue-

307 2982 458 3039 teranum
483 2967 663 3065 imperator
686 2966 833 3040 dimittet
857 2966 1056 3064 inglorium,
1080 2982 1180 3066 atque
1206 2964 1337 3065 imperii
1364 2964 1417 3037 sui

308 3082 525 3180 possessione
542 3080 712 3154 detrudat:
730 3097 764 3154 et
777 3083 938 3155 rusticum
952 3081 1078 3155 laboris
1096 3082 1150 3153 sui
1167 3080 1324 3154 ellectum
1337 3105 1419 3176 egro

307 3221 369 3268 suo
394 3196 569 3295 propulset
594 3194 768 3294 agricole?
786 3194 837 3267 An
863 3197 954 3295 qued
980 3198 1013 3269 16
1043 3194 1197 3269 subditos
1224 3195 1318 3268 nelas
1344 3209 1416 3279 661,

309 3311 344 3382 16
357 3337 545 3410 comparem
560 3311 611 3384 166
624 3309 713 3385 6611.
723 3369 729 3382 .
740 3371 746 3382 .
759 3310 847 3383 ludi
870 3310 976 3407 legem
999 3311 1133 3385 Domini
1151 3311 1205 3384 cui
1225 3309 1421 3408 obsequun-

308 3444 361 3499 tur
377 3427 477 3500 etiam
504 3427 563 3526 qui
589 3426 681 3524 leges
707 3427 836 3513 lerunt,
857 3452 938 3524 quoe
957 3427 1044 3498 11666
1061 3428 1232 3498 coniunxit
1250 3426 1339 3497 bomo
1356 3450 1421 3495 ooo

306 3558 443 3640 separet.
466 3543 529 3614 Sed
548 3569 613 3615 nun
633 3540 741 3616 solum
761 3541 818 3616 blo
837 3540 980 3615 coeleste
997 3557 1227 3641 praeceptum,
1245 3539 1305 3613 sed
1317 3539 1421 3639 quod·

307 3656 385 3729 dam
403 3657 504 3729 etiam
522 3682 608 3757 6666
622 3657 681 3729 Dei
702 3656 854 3730 solvitur.
873 3656 1064 3741 Poterisne,
1088 3681 1163 3743 ore,
1185 3654 1307 3728 liberos
1324 3669 1417 3740 tuos,

307 3773 513 3859 1116661616,
537 3798 613 3845 6666
639 3772 704 3846 sub
729 3771 866 3859 uitrico;
887 3770 1120 3844 6611666166ιὶ
1147 3785 1272 3856 matre,
1301 3768 1422 3864 degere

309 3885 373 3956 sub
398 3884 566 3959 noverca?
584 3889 692 3971 Pone,
715 3885 743 3959 si
763 3884 938 3984 repudiate
963 3911 1030 3958 non
1056 3884 1171 3956 nubet.
1192 3884 1234 3955 Et
1250 3882 1334 3955 haec
1350 3882 1424 3955 viro

309 3997 369 4070 tibi
394 3997 511 4072 debuit
534 3998 733 4099 displicere,
754 4000 807 4073 cui
831 3997 982 4099 adultero
1000 3997 1100 4071 fidem
1120 3995 1251 4072 servat?
1268 3998 1370 4087 Pone,
1392 3996 1421 4069 si

309 4112 425 4184 nubat.
447 4114 663 4187 Necessitatia
692 4114 784 4187 illius
811 4132 905 4188 tuum
932 4114 1057 4187 crimen
1084 4128 1155 4200 est;
1174 4129 1209 4186 et
1229 4111 1423 4208 coniugium

309 4218 399 4327 quod
413 4244 527 4327 putas,
543 4229 744 4304 adulterium
762 4231 943 4326 661(33).6
960 4228 1077 4329 ltaque
1095 4229 1169 4328 1666
1186 4225 1272 4301 duce
1290 4227 1421 4300 ratione

381 4379 433 4441 (tt)
448 4380 500 4429 Lib.
517 4381 570 4428 Vll.
584 4381 608 4429 in
623 4380 1236 4444 1666,660666111166616161661.1171.
