3234 5084
309 456 377 528 tto
453 477 515 527 tm.
533 477 567 527 11.
586 474 672 527 secr.
690 475 820 526 strum.
842 474 883 525 nu
904 468 1015 526 mnrss.
1037 470 1133 526 asan.
1151 472 1276 526 camec

309 620 407 682 nem,
436 595 508 669 sire
532 618 670 679 sensum
703 592 884 681 ecclesiae,
913 594 985 667 sire
1009 591 1240 690 theologorum
1276 596 1427 669 omnium

308 734 532 795 consensum,
561 709 635 781 sive
659 706 924 794 controversias,
945 732 1033 805 quae
1049 705 1114 780 hac
1131 707 1174 779 de
1191 733 1296 780 causa
1310 709 1426 805 vigae

309 842 386 899 runt
403 851 443 899 ac
459 825 594 922 vigent,
616 823 689 897 sive
707 848 845 897 sensum
863 821 1048 896 absurdum
1066 847 1166 921 quem
1184 822 1427 923 praeseferrent

309 939 433 1013 Christi
458 938 579 1025 verba,
604 937 743 1011 evidens
761 952 813 1010 est
829 962 904 1010 eam
929 935 1022 1010 nullo
1044 937 1143 1009 modo
1168 936 1302 1036 probari
1320 955 1354 1012 et
1369 939 1427 1011 ad·

309 1056 394 1128 mitti
411 1081 533 1155 posse,
553 1053 617 1126 etsi
636 1080 702 1127 non
721 1052 867 1125 diffitear
884 1053 1011 1151 optima
1037 1052 1221 1125 intentione
1238 1069 1271 1126 et
1287 1053 1322 1125 in
1340 1053 1425 1156 opti·

307 1198 401 1244 mum
426 1170 527 1243 finem
560 1171 724 1243 invectam
750 1194 825 1242 eam
858 1193 954 1255 esse,
984 1167 1026 1239 ad
1053 1168 1262 1268 eripiendum
1297 1169 1426 1243 scilicet

308 1283 572 1384 protestantibus
590 1283 809 1382 praecipuum
832 1281 1083 1356 fundamentum
1102 1282 1157 1356 cui
1175 1282 1364 1356 innituntur
1381 1283 1423 1356 ad

307 1397 470 1473 ecclesiae
491 1396 677 1471 catholicae
695 1395 760 1471 hac
774 1396 808 1468 in
821 1422 857 1469 rc
870 1396 1125 1470 concutiendam
1145 1395 1343 1469 doctrinam.
1364 1398 1424 1470 Ast

308 1512 449 1589 baculus
473 1514 681 1587 arundineus
707 1514 841 1613 ineptus
867 1528 919 1585 est
943 1512 986 1584 ad
1012 1510 1217 1585 fulciendum
1241 1512 1306 1586 hoc
1327 1539 1424 1611 argu·

306 1643 472 1716 mentum,
494 1654 555 1701 seu
573 1627 693 1703 salsam
711 1653 752 1702 ao
769 1642 1018 1727 praeposteram
1045 1627 1363 1727 interpretationem.
1381 1627 1424 1700 Et

308 1744 392 1821 haee
417 1743 594 1819 hactenus.

723 1948 932 2007 annicetus
951 1949 1001 2005 ur.
1081 1935 1083 1938 ‘

430 2157 603 2235 Dogmatica
625 2154 770 2216 Ecclesiae
792 2157 991 2234 interpretatio
1010 2156 1160 2217 doctrinae
1178 2157 1302 2220 biblicae

440 2255 476 2315 de
487 2254 739 2315 indismiubiiitate
749 2253 928 2314 Matrimonii
941 2253 1090 2315 christiani
1104 2259 1284 2334 argumentis

538 2353 760 2413 hermeneuticis
780 2351 937 2413 scientifice
957 2353 1184 2415 demonstratur.

812 2534 850 2634 n·
880 2534 906 2639 1·

350 2731 554 2784 imissoiubiiitas
565 2732 716 2782 matrimonii
726 2731 855 2782 christiani
865 2731 939 2782 etiam
952 2731 977 2780 in
986 2742 1061 2781 musa
1070 2731 1183 2781 adulterii
1192 2743 1221 2781 ex
1234 2731 1366 2785 scientifica

541 2812 636 2875 exegesi
655 2810 767 2865 motuum
782 2810 869 2861 iiattir.
881 2812 912 2861 V.
923 2812 949 2862 ct
963 2812 1028 2861 iiiii.
1039 2808 1179 2861 deducitur.

377 2988 419 3061 Ut
435 2987 607 3061 exordiae
624 2989 855 3087 quaestionem
874 2987 962 3062 hanc
978 2988 1192 3063 exordiamur
1205 2990 1419 3088 lexpende·

306 3129 380 3178 mus
393 3103 520 3177 Christi
539 3129 679 3202 scopam
694 3103 789 3177 hisce
801 3103 836 3176 in
849 3104 949 3191 locis,
967 3104 1000 3176 2.
1014 3103 1188 3179 verborum
1206 3119 1415 3193 contextum

306 3223 339 3293 3.
358 3220 591 3294 necessitatem
612 3220 799 3293 catholicae
823 3220 1109 3320 interpretationis
1127 3219 1169 3294 ad
1186 3221 1325 3295 vitanda
1341 3246 1418 3318 gra-

302 3336 443 3411 vissima
456 3322 683 3423 incommoda,
701 3362 788 3436 quae
801 3362 841 3409 err
856 3350 1050 3410 novatorum
1065 3351 1098 3409 et
1109 3360 1304 3433 graecorum
1321 3361 1420 3436 expo-

304 3453 425 3528 sitione
442 3477 482 3525 ac
500 3450 665 3524 sententia
688 3452 899 3551 proveniunt.
918 3450 992 3537 Quo
1009 3466 1119 3524 autem
1138 3449 1269 3524 firmius
1289 3476 1343 3525 res
1361 3476 1419 3523 no·

303 3583 373 3642 stre
393 3554 629 3654 constituatur,
650 3567 878 3665 expendemus
900 3588 1050 3641 scorsum
1070 3581 1249 3665 utrumque
1269 3581 1412 3651 mutum,

302 3700 339 3757 ut
362 3699 524 3784 appareat
549 3682 702 3755 eamdem
728 3683 772 3755 iis
797 3682 940 3759 subesse
965 3682 1177 3755 sententiam.

327 3788 331 3813 ’
374 3798 529 3872 Christus
543 3798 645 3895 igitur
657 3798 772 3870 Matth.
783 3799 821 3870 V.
833 3800 890 3870 31.
903 3797 1017 3871 iiiia
1029 3796 1161 3871 locutus
1173 3812 1241 3870 est:
1261 3796 1415 3869 «Dictum

300 3928 504 3986 astantem:
528 3913 736 4012 quicumque
760 3913 929 3986 dimiserit
952 3938 1089 3987 uxorem
1112 3936 1230 3999 suam,
1251 3911 1308 3985 det
1323 3911 1354 3983 ei
1372 3911 1415 3982 li-

300 4027 426 4101 beilum
452 4028 597 4128 repudii.
621 4029 691 4125 Ego
713 4045 824 4102 autem
849 4029 926 4103 dico
949 4029 1066 4104 vobis:
1095 4030 1176 4129 quia
1200 4028 1333 4115 omnis,
1354 4027 1412 4127 qui
1503 4113 1508 4122 .

300 4140 467 4216 dimiserit
490 4169 627 4217 uxorem
649 4170 763 4232 suam,
784 4160 924 4243 excepta
942 4144 1174 4219 fornicationis
1191 4169 1314 4229 causa,
1336 4142 1417 4215 iacit

300 4283 374 4331 eam
401 4259 590 4333 moechari:
612 4262 720 4359 etqui
738 4260 916 4334 dimissam
934 4261 1083 4349 duxerit,
1105 4258 1307 4334 adulterat.»
1321 4259 1414 4330 iuxta

300 4372 540 4462 adversarios,
578 4373 733 4450 Christus
758 4376 815 4450 iris
843 4376 986 4452 uerbis:
1022 4391 1157 4475 eccepto
1187 4365 1414 4473 [emicationis
