3234 5084
365 438 468 488 canr.
481 438 523 487 nn
536 438 710 488 ιοιιιιιιιι
728 439 936 489 stantunus.
958 440 1028 489 ιιι.
1042 443 1065 488 ι.
1225 419 1263 486 tt

228 553 522 640 Quemadmodum
547 555 650 652 igitur
671 571 799 629 veteres
826 555 904 629 illae
921 573 1030 629 sectae
1047 557 1113 628 iam
1134 556 1267 629 habitae

162 686 240 743 sunt
263 686 303 742 ut
328 668 514 742 honestatis
541 670 695 767 publicae
720 695 760 742 ae
785 671 955 744 societatis
972 671 1121 744 dedecus
1138 699 1178 744 ao
1194 698 1283 771 pro-⁴

162 785 279 871 bmm,
309 784 399 856 idem
424 802 476 857 est
501 784 673 857 ferendum
700 784 743 857 de
761 785 1001 859 recentioribus
1018 787 1192 860 iudicium.
1213 788 1272 859 lle

163 926 241 973 vera
265 900 463 973 huiusmodi
488 901 785 974 communistarum
812 919 923 974 sectae
947 902 1063 974 haberi
1089 902 1212 975 debent
1235 919 1272 974 ut

164 1014 288 1115 publici
306 1016 477 1089 societatis
496 1016 609 1090 bostes
627 1043 694 1090 non
711 1016 811 1088 modo
828 1016 871 1089 ob
888 1016 1155 1089 communionem
1168 1044 1270 1116 quam

166 1130 359 1227 praedicant
383 1130 546 1205 bonormn
563 1131 734 1218 omnium,
755 1129 816 1202 sed
833 1131 953 1215 etiam,
975 1130 1042 1201 imo
1059 1131 1203 1203 maxime
1227 1130 1270 1204 ob
1289 1144 1296 1158 ‘

165 1246 295 1319 laedam
320 1246 412 1318 illam
437 1247 704 1320 communionem
730 1245 906 1318 mulierum
932 1270 1032 1342 quam
1062 1246 1270 1343 proclamare

166 1388 231 1433 non
254 1377 421 1434 vorentur.
442 1362 482 1433 Et
498 1361 718 1435 nibilominus
735 1360 874 1460 pessimi
893 1359 1087 1432 huiusmodi
1113 1360 1266 1434 homines
1348 1365 1350 1379 '

166 1503 205 1548 se
227 1477 350 1549 iactant
374 1466 544 1549 societatis
568 1492 790 1576 reparatores,
819 1474 1032 1574 potissimum
1054 1500 1133 1548 vero
1155 1475 1271 1550 libera·

165 1608 250 1662 tores
265 1591 599 1689 mnanripatoresque
617 1590 807 1662 mulierum,

233 1704 300 1776 Sed
318 1720 450 1802 praeter
466 1703 556 1776 diota
573 1702 671 1775 lacile
687 1719 740 1775 est
764 1702 891 1774 directe
915 1704 1090 1777 estendere
1114 1705 1271 1780 huiusce·

162 1817 253 1892 modi
278 1818 525 1891 communitatis
541 1816 761 1889 foeminarum
780 1832 938 1914 patronos
956 1843 1023 1889 non
1041 1818 1141 1891 modo
1158 1819 1267 1915 digni-

163 1935 221 2005 tati
234 1958 275 2006 ac
288 1931 432 2006 libertati
445 1954 547 2031 quam
559 1932 685 2004 iactant
697 1931 863 2030 sequioris
877 1957 977 2003 sexus
990 1932 1129 2005 minime
1141 1937 1272 2034 prospi-

162 2074 253 2136 oere,
270 2074 412 2147 eamque
424 2072 630 2146 promovere,
653 2046 712 2119 sed
733 2046 845 2144 petius
864 2044 1038 2119 mulierem
1051 2075 1071 2119 a
1084 2074 1145 2122 suo
1164 2051 1270 2145 gradu

162 2165 328 2250 deiicere,
342 2163 619 2261 mancipiumque
628 2161 833 2234 uilissimum
847 2160 990 2233 ellioere.
1006 2163 1089 2235 Vera
1102 2164 1269 2262 siquidem

163 2279 328 2351 foeminae
352 2279 501 2375 dignitas
519 2280 554 2350 in
570 2276 773 2350 verecundia
796 2275 973 2361 consistit,
995 2276 1031 2347 in
1048 2277 1175 2350 sanctis
1192 2302 1271 2351 oon·

163 2393 243 2488 iugii
271 2392 403 2490 legibus
428 2393 490 2464 rite
515 2391 708 2477 servandis,
733 2391 768 2460 in
789 2390 916 2488 optima
933 2414 973 2460 ac
990 2388 1149 2486 religiosa
1166 2392 1270 2489 prolis

166 2507 393 2592 institutione,
413 2505 665 2603 inaequalibus
691 2520 796 2577 status
823 2504 925 2576 buius
956 2504 1088 2577 iuribus
1114 2506 1267 2591 tuendis,

163 2623 197 2693 in
214 2622 406 2721 praebendo
418 2621 462 2694 de
474 2620 683 2693 sevirtutum
700 2621 850 2691 omnium
871 2618 1044 2716 exemplo,
1067 2645 1154 2718 quae
1171 2647 1270 2693 suum

162 2762 279 2809 serum
299 2761 460 2809 exornare
479 2733 621 2821 debent,
642 2733 683 2804 iuv
696 2733 831 2832 propria
849 2732 1062 2828 agnoscenda
1081 2734 1271 2832 tuendaque

161 2850 345 2947 dignitate,
376 2851 411 2921 in
436 2849 596 2921 fidelitate
612 2847 809 2922 omnimoda
832 2846 1001 2943 coniugali
1026 2847 1267 2936 custodienda,

162 2964 198 3034 in
214 2964 339 3037 muniis
358 2964 561 3037 domesticae
580 2962 751 3035 societatis
775 2961 961 3048 obeundis,
982 2978 1082 3061 atque
1098 2979 1135 3035 nt
1152 2967 1270 3062 paucis

159 3080 274 3151 ornnia
299 3078 521 3177 complectar,
549 3078 585 3148 in
608 3102 649 3149 eo
671 3092 725 3149 est
750 3076 914 3149 foeminae
937 3076 1084 3173 dignitas
1110 3080 1207 3151 utin
1233 3107 1270 3153 se

162 3209 278 3291 typum
312 3191 463 3265 mulieris
495 3191 701 3263 christianae
731 3190 938 3289 praeseferat
962 3206 1062 3290 atque
1088 3192 1209 3266 realem
1235 3195 1268 3264 in

159 3331 199 3377 se
220 3306 378 3379 exhibeat
397 3331 471 3378 eam
492 3304 643 3376 mulieris
657 3303 767 3376 ideam
781 3330 883 3402 quam
896 3303 1030 3376 exbibet
1047 3304 1161 3379 divina
1173 3306 1269 3377 Cbri-

156 3419 205 3491 'sti
228 3418 357 3515 religio.
379 3418 525 3504 Quaevis
543 3417 586 3489 ab
604 3416 659 3489 his
677 3416 803 3513 regulis
826 3443 866 3489 ao
890 3415 1021 3513 legibus
1042 3417 1188 3491 deviatio
1205 3419 1270 3491 loe

159 3534 288 3605 minam
311 3533 448 3606 omnino
472 3531 649 3628 deturpat,
676 3529 930 3628 atqueagradu
949 3557 1012 3604 suo
1034 3532 1069 3602 in
1091 3557 1158 3630 quo
1177 3531 1268 3605 illam

158 3646 432 3720 christianismus
459 3644 652 3730 collocavit,
673 3660 705 3716 et
729 3643 771 3714 ad
797 3669 896 3742 quem
923 3643 1014 3715 illam
1038 3643 1154 3716 extulit
1170 3646 1269 3743 plane

157 3761 318 3835 detrudit.

233 3875 289 3948 Vel
311 3877 384 3974 ipse
404 3878 591 3949 communis
617 3876 792 3951 bominum
814 3902 937 3949 sensus
960 3876 1044 3949 baec
1061 3878 1173 3949 omnia
1190 3901 1269 3950 oon-

161 3991 283 4063 firmat.
307 3990 479 4090 Quidquid
499 3991 587 4064 onim
607 3992 761 4077 sectarii,
782 4018 868 4090 quos
891 3992 1146 4091 impugnamus,
1174 3992 1269 4063 novis

160 4107 233 4178 sais
255 4106 395 4179 theoriis
421 4106 606 4179 effutierint
623 4106 705 4179 citra
722 4132 821 4180 omne
838 4104 978 4179 dubium
995 4123 1062 4193 est,
1084 4105 1174 4180 solas
1193 4104 1269 4180 illas

160 4218 318 4291 mulieres
334 4221 462 4319 passim
481 4219 570 4320 apud
589 4244 704 4294 omues
727 4235 843 4318 gentes
862 4221 1050 4308 aestimari,
1066 4220 1178 4316 magni
1196 4219 1269 4290 lieri

157 4351 193 4405 et
211 4334 436 4406 commendari
456 4361 544 4433 quae
569 4334 739 4419 castitate,
770 4333 933 4432 pudicitia
958 4362 997 4406 ae
1021 4333 1184 4406 modestia
1210 4332 1270 4407 llo,-
