3234 5084
341 477 411 528 mr.
427 472 463 527 n.
480 476 519 528 ot
533 470 707 529 romanum
721 468 917 530 summam.
930 470 1000 531 nrm.
1018 470 1053 530 ι.·
1200 452 1246 532 tf

132 593 195 667 fuit
225 593 293 691 legi
325 592 492 693 imperiali
525 617 614 694 quae
645 609 735 668 extat
765 595 800 667 in
831 588 958 671 codice
979 590 1233 671 Theodosiana:

136 707 292 807 «Siqua
317 732 359 781 ex
384 706 541 781 foeminis
566 705 698 806 pendito
721 707 860 796 marito,
878 709 968 783 intra
992 709 1071 783 anni
1098 711 1246 810 spatium

135 821 229 896 alteri
256 822 429 896 festinavit
450 821 629 896 innubere:
654 826 789 922 (parum
815 822 905 896 enim
926 825 1086 924 temporis
1110 841 1186 925 post
1201 825 1243 899 X.

134 963 270 1011 menses
286 937 488 1011 servandum
509 937 706 1024 adiicimus,
728 939 860 1011 tametsi
878 938 1035 1037 exiguum
1049 944 1245 1040 putemus);

136 1052 308 1151 probrosis
339 1052 452 1124 inusta
470 1052 577 1138 notis,
598 1050 800 1126 honestioris
824 1052 1017 1153 nobilisque
1034 1080 1198 1154 persuum
1214 1072 1249 1130 ct

136 1167 256 1241 decora
282 1183 316 1240 et
341 1166 415 1239 iure
437 1166 603 1265 privatum
625 1182 726 1266 atqua
742 1166 856 1240 omnia
873 1193 961 1267 quae
978 1167 1021 1240 da
1037 1169 1161 1268 prioris
1178 1196 1249 1243 ma·

136 1283 189 1355 riti
213 1281 315 1356 bonis
338 1279 393 1355 rel
415 1281 487 1354 iure
505 1279 770 1380 sponsaliorum,
784 1280 838 1355 vel
860 1280 986 1356 indicio
1002 1283 1151 1358 defuncti
1169 1309 1246 1358 con·

134 1396 225 1494 iugis
250 1409 430 1469 consecuta
454 1394 579 1482 fuerat,
606 1395 746 1468 amittat.
774 1395 817 1467 Et
848 1396 933 1469 sciat
964 1420 1025 1469 nec
1053 1396 1096 1470 de
1128 1413 1246 1472 nostro

133 1509 300 1586 beneficio
334 1509 388 1584 rel
420 1509 653 1584 adhortatione
684 1508 892 1609 sperandum
925 1508 992 1584 sihi
1025 1537 1103 1586 esse
1133 1511 1248 1586 subsi-

134 1627 229 1699 dium
239 1629 313 1724 (68)
322 1654 355 1697 .»
367 1625 464 1699 Hunc
476 1642 588 1699 autam
601 1651 763 1699 canonem
776 1651 817 1699 ac
833 1625 941 1724 legam
955 1617 1169 1702 Innocentius
1182 1629 1242 1702 llI.

139 1741 314 1839 abrogavit
330 1739 508 1815 definiano:
531 1740 662 1829 «Cum,
682 1741 867 1815 secundnm
884 1741 1093 1840 Apostolum,
1113 1743 1247 1833 mulier,

135 1871 268 1931 mortuo
290 1855 365 1929 uiro
388 1881 469 1942 suo,
489 1856 532 1930 ab
549 1857 623 1929 aius
648 1854 694 1929 sit
717 1853 790 1953 lege
814 1856 944 1945 soluta,
964 1872 997 1930 et
1014 1857 1162 1931 nubendi
1188 1859 1243 1932 cui

134 1970 217 2044 uelit
241 1984 368 2044 tontum
397 1972 432 2043 fo
457 1971 612 2055 Domino,
634 1968 774 2044 liberam
798 1970 923 2046 habeat
946 1971 1152 2062 facultatem,
1174 1998 1240 2048 non

137 2086 236 2161 debet
259 2085 378 2184 legalis
403 2087 563 2161 infamiae
585 2088 751 2171 sustinere
768 2087 950 2175 iacturam,
970 2088 1152 2189 quaelicet
1169 2105 1246 2189 post

136 2203 199 2276 riri
218 2202 347 2277 ohitnm
364 2202 452 2277 intra
476 2218 607 2303 tempus
631 2199 742 2276 luctus
764 2202 909 2299 (scilicet
932 2204 1034 2277 unius
1059 2205 1139 2278 anni
1165 2230 1245 2305 spa·

140 2318 243 2415 tium)
266 2317 385 2406 nubat,
407 2343 569 2393 concessa
594 2317 660 2393 sihi
685 2317 728 2392 ab
746 2317 905 2419 Apostolo
928 2317 1033 2392 utitur
1056 2335 1238 2419 potestate:

136 2458 213 2506 cnm
240 2434 276 2506 in
305 2433 360 2507 his
386 2434 583 2533 praesertim
607 2432 797 2507 saeculares
815 2433 906 2531 loges
930 2458 998 2507 uon
1022 2432 1246 2533 dedignentur

139 2573 254 2622 sacros
280 2571 426 2622 canones
452 2547 575 2620 imitari
604 2551 717 2644 (69).»

210 2662 323 2736 Altera
346 2662 493 2738 conditio
517 2688 586 2763 qua
601 2662 720 2737 saltem
737 2661 861 2736 alicubi
878 2661 1076 2737 tenebantur
1091 2663 1241 2763 quicum·

140 2804 208 2878 qne
231 2778 352 2851 iterum
377 2777 499 2853 vellent
520 2777 646 2851 nubere
670 2777 755 2852 haec
778 2794 867 2866 erat,
887 2792 924 2851 ut
948 2803 1071 2851 norum
1096 2803 1163 2851 non
1187 2804 1242 2852 ce-

139 2893 309 2977 lebrarent
320 2894 514 2993 coniugium
526 2894 655 2994 absque
668 2894 877 2969 sacerdotum
889 2892 1051 2993 etpcpuli
1064 2919 1245 2983 consensu,

141 3024 240 3109 prout
251 3008 467 3083 constitutum
485 3008 650 3109 reperitur
666 3008 702 3080 in
718 3006 970 3107 capitularibus
987 3034 1104 3107 regum
1116 3007 1248 3085 franco·

211 3218 263 3281 (cs)
276 3217 332 3267 le.
355 3219 399 3268 tn.
427 3217 466 3269 ut.
489 3225 512 3269 a.
531 3218 578 3282 leg.
598 3220 618 3268 Ι.
639 3220 678 3269 Dc
698 3217 820 3270 sanandis
834 3220 958 3283 nuptus,
982 3217 1031 3269 lata
1052 3220 1135 3269 antem
1155 3216 1195 3269 lex
1214 3218 1253 3269 cst

139 3297 262 3348 Eucherio
279 3300 305 3347 et
320 3297 420 3361 syagrio
439 3298 581 3349 consulibus
591 3311 632 3348 au.
645 3305 698 3349 ast.
711 3300 760 3349 Lex
779 3309 853 3360 porro
873 3299 933 3349 haec
948 3298 996 3349 fult
1013 3299 1123 3349 votorum
1139 3310 1251 3348 murano·

143 3390 198 3428 rum
212 3391 228 3428 a
244 3378 351 3429 Romulo
363 3378 416 3442 lpsn
426 3378 568 3441 constituta.
582 3391 638 3430 cnm
649 3391 728 3429 annm
738 3391 855 3429 romanos
862 3377 947 3429 docem
956 3380 1051 3429 tautum
1059 3376 1184 3429 mcnsthns
1194 3388 1252 3428 cca·

141 3461 225 3509 aurat
242 3460 311 3510 Licet
328 3463 410 3510 antem
429 3462 546 3524 poetata
566 3461 646 3510 Numa
662 3473 741 3510 auntrs
750 3461 888 3524 protractus
908 3459 982 3512 fncrlt
1000 3458 1031 3510 sd
1048 3472 1144 3510 manses
1156 3456 1248 3509 duode-

142 3540 200 3601 cim,
210 3543 293 3590 umen
306 3539 367 3590 nihil
384 3540 538 3590 immutatum
550 3540 587 3590 ast
599 3539 665 3591 cirta
676 3552 772 3591 menses
781 3540 866 3591 dercon
885 3539 1025 3601 viduitatis,
1038 3537 1099 3590 adso
1119 3541 1147 3589 ut
1156 3536 1253 3602 quode

143 3619 352 3684 turentturpenu
363 3622 457 3671 veteres
468 3618 569 3670 rldnam
588 3619 735 3684 postmartti
755 3619 850 3670 obltnm
869 3619 953 3683 lugere
971 3632 1016 3684 per
1031 3631 1132 3681 annom,
1152 3617 1201 3669 hoc
1218 3615 1251 3668 da

144 3712 210 3751 anno
229 3713 332 3751 romano
354 3698 438 3751 dacem
454 3700 576 3751 menslnm
592 3702 688 3750 tantum
706 3699 1012 3764 intermortuarum
1028 3700 1062 3751 tta
1080 3711 1118 3749 ras
1135 3695 1251 3762 perdura·

141 3779 179 3829 rit
199 3778 279 3830 donec
294 3778 447 3829 Theodosios
467 3779 530 3830 duos
548 3778 665 3830 adiecerit
681 3791 793 3842 menses,
813 3779 992 3843 malueritque
1012 3790 1104 3830 anuum
1122 3777 1252 3841 integrum.

140 3858 182 3910 (tf.
195 3858 314 3922 hlngham
331 3860 430 3923 ortatu.
441 3857 584 3910 ecelatnst.
598 3861 660 3910 tom.
672 3860 716 3911 lx„
734 3857 780 3909 llh.
792 3866 832 3910 ²2.
845 3872 899 3923 cap.
909 3866 932 3910 t.
949 3857 973 3923 ς.
987 3865 1010 3909 a.

212 3938 263 4001 (aa)
278 3937 333 3988 Lib.
345 3939 388 3988 lv.
396 3936 528 3989 Doeretol.
540 3940 582 3989 ttt.
597 3940 635 3989 De
648 3937 771 3989 remudis
786 3940 888 4002 nuptio
899 3950 953 4001 cap.
964 3938 1010 3989 ult.
1021 3936 1090 3988 lnam
1100 3948 1155 4001 cap.
1167 3939 1191 3989 t.
1203 3939 1250 3989 Sat·

140 4017 283 4082 peritton
302 4016 365 4068 told.
380 4019 467 4069 sumit
483 4017 596 4068 Urbanus
615 4020 659 4069 ΙΙΙ.
672 4019 747 4081 atquc
769 4017 818 4067 hoc
835 4016 941 4081 merito,
962 4029 1020 4067 nam
1041 4029 1072 4067 cx
1092 4015 1168 4067 allata
1183 4016 1255 4068 Pauli

142 4098 263 4149 tentantia
281 4101 408 4150 rercmtae
424 4101 482 4150 sont
505 4111 591 4151 omncs
609 4110 700 4161 poenae
714 4099 740 4149 ct
750 4095 866 4147 mamito
882 4109 946 4160 quac
962 4094 1097 4147 secmdunr
1110 4094 1175 4160 legas
1192 4096 1253 4147 clri-

145 4178 181 4230 lcs
197 4178 296 4230 mulleri
317 4177 425 4230 meando
447 4178 548 4229 nubenti
569 4176 758 4241 infirmantum
774 4176 881 4227 malms
895 4175 917 4226 sl
932 4176 997 4226 lutra
1011 4177 1108 4239 tempus
1123 4174 1213 4239 lochis,
1228 4174 1255 4227 ld

143 4262 181 4308 est
195 4259 259 4310 infra
276 4271 389 4322 annom,
404 4261 447 4309 ant
463 4258 527 4309 infra
541 4256 627 4309 decem
652 4270 747 4308 meum
768 4256 880 4307 nuberet.
897 4255 962 4306 utne
976 4254 1126 4307 Plutarchus
1141 4254 1166 4305 ln
1182 4256 1255 4307 Anto·

146 4339 187 4390 ulo
202 4339 289 4403 refert,
305 4341 433 4392 octaviam
448 4352 557 4390 sororem
568 4338 670 4402 Amasti
690 4337 811 4400 cosath,
827 4338 926 4388 mastos
938 4337 1061 4400 consulto.
1072 4338 1097 4388 ct
1112 4335 1256 4388 auctoritato

146 4418 319 4484 mlum,
330 4423 358 4473 nt
373 4420 427 4473 ture
441 4423 522 4484 posset
536 4423 570 4474 st.
584 4420 689 4472 Antonio
700 4418 856 4471 nubercam
871 4418 955 4469 decem
967 4429 1063 4472 menses
1077 4430 1093 4468 a
1107 4416 1155 4467 rtrf
1168 4415 1247 4469 chltu.
