3234 5084
310 392 380 465 lii
456 413 697 464 emanator.
713 410 899 462 ursanus
916 408 1029 460 mnus.
1045 406 1141 501 nrp.
1159 405 1284 461 ιιιιιι.

308 535 408 608 lieres
425 532 568 606 iudaeae
585 532 742 604 inventas
766 531 851 617 sint,
872 553 961 629 quae
985 553 1142 602 romanas
1172 527 1342 601 imitantes
1364 553 1428 603 an·

309 676 369 724 sae
393 648 519 722 luerint
542 647 673 720 maritis
699 645 852 719 libellum
878 645 961 718 dare
977 642 1109 744 repudii
1136 644 1250 739 (itit.

382 763 432 835 Er
458 763 515 835 his
530 760 688 835 omnibus
706 776 795 861 patet
819 759 985 834 eiusmodi
1010 758 1281 833 eonstitutionem
1301 760 1428 833 mosai-

310 903 384 952 oom
410 902 477 950 non
502 876 609 949 luisse
629 874 898 974 praeceptivam,
920 872 981 948 sad
1009 888 1139 947 tantum
1164 872 1424 972 permissivum,

310 1019 518 1094 aspersam
536 991 698 1065 divinitus
714 988 1002 1091 dispensationem
1023 989 1135 1063 datam
1154 989 1261 1063 luisse
1279 989 1427 1088 primae·

306 1135 373 1184 tae
396 1108 463 1207 legi
492 1105 803 1180 indissolubilitatis
828 1106 943 1180 olleo
969 1106 1046 1204 ipso
1076 1103 1285 1181 eonstitutae,
1301 1105 1337 1179 in
1363 1116 1429 1179 uu-

310 1227 456 1326 ptiarum
480 1221 690 1298 institutione
716 1222 804 1295 inter
827 1232 1091 1321 protoparentes.

726 1435 935 1494 ARTlCULUS
956 1436 1006 1492 lll.

347 1617 484 1691 Quaestio
504 1613 677 1692 expenditur
698 1630 735 1673 an
758 1620 788 1674 et
812 1613 961 1691 quomodo
985 1612 1111 1690 perlecta
1136 1613 1392 1690 indissolubilius,

399 1728 475 1789 quoe
488 1729 523 1772 ex
538 1711 601 1788 lege
614 1710 781 1788 evangeliea
794 1713 911 1787 propria
924 1716 968 1770 est
981 1709 1161 1771 Matrimonii
1172 1709 1334 1787 christiani,

564 1806 731 1866 deducentia
750 1808 789 1867 sit
807 1823 825 1866 e
846 1810 956 1868 ratione
976 1810 1162 1868 sacramenti.

387 2006 487 2107 Apud
512 2006 687 2104 theologos
711 2032 829 2081 omnes
854 2006 1037 2082 eatholioos
1055 2021 1163 2080 ratum
1181 2007 1353 2108 fixumque
1376 2024 1431 2081 est

313 2123 350 2195 in
372 2122 446 2221 lege
478 2122 674 2219 evangelica
703 2124 751 2196 ita
776 2122 1014 2197 indissolubile
1041 2149 1118 2198 esse
1147 2123 1361 2222 coniugium,
1390 2138 1430 2197 ut

312 2238 417 2314 semel
441 2264 482 2312 ao
497 2254 765 2315 consummatum
790 2237 910 2326 fuerit,
930 2265 1115 2339 numquam
1137 2239 1246 2339 possit
1269 2238 1426 2313 dissolvi.

310 2354 355 2428 dt
381 2354 411 2430 si
435 2368 550 2428 tantae
571 2354 740 2428 firmitatis
760 2355 845 2429 ratio
861 2371 1057 2455 quaeratur,
1076 2382 1142 2429 non
1167 2382 1237 2428 una
1261 2370 1313 2429 est
1332 2355 1430 2429 theo-

312 2469 466 2569 logorum
493 2470 672 2544 sententia.
694 2469 760 2556 Qui
776 2497 817 2544 ex
835 2470 908 2544 solo
932 2471 1034 2545 etiarn
1060 2473 1133 2545 iure
1151 2487 1291 2546 naturae
1316 2470 1432 2545 matri·

312 2586 420 2661 monii
445 2585 776 2661 indissolubilitatem
804 2585 939 2687 probari
972 2589 1107 2661 omnino
1139 2586 1362 2674 contendunt,
1391 2603 1431 2660 ut

316 2727 421 2803 supra
445 2700 609 2789 diximus,
630 2700 655 2775 ii
673 2716 792 2801 putant
810 2701 1012 2776 sacramenti
1030 2700 1193 2776 rationem
1217 2701 1273 2774 vix
1299 2699 1431 2802 aliquid

314 2816 439 2889 addere
469 2843 573 2917 posse
596 2817 728 2890 nativae
752 2815 1059 2904 indissolubilitati;
1080 2816 1139 2890 alii
1155 2842 1230 2890 eam
1246 2817 1358 2917 potius
1375 2815 1432 2889 de

314 2930 442 3006 ducunt
467 2959 508 3006 ex
534 2947 712 3031 praecepto
737 2932 880 3033 positivo
905 2947 975 3006 tum
993 2932 1074 3020 Dei,
1093 2930 1152 3032 qui
1179 2931 1430 3006 matrimonium

315 3045 360 3119 ab
384 3045 481 3119 initio
506 3070 547 3118 ea
567 3043 640 3143 lega
661 3046 826 3133 instituit,
855 3061 924 3119 tum
950 3046 1076 3120 Christi
1103 3046 1162 3146 qui
1188 3045 1272 3118 illud
1290 3046 1333 3118 ad
1360 3046 1431 3146 pri·

315 3160 440 3234 stinam
472 3161 683 3234 severitatem
700 3161 866 3249 restituit}
884 3161 942 3235 alii
960 3161 1107 3263 denique
1126 3188 1167 3235 ex
1191 3188 1230 3236 eo
1249 3162 1340 3262 quod
1361 3187 1432 3236 ma-

307 3274 509 3349 tiimonium
536 3274 759 3349 christianum
778 3275 821 3349 ad
846 3277 1042 3375 dignitatem
1064 3277 1265 3352 sacramenti
1280 3292 1431 3352 ereemm

315 3391 361 3465 sit
375 3407 409 3464 et
429 3389 592 3492 peculiari
617 3392 765 3491 quodam
784 3393 883 3467 modo
902 3394 1064 3468 unionem
1090 3393 1188 3466 Verbi
1209 3420 1285 3466 eum
1312 3392 1435 3465 huma·

315 3505 440 3593 nitate,
468 3522 501 3579 et
523 3505 648 3580 Christi
678 3532 754 3581 eum
775 3506 918 3580 ecelesia
943 3507 1123 3605 signifieat.

388 3620 494 3696 Nobis
511 3648 601 3695 nune
622 3622 857 3697 disserendum
875 3638 1002 3696 tantum
1019 3639 1071 3696 est
1087 3623 1130 3696 de
1154 3624 1218 3697 hae
1237 3624 1335 3697 tertia
1352 3648 1432 3695 sen·

317 3736 434 3826 tantia,
449 3738 541 3812 cirea
558 3763 660 3838 quam
677 3738 733 3811 vir
750 3738 817 3810 diei
832 3753 941 3839 potest
957 3754 1084 3839 quanta
1104 3738 1138 3812 in
1156 3767 1199 3821 ,ea
1214 3738 1433 3840 proponenda

315 3852 363 3926 sit
385 3854 581 3954 opinionum
614 3855 771 3930 varietas.
802 3855 948 3941 Quidam
974 3856 1064 3927 enim
1101 3857 1246 3929 maxime
1270 3857 1433 3930 insistunt

317 3968 436 4044 rationi
454 3971 525 4045 ueri
538 3986 571 4044 at
585 3970 710 4072 proprii
730 3971 930 4045 sacramenti
949 3970 1171 4070 novaelegis,
1189 3998 1277 4072 quae
1294 3971 1431 4072 prop'ria

314 4208 319 4213 -
383 4187 454 4250 (ιιι)
470 4190 866 4257 ειιιιιιιιιιιιιιιιιιιιιιιιιι
878 4193 1235 4257 ιιιιιοιιιιιιιιιιιιιν.
1247 4183 1270 4245 ιζ
1281 4200 1304 4247 7.
1315 4209 1340 4245 ιι.
1357 4197 1429 4256 ιιι

315 4274 358 4327 iil).
365 4276 455 4327 xviii.
464 4291 487 4328 o.
499 4284 521 4330 5.
531 4292 556 4329 n.
565 4283 588 4330 i.
598 4281 692 4344 primm
702 4281 764 4333 inter
772 4281 873 4333 iudaeos
883 4280 1003 4334 foeminae
1010 4282 1175 4350 pertinentur,
1186 4296 1249 4349 quae
1258 4287 1343 4336 eontra
1352 4284 1429 4335 maio·

318 4368 374 4409 nnn
389 4359 605 4427 moenam,
618 4362 1027 4428 immoetiegemipsamiiiteiium
1046 4362 1142 4429 repudii
1160 4364 1256 4418 neruis
1274 4362 1429 4418 ιιιιίᾱιιίιιῑ.
