3234 5084
314 423 385 496 318
460 446 522 496 nur.
540 445 587 497 ur.
605 441 839 496 ereremum.
856 443 1022 497 remorsu.
1040 444 1135 496 usu.
1152 443 1273 497 cnusr.

384 563 418 634 2.
449 561 612 649 Quamvis
626 562 661 634 in
675 562 829 660 allegatis
847 562 1050 637 testimoniis
1067 561 1295 638 Theodoretus
1311 580 1426 665 aperte

311 677 528 778 loquutur-de
543 677 690 776 repudio,
713 676 927 750 desolatione
944 677 1165 765 matrimonii,
1186 677 1230 752 de
1245 678 1425 754 divulsione

311 793 443 892 copulae
468 793 666 890 cooiupolis,
688 792 731 866 de
757 793 983 891 diremptione,
1005 820 1094 894 quae
1109 820 1227 882 voces,
1247 811 1287 868 ut
1311 812 1425 870 notum

311 923 383 997 est,
411 909 447 982 iu
472 934 537 981 usu
562 907 720 1009 loquendi
747 923 880 1010 patrum
909 935 1017 1008 aeque
1046 909 1188 1008 intelligi
1218 927 1361 1010 possunt
1383 911 1425 985 de

311 1023 534 1098 dissolutione
558 1026 705 1125 perfecta
729 1050 768 1098 ac
792 1023 836 1098 de
860 1025 1072 1125 imperfecta;
1100 1052 1284 1127 numquam
1313 1043 1423 1101 umen

311 1139 409 1215 docel
432 1166 532 1241 posse
548 1141 672 1228 virum,
693 1141 777 1213 citra
794 1139 1010 1227 adulterium,
1030 1140 1132 1214 aliam
1150 1140 1272 1216 ducere
1289 1169 1424 1217 uxorem

312 1271 390 1358 pest
411 1255 578 1331 eiusmodi
596 1255 792 1357 repudium,
815 1254 1035 1345 solutionem,
1056 1256 1282 1332 divulsionem
1301 1274 1359 1332 eut
1374 1258 1426 1331 di-

311 1372 543 1472 remptionem.
565 1371 662 1460 Quod
686 1387 799 1446 tamen
827 1398 966 1447 necesse
994 1373 1098 1461 foret,
1124 1389 1163 1448 ut
1186 1374 1217 1448 is
1247 1373 1425 1472 suffragari

312 1487 580 1563 adversariorum
606 1486 695 1560 thesi
721 1487 789 1562 dici
816 1477 963 1562 deberet.

385 1604 448 1677 His
474 1601 739 1690 animadversis,
760 1602 805 1677 ad
830 1618 940 1678 textus
964 1602 1163 1678 Theodoreti
1189 1603 1429 1706 expendendos

314 1719 382 1792 iam
407 1716 611 1790 accedimus.

386 1834 504 1935 ltaque
528 1832 572 1905 ad
590 1833 735 1934 primum
756 1831 849 1932 quod
874 1833 1008 1920 attinet,
1029 1833 1260 1909 Theodoretus
1286 1834 1430 1907 affirmat

313 1975 434 2024 noram
467 1948 575 2047 legem
611 1973 733 2023 vocare
756 1948 956 2022 adulterium
983 1951 1110 2045 (fif),
1138 1950 1316 2051 repudium
1347 1949 1431 2023 citra

313 2062 580 2150 fornicationem,
601 2076 769 2164 quatenus
787 2061 919 2135 adulter
935 2063 1080 2136 efficitur
1097 2077 1167 2137 tum
1185 2063 1245 2166 qui
1264 2063 1348 2137 citra
1366 2065 1432 2140 for·

314 2177 495 2253 nicationis
520 2203 658 2251 eausam
683 2203 820 2252 uxorem
845 2177 1000 2266 dimittit,
1029 2193 1100 2252 tum
1129 2179 1188 2280 qui
1218 2205 1433 2282 quacumque

316 2292 360 2368 de
383 2319 488 2368 causa
511 2293 689 2367 dimissam
714 2291 829 2381 ducit,
848 2308 887 2366 ut
909 2308 1001 2394 patet
1024 2319 1066 2368 ex
1088 2293 1202 2369 verbis
1226 2293 1431 2393 evangelicis

316 2406 361 2483 ab
392 2409 468 2510 ipso
500 2408 673 2483 adductis:
707 2423 739 2482 et
770 2411 832 2509 qui
852 2407 1023 2482 dimissum
1046 2406 1199 2496 cluserit,
1225 2411 1428 2496 moechatur,

315 2551 404 2627 quae
428 2539 598 2626 posuema
620 2523 723 2598 uerba
753 2524 923 2598 Leunoius
952 2523 1084 2610 omisit;
1113 2539 1171 2599 aut
1199 2540 1367 2626 quatenus
1396 2523 1432 2598 in

313 2655 487 2716 causaest
506 2641 559 2716 vir
575 2639 666 2742 quod
683 2665 767 2713 uxor
790 2640 876 2713 eitra
893 2639 1144 2714 fornicationem
1162 2639 1316 2728 dimissa,
1337 2640 1432 2715 adul·

314 2770 408 2830 teret.
436 2756 504 2829 Nec
528 2770 640 2829 tamen
664 2752 784 2831 exinde
808 2754 963 2854 sequitur
987 2779 1054 2828 non
1079 2753 1150 2829 fore
1173 2753 1362 2829 adulterum
1386 2779 1427 2828 ex

315 2884 426 2944 mente
461 2869 686 2957 Theodoreti,
714 2869 774 2969 qui
812 2867 848 2940 in
877 2895 959 2943 casu
992 2867 1225 2945 fornicationis
1242 2871 1260 2970 ,ξ
1282 2868 1432 2943 adultera

313 2984 474 3071 dimissa,
501 2984 604 3058 aliam
629 2984 778 3072 duxerit,
813 2998 873 3058 aut
896 2986 954 3084 qui
980 2984 1045 3058 hac
1068 2984 1239 3061 decausa
1256 2986 1432 3060 dimissam

313 3097 488 3173 mulierem
518 3096 665 3172 duceret.
699 3098 770 3174 Hoc
799 3125 898 3199 porro
925 3115 1016 3174 esset
1045 3100 1307 3187 ostendendum,
1338 3098 1430 3202 quod

314 3229 426 3289 tamen
451 3239 493 3288 ex
515 3213 628 3289 verbis
652 3212 850 3289 Theodoreti
876 3214 1063 3289 aduersarii
1088 3240 1156 3289 nou
1179 3213 1344 3289 efficiunt.

386 3328 455 3401 Neo
478 3326 584 3401 alium
610 3352 747 3403 sensum
772 3328 977 3429 praeseferre
1000 3327 1141 3402 alterurn
1167 3343 1293 3403 tentum
1324 3328 1432 3429 liquet

313 3471 354 3520 eu
378 3444 539 3519 orationis
564 3444 663 3532 serie,
679 3458 714 3518 et
736 3470 777 3517 ex
802 3443 847 3517 iis
873 3468 961 3545 quae
985 3460 1102 3546 postea
1120 3444 1271 3518 subiicit.
1292 3442 1429 3517 Etenim

315 3559 511 3634 immediate
536 3575 614 3660 post
638 3559 782 3659 allegata
806 3559 925 3648 rerba,
955 3561 1002 3634 ita
1036 3561 1250 3662 prosequitur
1278 3559 1431 3660 cyrensis

313 3676 466 3778 praesul:
485 3676 661 3764 «Deinde,
683 3701 759 3750 cum
776 3675 945 3750 dixissent
969 3676 1139 3777 pharisaei
1157 3665 1303 3751 veterem
1322 3674 1430 3772 legem

316 3793 461 3869 iussisse
477 3791 551 3865 dari
576 3790 727 3866 libellum
745 3791 892 3892 repudii,
913 3792 1149 3892 interpretatus
1166 3781 1218 3865 est
1238 3787 1430 3886 (Christus)

314 3907 384 3982 illis
408 3933 549 4008 scopum
573 3907 671 4006 legis.
698 3907 790 3982 Dixit
814 3908 921 3981 euim:
943 3908 993 3980 Ob
1023 3906 1181 3981 duritiam
1197 3906 1304 3980 cordis
1331 3907 1434 3984 emal

316 4023 416 4123 huon
441 4025 523 4099 fruor
547 4026 679 4124 arrepsit
702 4024 813 4099 colu:
831 4025 874 4098 ul>
900 4025 994 4097 initio
1020 4039 1128 4098 cutem
1152 4024 1341 4108 creationis,
1360 4048 1433 4095 mu·

313 4141 441 4213 sculum
464 4156 495 4214 ct
517 4140 693 4241 foeminum
716 4140 793 4240 [ecit
817 4140 892 4214 illos
918 4140 1017 4214 Deus.
1032 4140 1184 4240 vPropter
1209 4140 1266 4213 ltoc
1290 4136 1433 4212 dimittet

385 4397 451 4460 (itt)
464 4400 557 4449 Graece
569 4397 635 4448 enlm
657 4387 839 4462 estproximo.
