3234 5084
364 453 434 504 cir.
445 453 479 501 v.
490 452 530 503 ns
548 451 656 504 sotor.
672 452 798 503 inurar.
816 453 911 505 uara.
928 454 1000 504 aar.
1019 454 1052 504 u.
1194 430 1265 504 fl'l

152 575 236 662 dus,
265 570 396 645 infinita
426 570 615 644 mortalium
635 562 748 644 ¹millia
773 572 862 644 mala
885 562 1039 646 tenentur
1067 569 1261 672 illaqueata.

152 692 238 764 Num
255 689 321 763 coit
342 686 615 774 matrimonium,
642 687 671 761 si
698 687 798 761 modo
823 688 931 761 coitus
957 689 1177 775 successerit,
1198 676 1268 762 irino

152 806 182 880 si
200 829 266 877 non
285 800 503 889 successerit,
531 799 616 872 nibil
640 800 727 873 inter
752 801 948 875 coniunctos
974 804 1147 891 convenit,
1174 818 1265 876 tanta

151 935 203 995 est
215 945 346 993 mamm
360 932 392 990 et
405 915 614 1013 ingeniorum
633 915 897 991 dissimilitudo:
914 917 1005 990 rixae
1022 917 1133 1016 iuges,
1150 917 1264 992 odium

153 1032 417 1119 immedicabile,
435 1031 571 1106 timetur
585 1056 768 1119 venenum,
785 1032 920 1106 timetur
936 1034 1073 1121 caedes,
1095 1032 1179 1105 nihil
1198 1061 1266 1109 non

151 1149 316 1221 malornm
329 1161 541 1244 expectatur,
557 1162 675 1219 neuter
687 1145 821 1235 caelebs
836 1161 944 1245 potest
956 1148 1087 1235 vivere,
1105 1148 1134 1221 si
1148 1132 1267 1223 cubae

154 1279 245 1351 rent,
272 1262 327 1337 bis
352 1252 438 1362 perit
463 1277 624 1361 uterque:
650 1260 679 1334 si
705 1276 852 1335 mutetur
876 1263 1089 1369 coniugium,
1111 1290 1190 1364 spes
1214 1279 1267 1336 est

153 1395 333 1477 utrumque
348 1376 419 1450 fore
436 1374 654 1449 incolumem:
673 1376 826 1451 fortassis
845 1403 905 1477 pro
917 1402 1041 1451 causac
1052 1377 1269 1451 circumstan-

155 1494 211 1567 tiis
236 1484 329 1565 olc'od
359 1491 562 1590 responderet
585 1491 772 1590 Apostolus,
801 1506 832 1564 et
855 1492 1005 1565 ooooilu'l
1032 1493 1200 1567 relocaret
1228 1492 1268 1565 de

153 1610 261 1707 ripere
285 1608 415 1679 canolii
436 1608 651 1705 superioris.»
671 1607 714 1682 llt
744 1594 889 1681 adducto
913 1607 1067 1707 exemplo
1089 1607 1265 1696 Fabiolae,

155 1750 256 1826 quam
282 1722 425 1811 Paulus,
453 1738 491 1796 ut
512 1722 586 1822 ipsa
611 1738 725 1824 putat,
747 1724 777 1796 si
796 1723 935 1832 adeum
961 1710 1185 1821 confugisset,
1207 1725 1270 1795 mi·

158 1839 248 1912 nime
264 1839 430 1937 coegisset
446 1837 489 1911 ad
508 1838 720 1912 retinendum
738 1865 879 1938 pravum
905 1838 989 1914 adeo
1010 1840 1187 1929 maritum,
1208 1865 1272 1913 nec

155 1954 380 2055 poenitentiae
404 1944 613 2043 addixisset,
640 1955 696 2028 cui
721 1955 765 2027 ab
790 1954 952 2055 episcopo
976 1955 1112 2029 addicta
1137 1970 1207 2044 cst,
1228 1981 1271 2029 eo

106 2170 108 2172 V
155 2070 246 2170 quod
264 2069 361 2143 alteri
379 2069 572 2169 nupsisset,
593 2069 781 2145 concludit:
807 2069 1021 2145 olfisercbat
1037 2096 1091 2144 me
1112 2070 1267 2159 illorum,

155 2211 241 2285 quos
266 2183 425 2259 videbam
450 2183 644 2258 huiusmodi
669 2185 817 2259 vinculis
843 2184 1131 2260 inextricabilibus
1158 2185 1269 2288 impli-

156 2316 270 2388 catos,
299 2325 385 2400 quos
412 2298 560 2373 sciebam
587 2326 664 2374 esse
689 2298 852 2399 plurimos
869 2303 983 2399 (32).»

229 2412 294 2484 Alii
312 2428 350 2488 ut
368 2413 534 2488 suadeant
557 2412 728 2487 vinculum
754 2416 867 2512 ipsum
893 2415 1039 2513 coniugii
1065 2416 1269 2521 quandoque

157 2526 240 2602 solvi
266 2526 410 2616 dobere,
438 2528 634 2627 confugiunt
660 2529 703 2601 ad
731 2528 878 2602 indolem
908 2529 1019 2628 ipsam
1048 2556 1088 2603 ae
1112 2531 1268 2630 spiritum

156 2641 327 2741 religionis
344 2643 564 2732 christianae;
582 2644 789 2718 constituunt
805 2644 895 2716 cuim
914 2670 1100 2743 repugnare
1117 2645 1271 2718 christia-

156 2783 220 2830 nae
241 2758 413 2855 religionis
439 2759 571 2858 spiritui
590 2785 630 2831 ac
647 2756 826 2832 moralitati
853 2757 1050 2832 sentmtiam
1076 2758 1119 2831 de
1143 2758 1269 2832 vinculi

158 2874 413 2948 matrimonialis
443 2875 637 2949 omnimoda
667 2873 983 2962 indissolubilitate3
1015 2873 1133 2972 religio
1157 2858 1265 2961 enim,

158 2987 276 3076 aiunt,
305 3016 409 3089 quum
436 3015 497 3089 pro
524 3017 681 3091 supremo
707 2991 774 3067 fine
798 2976 990 3064 beatitatem
1017 2989 1190 3063 bominum
1209 2989 1271 3064 ha-

158 3102 255 3190 beat,
275 3130 316 3176 eo
333 3092 541 3205 ipso'nequit
558 3105 656 3180 talem
675 3106 848 3180 continere
873 3105 1082 3193 doctrinam,
1104 3130 1191 3206 qnae
1210 3105 1270 3178 bo·

157 3219 240 3290 mini
268 3244 407 3318 scopum
433 3220 603 3295 felicitatis
635 3223 772 3322 assequi
807 3221 989 3295 connitenti
1021 3204 1187 3294 sacrificia
1211 3245 1273 3319 per

158 3360 258 3432 qnam
284 3334 438 3409 difficilia
464 3337 626 3436 imponat.
648 3337 732 3423 Quis
755 3363 837 3412 sanc
853 3353 906 3411 est
922 3337 980 3437 qui
1007 3363 1073 3410 non
1098 3320 1211 3410 uideat
1228 3362 1269 3408 es

231 3596 281 3657 (aa)
298 3597 428 3648 Arretio
440 3596 863 3663 i.adcor.V11.0pp.ed.Lngdunl
878 3598 1113 3662 Ratav.lom.V1.p.
1121 3598 1206 3649 tutet
1215 3600 1270 3647 702.

157 3675 236 3738 Atque
248 3676 335 3727 tricast
346 3680 462 3729 Erasmus
470 3678 541 3729 cuius
552 3680 598 3728 bac
607 3678 638 3731 de
648 3692 675 3729 re
684 3692 740 3729 cunr
749 3678 929 3742 propositiones
943 3688 1047 3730 censura
1058 3692 1073 3729 a
1083 3677 1200 3729 facultate
1207 3676 1271 3741 pari·

157 3753 231 3804 aiensi
248 3757 345 3807 acutae
365 3757 482 3819 inuocat,
499 3759 524 3807 et
540 3757 639 3821 quidem
653 3758 795 3819 haereseos,
810 3770 850 3807 an.
860 3765 928 3809 tate.
941 3759 1084 3821 «quatenus
1096 3770 1139 3822 per
1149 3769 1191 3807 cac
1202 3769 1270 3820 prae·

158 3832 224 3882 tendi
243 3834 340 3885 ridetur
357 3836 540 3887 matrimonium
556 3849 600 3900 per
618 3835 767 3886 adulterium
786 3836 888 3887 dissolri
906 3839 1026 3899 quantum
1040 3836 1218 3887 adrinouiorn.
1229 3838 1273 3885 Est

158 3913 238 3974 enirn,
255 3913 368 3976 inquiunt
384 3916 545 3980 parisienses,
560 3916 687 3966 vinculum
707 3915 892 3967 matrimonium
910 3918 963 3967 ture
980 3917 1065 3968 divino
1085 3915 1273 3977 indissolubile,

157 3991 227 4041 atad
238 3994 379 4046 corinthios
393 3996 502 4049 scribens
512 3996 643 4061 Apostolus
658 3996 810 4047 demonstrat
823 3999 872 4049 etc.
884 4015 897 4041 ν
908 3999 936 4048 ot
946 4010 961 4047 a
970 4011 997 4048 ac
1007 3995 1127 4049 eiusmodi
1142 4008 1270 4048 censuum

158 4072 317 4136 amoliretur,
343 4078 468 4141 respondit
489 4092 546 4130 suas
565 4076 743 4143 propositiones
768 4078 936 4141 intelligendas
958 4078 1033 4129 tuisse
1053 4077 1086 4130 de
1107 4081 1273 4143 seporotioue

158 4153 248 4217 quood
263 4155 365 4217 torum,
377 4169 429 4207 nou
442 4158 531 4223 quood
546 4158 693 4211 viaculum.
706 4160 789 4223 Atqui
804 4160 858 4211 eiua
871 4158 946 4210 verba
963 4158 1061 4222 legerit,
1076 4159 1186 4224 protecto
1201 4172 1270 4209 uum·

158 4246 233 4295 qnam
242 4233 289 4284 sibi
300 4235 457 4298 persuadebit
465 4238 497 4289 de
506 4239 559 4290 sota
570 4239 615 4290 bae
626 4239 708 4303 quoad
719 4240 801 4290 torum
812 4239 965 4304 separabare
973 4241 1054 4302 ipsum
1064 4238 1139 4291 fultae
1151 4239 1270 4289 locutam.

158 4313 197 4364 ct.
212 4316 335 4379 Toumaty
352 4318 390 4366 De
402 4320 482 4368 matr.
500 4323 594 4382 quaeat.
608 4323 639 4371 v,
651 4322 698 4372 art.
710 4323 742 4371 ΙΙ.
753 4322 792 4370 De
802 4320 930 4383 fimttot
942 4322 1012 4371 ctae.
1024 4320 1272 4384 conuncupari.

162 4396 229 4443 1765.
242 4394 301 4444 tom.
314 4397 358 4447 xi.
369 4408 423 4459 pag.
435 4403 477 4447 tta
488 4409 541 4459 seq.
