3234 5084
382 420 452 492 526
514 443 576 493 ιιι.
597 442 644 493 ιιι.
666 441 752 494 soor.
774 442 906 496 rorem.
928 446 968 496 on
986 446 1099 497 inorsa.
1122 446 1217 497 ιιιι.
1234 446 1350 499 canor.

383 561 576 635 trimonium
596 561 641 634 sit
657 587 718 660 per
735 561 903 636 carnalem
922 563 1077 664 copulam
1094 582 1363 653 consummatum,
1382 566 1468 641 licere

381 675 478 749 alteri
503 675 702 772 coniugum,
731 675 863 775 reliquo
888 678 1096 767 inconsulto,
1120 678 1165 752 ad
1189 678 1367 779 religionem
1391 698 1469 756 uan-

381 791 467 864 sire:
504 791 550 864 ita
576 791 666 891 quod
693 792 844 893 reliquus
866 808 988 868 extunc
1012 794 1159 893 legitime
1180 796 1299 895 poterit
1320 796 1400 869 alteri
1421 824 1472 872 co-

383 904 511 1005 pulari:
542 906 606 980 hoo
632 907 746 1006 ipsum
774 909 834 981 tibi
861 910 1071 983 consulimus
1089 909 1329 985 observandum
1349 913 1377 983 in
1399 916 1471 986 arti-

381 1018 458 1093 culo
481 1036 693 1121 praenotato,
720 1023 877 1123 quamvis
905 1021 992 1098 salse
1017 1025 1062 1097 sit
1087 1050 1211 1111 ιιιιι,
1239 1052 1297 1125 per
1320 1053 1412 1125 quan
1434 1028 1470 1099 ad

382 1137 631 1236 susceptionem
664 1138 730 1211 veli
762 1140 935 1238 praedicte
967 1140 1089 1215 mulier
1119 1142 1164 1215 sit
1193 1142 1325 1215 inducta
1351 1149 1472 1242 (nempe

360 1251 471 1352 ¹(pund
497 1252 620 1327 ductus
637 1254 759 1327 coniux
777 1255 871 1355 lepra
892 1256 1147 1357 superveniente
1164 1257 1388 1352 laboraverit),
1410 1282 1471 1329 cun

382 1367 458 1442 sine
481 1369 633 1469 qualibet
658 1369 715 1443 tali
740 1396 844 1445 causa
863 1372 1012 1473 idipsum
1037 1371 1211 1469 religionis
1231 1372 1361 1445 obtentu
1383 1372 1473 1445 lacere

384 1485 561 1586 potuisset.
593 1488 694 1560 Porro
711 1485 788 1561 licet
806 1488 978 1588 praedicta
998 1489 1119 1562 mulier
1135 1489 1290 1563 uidentur
1307 1489 1340 1560 in
1356 1487 1411 1561 voli
1427 1515 1474 1562 sn·

381 1601 553 1701 soeptione
579 1601 753 1699 religionis
779 1603 933 1676 habitum
958 1605 1208 1704 assumpsisse3
1233 1605 1262 1678 si
1288 1620 1390 1677 tamen
1410 1601 1476 1675 velit

384 1715 419 1787 in
444 1715 544 1790 domo
569 1717 704 1818 propria
723 1744 912 1807 remanere,
931 1719 1030 1819 quasi
1049 1720 1259 1819 propositum
1285 1718 1431 1791 castitatis
1446 1719 1473 1787 in

382 1833 498 1907 seculo
522 1850 713 1921 servatura,
741 1835 962 1909 nihilominus
987 1834 1289 1910 consummandum
1314 1851 1362 1908 est
1382 1832 1475 1905 matri-

381 1948 531 2022 monium
551 1950 618 2022 iam
636 1965 861 2038 contractum,
883 1951 950 2024 nisi
976 1978 1015 2025 se
1033 1967 1110 2026 roto
1137 1951 1353 2024 adstrinxerit
1369 1949 1405 2022 ad
1424 1947 1475 2021 ob·

382 2064 586 2139 servantiam
604 2063 813 2161 regularem:
835 2066 870 2137 in
888 2092 955 2166 quo
974 2092 1057 2141 casu
1070 2065 1224 2166 compelli
1249 2080 1369 2167 potest,
1387 2080 1418 2136 ut
1433 2089 1471 2134 re

382 2177 461 2252 licto
486 2179 601 2253 seculo
626 2179 800 2275 religionis
824 2182 1033 2281 propositum
1059 2194 1246 2280 exequatur
1266 2182 1295 2277 (1
1305 2183 1395 2274 tol.»

456 2294 494 2364 ln
520 2320 608 2394 quac
633 2293 735 2368 verba
759 2294 996 2369 animadvertit
1028 2295 1166 2369 Pontius
1180 2298 1215 2367 l.
1238 2295 1361 2394 lepram
1378 2317 1474 2390 super-

381 2410 570 2483 venientem
596 2412 810 2486 matrimonio
834 2427 907 2486 rato
937 2411 1119 2485 iudicatam
1152 2435 1220 2486 non
1248 2413 1350 2485 luisse
1372 2409 1409 2482 ab
1431 2408 1474 2477 ln·

383 2528 539 2600 nocentio
561 2528 621 2599 lll.
651 2527 877 2601 sufficientem
907 2553 1045 2602 oausam
1072 2527 1280 2601 dissolvendi
1310 2524 1474 2620 coniugium

383 2669 483 2717 soeus
507 2670 547 2717 ao
573 2646 716 2718 senserit
738 2644 902 2717 Sanohez.
934 2647 968 2716 2.
995 2645 1095 2743 Urget
1118 2644 1220 2717 verba
1247 2644 1323 2716 illa:
1350 2643 1382 2714 io
1403 2637 1475 2709 nullo

381 2786 462 2832 coeo
475 2788 569 2859 posse
589 2760 743 2845 dissolui,
765 2764 864 2833 etcum
881 2762 983 2833 oltero
1007 2762 1043 2832 io
1065 2762 1221 2832 haeresim
1238 2758 1406 2837 incidente,
1424 2751 1477 2822 uiti

383 2889 510 2947 tontum
526 2903 569 2948 cor
586 2875 701 2948 divina
718 2877 933 2962 reveletioom
952 2892 1053 2976 atque
1077 2872 1162 2949 adeo
1179 2875 1223 2948 ob
1243 2875 1349 2950 solum
1370 2872 1477 2965 ingres

380 3015 458 3062 sum
484 2989 675 3086 roligionis,
705 2992 765 3090 qui
790 3018 892 3065 casus
919 2992 1062 3065 habetur
1086 2992 1152 3064 iam
1179 3016 1220 3064 ex
1240 2991 1353 3064 divino
1376 2981 1478 3058 revela

382 3102 484 3178 tione.
514 3105 627 3179 Sensit
650 3131 730 3204 ergo
755 3108 971 3181 Innocentius
997 3105 1124 3179 nullam
1149 3104 1307 3180 idoneam
1326 3128 1396 3177 esse
1416 3121 1478 3171 ιιι·

383 3248 456 3296 sam
482 3222 690 3296 dissolvendi
710 3225 960 3297 matrimonium
979 3238 1106 3306 ratum,
1128 3221 1197 3299 nisi
1212 3248 1302 3322 quae
1318 3208 1478 3293 constiterit

382 3365 422 3411 ox
449 3338 651 3413 revelatione
675 3339 792 3413 divina
818 3343 931 3435 (136).

456 3456 507 3528 lta
534 3454 696 3554 quidem,
725 3457 755 3528 si
791 3456 1005 3529 Innocentius
1035 3455 1100 3528 hac
1125 3455 1160 3526 in
1194 3452 1339 3553 epistola
1368 3449 1476 3522 locutus

382 3570 505 3645 luisset
526 3571 568 3644 de
587 3586 752 3671 potestate
771 3571 945 3645 Pontifieis
963 3571 1053 3644 circa
1071 3569 1358 3671 dispensationem
1375 3565 1406 3637 in
1420 3583 1478 3631 ιιι·

383 3688 539 3763 trimonio
552 3706 643 3775 rato,
659 3707 692 3762 et
705 3688 874 3762 decausis
888 3687 1013 3788 quibus
1029 3702 1144 3786 posset
1159 3685 1211 3759 vel
1225 3713 1291 3760 non
1307 3694 1412 3784 posset
1423 3699 1479 3778 per·

383 3806 508 3878 moveri
522 3805 565 3877 ad
580 3804 829 3879 concedendam
844 3802 1009 3878 eiusmodi
1024 3802 1325 3902 dispensationem,
1341 3807 1430 3896 prout
1438 3813 1479 3861 at

381 3901 1479 4027 smfflwmhmmmwmmwwmwwu

383 4035 542 4110 universa
559 4034 624 4109 hac
641 4034 815 4109 decretali.
832 4032 1018 4133 Respondit
1031 4034 1133 4130 igitur
1147 4033 1296 4106 Pontifex
1312 4022 1479 4130 quaestion

383 4151 448 4226 sibi
476 4152 667 4253 propositae
691 4151 735 4225 ad
762 4150 847 4224 iuris
870 4148 1087 4224 ecclesiastici
1111 4147 1259 4246 regulam
1282 4147 1372 4219 iuxta
1394 4155 1479 4239 quam

455 4340 521 4401 (roo)
534 4343 595 4403 cap.
607 4341 672 4390 xlv.
687 4340 824 4402 Experto.
840 4338 878 4387 tit.
894 4338 992 4387 xxxll.
1008 4334 1040 4385 de
1051 4346 1167 4385 concers.
1183 4333 1314 4395 coniuent.

456 4422 521 4483 (roo)
538 4420 594 4470 oto.
609 4422 653 4471 ιιι.
664 4433 718 4483 ιιι.
735 4427 758 4470 r.
773 4432 797 4468 ι.
813 4425 836 4469 s.
