3234 5084
291 466 360 523 nar.
377 470 413 521 ιι.
431 471 471 521 nn
485 469 596 523 muas.
613 466 709 523 uara.
726 469 759 522 ιιι
771 469 861 522 cans.
878 470 990 522 ιιιιιι.
1007 471 1079 523 nnr.
1096 471 1144 523 ιιι.
1214 448 1280 520 221

164 591 329 692 posterior
350 589 435 664 haec
451 589 617 663 sententia
635 614 677 662 ex
699 588 868 663 llatthaeo
887 588 1077 688 colligitur,
1097 615 1174 663 cnm
1193 589 1284 664 idam

164 707 209 806 sit
225 705 358 779 dicere:
377 704 491 776 Omnis
508 705 569 801 qui
579 701 762 786 dimiserit,
778 718 914 802 exceptu
925 705 1154 802 [mentionis
1171 730 1285 789 cuasa,

163 821 351 893 mowlutur
369 834 400 891 et
420 845 485 890 non
508 819 613 889 omnis
631 818 692 915 qui
711 815 874 889 dimiserit
889 818 1100 903 moechatum
1118 819 1213 918 prior
1229 845 1287 892 au·

163 951 228 1008 tam
243 934 411 1007 sententia
427 931 518 1031 apud
536 933 685 1004 Marcum
703 947 736 1005 et
752 932 877 1005 Lucam
899 931 1061 1020 habetur,
1082 933 1149 1006 nisi
1167 933 1285 1007 eadem

163 1048 314 1149 exceptio
339 1045 570 1121 fornicationis
589 1045 806 1143 intelligatur.
828 1044 1036 1119 Confirmant
1051 1072 1131 1120 vero
1155 1073 1289 1120 assum·

164 1179 258 1263 ptum
284 1164 460 1262 potissime
489 1177 644 1261 respectu
676 1162 800 1245 llarci,
833 1161 923 1261 quod
951 1159 1007 1233 hic
1038 1160 1203 1235 habeatur
1235 1163 1285 1236 nti

163 1278 322 1351 Matthaei
343 1277 565 1376 epitomator;
585 1302 662 1349 cum
688 1289 864 1375 propterea
882 1275 917 1345 in
934 1273 1171 1372 compendium
1189 1275 1283 1350 illius

163 1391 373 1488 evangelium
400 1390 590 1487 redegerit,
623 1388 746 1461 mirum
781 1413 859 1462 esse
889 1414 955 1462 non
982 1376 1106 1476 debet,
1135 1388 1165 1461 si
1199 1388 1287 1471 hanc

164 1506 352 1580 clausulam
378 1505 421 1578 de
440 1504 637 1602 exceptione
662 1502 894 1577 fornicationis
919 1501 1082 1575 omiserit.

238 1621 282 1695 Ut
299 1621 393 1694 hisce
406 1619 664 1693 difficultatibus
682 1619 948 1717 respondeamus
965 1677 973 1706 ,
995 1617 1114 1692 sedulo
1130 1618 1285 1718 quaestio

166 1736 364 1836 principalis
388 1734 433 1808 ab
458 1733 620 1808 incidenti
645 1730 808 1829 distingui
834 1731 945 1806 debet.
976 1732 1140 1818 Quaestio
1162 1732 1287 1833 prinoi-

164 1850 253 1950 palis
274 1866 345 1923 tum
370 1848 461 1950 apud
486 1848 692 1923 llatthaeum
711 1863 781 1920 tum
799 1847 892 1945 apud
911 1848 1058 1921 llarcum
1077 1862 1129 1920 est
1145 1873 1214 1920 nna
1229 1873 1285 1921 ea·

164 1966 328 2067 demque,
356 1990 477 2063 nempe
502 1961 784 2037 indissolubilitas
801 1963 949 2062 perlecta
972 1963 1176 2038 matrimonii
1194 1962 1285 2035 chri·

164 2081 282 2169 atiani,
304 2081 352 2154 ita
369 2097 490 2154 utnon
513 2077 611 2152 liceat
627 2103 763 2151 uxorem
783 2077 950 2151 dimittere
966 2092 1000 2151 et
1020 2078 1122 2152 aliam
1146 2077 1282 2152 ducere.

164 2196 226 2270 llic
251 2211 305 2269 est
334 2194 460 2268 Christi
485 2219 611 2293 scopus
642 2191 794 2265 libellum
826 2192 957 2291 repudii
988 2191 1147 2280 abolere,
1184 2208 1288 2292 atque

164 2311 391 2385 omrimodam
415 2309 566 2406 coniugii
592 2306 926 2382 indissolubilitatem
952 2323 1122 2395 statuere,
1151 2306 1287 2382 sublata

165 2425 382 2498 dimittendae
396 2423 512 2497 uxoris
529 2421 699 2496 facultate.
721 2420 763 2493 Αι
779 2420 941 2519 quoniam
954 2419 1111 2495 dimissio
1130 2421 1287 2520 generice

165 2541 253 2616 sumi
279 2558 390 2641 potest
413 2566 473 2641 pro
498 2538 645 2640 simplici
677 2537 899 2626 dimissione,
934 2563 974 2611 ac
1000 2563 1061 2637 pro
1088 2537 1287 2613 dimissione

164 2683 254 2758 quae
267 2657 379 2758 ipsum
397 2656 568 2730 vinculum
586 2655 740 2740 dirimat,
767 2653 955 2727 incidenter
971 2652 1062 2753 apud
1081 2653 1283 2728 llatthaeum
1306 2680 1309 2711 ι

164 2772 279 2874 aliqua
302 2771 457 2845 dimissio
482 2771 575 2845 licita
591 2769 740 2858 dieitur;
762 2794 883 2868 nempe
908 2768 1139 2843 fornicationis
1164 2793 1281 2842 causa.

163 2886 255 2962 llaec
279 2902 332 2961 est
356 2885 508 2983 exceptio
532 2909 622 2982 quae
646 2883 835 2958 incidenter
859 2883 1021 2982 ponitur,
1049 2882 1144 2956 nulla
1167 2882 1284 2955 addita

164 3002 406 3103 explicatione,
426 3026 467 3074 eo
488 3000 563 3099 ipso
584 2997 677 3099 qnod
698 2998 853 3099 quaestio
871 2997 1071 3099 principalis
1092 3024 1159 3072 non
1172 3013 1282 3087 esset,

165 3142 208 3189 an
226 3116 326 3190 liceat
348 3113 552 3215 quandoque
569 3112 744 3200 dimissio;
767 3139 874 3212 quum
892 3114 1006 3213 potins
1025 3139 1149 3213 scopus
1164 3114 1288 3213 prima·

165 3231 237 3305 rius
262 3232 308 3305 sit
323 3228 655 3304 indissolubilitatem
678 3227 810 3303 docere.
831 3231 963 3303 llarcus
981 3229 1015 3301 id
1034 3229 1124 3331 quod
1142 3231 1287 3329 pertinet

164 3347 208 3422 ad
233 3346 464 3447 quaestionem
492 3344 711 3446 principalem
741 3346 865 3433 relert;
899 3347 1025 3421 omissa
1057 3346 1285 3446 propositione
1379 3428 1382 3436 ,

166 3462 355 3549 incidente,
389 3486 478 3562 qnae
501 3459 545 3533 ad
577 3460 626 3533 rei
657 3460 880 3533 substantiam
909 3486 977 3534 non
1009 3475 1148 3560 spectat.
1181 3460 1215 3531 Si
1244 3485 1286 3533 ea

164 3577 317 3652 clausula
337 3576 540 3676 respexisset
556 3574 694 3675 plenum
716 3574 921 3663 divortium,
939 3590 1009 3648 tum
1027 3574 1121 3649 salva
1139 3575 1185 3648 rei
1203 3574 1285 3648 sub-

164 3692 289 3766 stantia
312 3692 421 3767 omitti
440 3718 462 3765 a
485 3692 597 3765 llarco
614 3717 681 3765 non
700 3690 883 3790 potuisset;
905 3716 1026 3778 secus,
1047 3706 1084 3763 ut
1100 3690 1283 3765 adversarii

164 3808 279 3895 aiunt,
309 3807 423 3907 aliqua
449 3807 584 3881 adesset
612 3806 845 3881 contradictio.
874 3806 918 3879 rlt
942 3807 1102 3907 quoniam
1133 3805 1285 3880 clausula

164 3924 270 3998 solam
288 3922 523 3996 dimissionem
543 3923 728 3997 incidenter
753 3922 908 4023 respicit,
933 3922 1027 3996 nnlla
1048 3948 1187 4022 prorsus
1204 3948 1285 3997 con-

164 4041 318 4118 tradictio
342 4043 503 4134 habetnr;
528 4046 596 4121 imo
622 4073 690 4119 una
714 4062 767 4119 est
791 4044 881 4145 apud
907 4044 1111 4118 llatthaeum
1135 4059 1169 4116 et
1193 4041 1282 4141 apud

162 4158 309 4233 ldarcum
335 4162 518 4250 sententia,
548 4162 708 4236 nimirum
734 4162 881 4261 perlecta
907 4159 1187 4235 indissolubilitas
1212 4183 1285 4231 ma·

163 4273 312 4350 trimonii
339 4274 529 4350 christiani.
558 4277 745 4351 Discrimen
776 4276 878 4376 igitur
903 4275 938 4348 in
959 4275 1024 4350 hoc
1050 4290 1179 4351 tantum
1204 4289 1280 4360 est,

163 4390 253 4489 quod
279 4393 370 4491 apud
393 4392 595 4467 llatthaeum
616 4410 748 4491 praeter
773 4392 961 4468 doctrinam
983 4392 1026 4466 de
1043 4387 1284 4468 indissolubili·
