3234 5084
328 423 396 494 tto
471 445 533 496 ιιι.
551 443 598 494 ιιι.
615 441 702 494 sner.
719 442 848 494 rursus.
866 443 905 493 ns
919 443 1036 494 mores.
1051 444 1145 494 utra.
1163 443 1286 496 cnstsr.

323 564 432 636 stolici
442 577 603 636 vocantur
622 563 736 655 (198).
755 560 930 660 Siquidem
950 562 986 632 in
1004 586 1081 634 can.
1093 561 1256 648 attint,
1279 562 1331 636 val
1350 563 1439 639 iuxta

325 678 553 752 recensionem
586 702 627 750 ac
651 677 840 752 versionem
857 676 1012 774 Dionysii
1035 676 1147 773 exigui
1167 703 1242 750 can.
1258 678 1325 749 itt..
1341 678 1439 754 abso·

324 791 410 877 lute,
428 817 488 864 seu
509 790 640 891 absque
659 789 854 889 exceptione
872 789 941 863 ulla
962 791 1129 864 statuitur:
1154 791 1215 863 «si
1236 791 1316 891 quis
1335 791 1440 868 laicus

325 932 427 982 uxore
452 933 515 980 sua
540 906 664 992 eiecta,
685 905 788 979 aliam
813 907 1001 1004 acceperit,
1022 905 1074 979 vel
1095 906 1139 978 ab
1157 906 1225 980 alio
1242 907 1437 994 dimissam,

326 1036 529 1120 segregetur.
551 1052 567 1091 ι)
598 1021 672 1107 Quo
697 1021 833 1120 quidem
859 1047 987 1098 canone
1012 1047 1090 1094 vera
1114 1021 1290 1095 verborum
1316 1022 1439 1096 Christi

325 1153 358 1212 et
382 1165 495 1212 eorum
528 1138 716 1212 communis
741 1163 781 1210 ea
811 1153 919 1211 aetate
943 1136 1163 1235 intelligentia
1186 1137 1364 1212 exhibetur
1386 1164 1441 1211 ec·

326 1252 517 1352 clesiaeque
548 1252 674 1351 praxis.
696 1250 749 1323 Nil
775 1252 917 1351 proinde
942 1252 1085 1338 mirum,
1115 1253 1146 1325 si
1171 1250 1304 1349 allegati
1330 1269 1440 1353 patras

325 1368 499 1442 docuerint
524 1367 674 1441 unanimi
700 1391 868 1442 consensu
894 1391 961 1442 non
987 1366 1086 1440 licere
1109 1366 1287 1442 dimissam
1307 1383 1441 1467 propter

325 1483 525 1556 adulterium
549 1482 652 1569 duci,
681 1508 756 1556 cum
782 1509 920 1569 omnes,
948 1508 1016 1557 uno
1042 1482 1164 1556 Herma
1188 1498 1343 1582 excepto,
1365 1501 1439 1583 post

326 1598 434 1672 aditos
460 1624 605 1672 canones
632 1597 708 1672 illos
739 1598 912 1672 lloruerint
943 1600 1056 1693 (tat).
1090 1599 1172 1672 ltem
1199 1597 1285 1672 inter
1310 1613 1441 1696 apertos

327 1712 446 1812 plenae
470 1711 779 1786 indissolubilitatis
804 1730 989 1787 assertores
1012 1728 1227 1786 recensentur
1249 1728 1361 1811 patres
1379 1712 1443 1785 illi-

326 1827 487 1913 beritani‚
508 1853 570 1902 nec
588 1854 654 1902 non
673 1843 783 1928 patres
801 1828 1018 1914 arelatenses,
1040 1853 1070 1900 s.
1083 1826 1300 1916 Ambrosius,
1322 1828 1444 1928 snpi-

328 1941 498 2042 plranius,
527 1968 556 2015 s.
574 1941 751 2040 Gregorius
776 1942 1020 2028 nazianzenus,
1042 1967 1071 2015 s.
1094 1943 1141 2015 lo.
1163 1941 1440 2043 Chrysostomus,

328 2084 357 2130 s.
375 2057 621 2156 Hieronymus,
643 2055 911 2155 sAugustinus,
933 2083 963 2131 s.
984 2058 1196 2132 lnnooentius
1212 2058 1445 2145 l.,ooncilium

329 2171 558 2246 milevitanum
575 2173 617 2244 ll.

401 2287 467 2359 Alii
492 2314 571 2363 vero
596 2287 716 2362 docent
740 2288 876 2388 quidem
906 2314 1008 2388 posse
1032 2289 1209 2385 coniugem
1235 2288 1445 2362 innocentem

328 2400 519 2475 adulterum
543 2402 596 2476 vel
621 2401 806 2477 adulteram
832 2402 1019 2488 dimittere,
1040 2402 1242 2502 quandoque
1266 2402 1367 2476 etiam
1391 2403 1447 2476 de·

327 2517 424 2603 bere;
454 2517 514 2592 sed
537 2543 720 2618 numquam
740 2519 863 2593 docent
880 2534 954 2619 post
971 2516 1204 2594 dimissionem
1221 2516 1348 2591 licitum
1366 2501 1443 2591 asse

329 2631 466 2707 alterum
495 2632 638 2720 ducere,
663 2648 723 2708 aut
747 2633 842 2708 alteri
868 2631 1006 2708 nubere.

401 2748 498 2822 Tales
511 2768 591 2826 sunt
603 2749 788 2823 sllilarius
803 2747 1033 2847 pictaviensis,
1051 2746 1294 2834 Theodoretus,
1311 2747 1448 2822 s.Chro

329 2863 452 2936 matius
470 2863 711 2962 aquileiensis,
732 2890 761 2937 s.
778 2863 931 2937 Asterius
949 2889 1150 2950 amasenus,
1171 2889 1201 2935 s.
1218 2863 1376 2937 Basilius.

401 2977 589 3076 Adeoque,
615 2979 706 3077 quod
728 2977 890 3075 singulari
911 2978 1204 3052 animadversione
1220 2979 1359 3076 dignum
1377 2994 1444 3062 est,

329 3119 368 3164 ex
391 3093 541 3193 quinque
564 3093 732 3192 prioribus
754 3093 901 3181 seculis,
923 3092 1141 3194 quamplures
1160 3094 1372 3192 reperiuntur
1389 3119 1448 3192 pa·

330 3222 420 3291 tres,
451 3207 510 3306 qui
537 3206 686 3294 directe,
722 3209 962 3308 conceptisque
990 3207 1102 3282 verbis
1131 3207 1327 3281 tradiderint
1353 3207 1447 3282 nelos

329 3322 467 3410 omnino
485 3349 561 3397 esse
577 3322 737 3399 dirimere
753 3341 890 3423 propter
912 3322 1112 3396 adulterium
1130 3323 1339 3420 coniugium,
1359 3348 1400 3397 ac
1416 3323 1447 3396 si

330 3437 408 3522 liat,
435 3439 470 3509 in
495 3438 619 3511 crimen
645 3438 819 3524 adulterii,
848 3438 906 3538 qui
933 3437 968 3509 id
993 3436 1173 3523 auderent,
1197 3462 1237 3509 ex
1258 3437 1391 3511 Domini
1416 3453 1449 3510 et

329 3551 480 3651 Apostoli
495 3553 660 3628 sententia
676 3554 809 3628 cadere.
832 3552 949 3627 Plures
968 3553 1045 3626 item
1064 3551 1289 3649 reperiuntur,
1307 3552 1366 3652 qui
1383 3552 1446 3625 etsi

329 3670 485 3768 copulam
498 3669 707 3768 coniugalem
723 3696 782 3768 per
793 3668 996 3742 adulterium
1009 3665 1123 3740 divelli
1136 3723 1144 3753 ,
1159 3665 1293 3753 dirimi,
1315 3667 1446 3764 seiungi

406 3840 472 3900 (tos)
489 3842 523 3888 De
539 3838 685 3888 auctoritato
697 3839 722 3888 et
738 3839 885 3900 antiquitate
903 3838 991 3887 trorum
1009 3849 1130 3887 canonum
1141 3835 1172 3884 ct.
1195 3835 1262 3886 Gall.
1273 3837 1444 3898 Beraragiurn:

333 3919 467 3970 iudicium
482 3919 515 3971 ds
530 3919 675 3971 cononicus
691 3919 840 3983 apostolicis
853 3932 877 3968 n.
889 3921 919 3969 x.
935 3918 978 3970 uhi
995 3918 1089 3969 scuhit:
1105 3918 1282 3980 «Quamquam
1300 3929 1342 3967 eos
1358 3916 1397 3966 vel
1417 3916 1448 3966 als

331 4000 390 4063 ipsis
408 4000 531 4065 Apostolis
551 4000 702 4063 conscriptos
715 4012 780 4062 ease,
802 3999 842 4048 rei
861 3998 981 4049 clementi
1000 4001 1127 4060 tamquam
1139 3995 1281 4046 amanuensi
1296 3995 1401 4046 dictatos
1412 3996 1445 4046 at·

331 4079 429 4130 firmare
449 4093 498 4130 non
518 4079 609 4142 ausim,
629 4092 674 4129 nec
693 4093 751 4130 cum
772 4082 926 4129 Damascene
945 4091 988 4129 eos
1010 4077 1074 4127 inter
1091 4076 1222 4127 canonicos
1242 4089 1292 4127 sac.
1312 4076 1448 4139 scriptura·

330 4173 385 4210 ιιιιιι
406 4160 482 4211 libros
501 4160 663 4211 recensendos
681 4159 826 4221 iudicarim
846 4158 931 4210 nuilus
947 4161 1029 4210 tanen
1045 4156 1146 4217 dubito,
1164 4157 1225 4220 quio
1242 4169 1257 4206 a
1274 4155 1336 4205 viris
1353 4157 1448 4219 aposto·

331 4241 399 4303 licis,
419 4243 466 4292 hoc
476 4243 528 4303 ast,
542 4240 650 4292 mundo
661 4240 757 4292 labante
774 4241 800 4292 ct
816 4240 916 4291 ineunte
925 4239 998 4290 tertio
1014 4251 1029 4288 a
1047 4237 1139 4289 christi
1154 4237 1281 4287 nativitate
1297 4236 1381 4286 seculo
1391 4248 1447 4284 corr·

331 4320 408 4369 stituti
429 4320 518 4383 possim
539 4320 653 4384 deinceps
674 4319 831 4370 innotuerint.
844 4340 855 4358 »

407 4400 471 4461 (tes)
488 4399 526 4448 ct.
544 4399 701 4462 Berereglum
718 4399 765 4448 loe.
778 4397 820 4447 eit.
