3234 5084
302 442 476 495 eternus
489 441 674 495 eruturus.
687 442 847 505 rrr1,uou
862 440 1027 495 censoru,
1044 441 1115 495 rer.
1131 442 1183 495 un
1235 420 1302 493 itt

197 562 281 637 Dum
306 574 416 634 numm
435 559 471 631 id
487 559 656 647 dicimus,
675 557 768 633 hund
785 557 993 633 intendinus
1008 558 1123 632 omniu
1145 556 1304 658 probare,

196 662 280 775 quse
305 675 487 750 identidem
505 674 725 772 etheologis‚
742 673 940 774 praesertim
951 672 1308 761 vetustioribus,'odn·

194 805 288 886 gesta
313 806 412 876 sunt;
432 789 566 863 eritioes
596 790 687 863 enim
713 806 785 862 erte
817 789 965 862 nendum
995 787 1038 862 nd
1069 788 1306 889 persecutionem

194 904 360 989 edduon,
395 930 462 979 non
488 904 599 979 minus
625 902 782 977 eutholiei
808 929 911 1003 quem
937 917 1181 1003 protestantes,
1209 919 1307 1002 prout

194 1020 346 1119 ipsorum
356 1017 604 1094 lneubrationes
618 1032 790 1091 enteuotue
804 1016 897 1091 illius
910 1017 1028 1091 notetis
1041 1015 1152 1117 pulum
1164 1015 1303 1105 leniunt,

193 1135 362 1209 interdurn
391 1134 615 1210 offenderunt.
645 1134 763 1233 lisque
787 1133 844 1206 his
870 1133 983 1207 minus
1011 1133 1113 1207 oertis
1138 1132 1303 1221 omissis,

193 1275 256 1325 nos
274 1250 464 1326 insistimus
476 1248 586 1324 allatis
598 1248 762 1349 exemplis
775 1275 917 1349 quorum
930 1248 1186 1323 fundamentum
1203 1248 1306 1325 hisio-

193 1363 299 1438 rieum
324 1365 398 1439 iure
422 1364 620 1439 indubium
645 1389 801 1439 revooere
823 1364 940 1464 nequit
961 1365 1051 1459 (Ἷὲ).

267 1480 420 1555 Secundo
447 1505 513 1554 non
537 1480 699 1554 deficiunt
717 1505 757 1552 ex
775 1495 868 1580 perte
892 1479 959 1566 rei;
982 1479 1063 1577 quio
1082 1465 1215 1555 etismsi
1237 1504 1304 1554 non

193 1597 345 1695 legumus
370 1623 576 1698 quemquam
602 1595 753 1683 illorum,
782 1595 841 1695 qui
867 1595 904 1667 in
930 1594 1044 1668 seoulo
1069 1593 1176 1668 relieti
1201 1610 1300 1681 sunt,

193 1738 297 1788 novus
323 1713 441 1788 iniisse
457 1712 622 1813 nuptias,
646 1737 714 1786 non
740 1710 822 1783 inde
844 1710 1018 1811 seqnitur,
1039 1709 1075 1782 id
1094 1735 1152 1785 eos
1171 1716 1238 1787 non
1255 1709 1305 1784 [e-

191 1827 293 1902 eisss.
308 1829 497 1927 Scriptores
520 1827 612 1901 enim
638 1824 859 1900 eoelesiestiei
885 1823 1020 1900 solliciti
1045 1824 1146 1899 unice
1170 1824 1305 1901 luerunt

189 1942 236 2016 de
263 1943 450 2018 referendis
474 1942 604 2016 actibus
628 1940 763 2015 unuin
787 1966 925 2027 eorum,
955 1939 1014 2040 qui
1039 1939 1166 2014 Christi
1190 1964 1304 2015 amore

190 2058 353 2133 nuncium
370 2058 571 2132 remiserunt
583 2056 698 2131 seeulo
711 2056 755 2130 nd
766 2055 993 2131 continentiae
1009 2057 1218 2156 propositum
1235 2082 1305 2131 ser·

188 2174 360 2261 vandum,
388 2172 471 2272 quin
496 2186 777 2272 persequerentur
799 2198 861 2259 es,
890 2197 978 2271 qnee
1000 2171 1087 2271 porti
1108 2170 1205 2245 elteri
1222 2194 1302 2246 oon·

189 2288 349 2385 tigerunt.
365 2286 517 2369 Ceterum
538 2287 686 2361 uidimus
697 2287 892 2382 Eeglridum
914 2285 1090 2385 anglorum
1112 2313 1223 2386 regem
1241 2314 1304 2363 no-

188 2427 269 2475 vum
294 2403 407 2503 reipsa
431 2403 553 2477 iniisse
574 2402 770 2500 coniugium
793 2427 862 2475 seo.
879 2401 1042 2477 ecelesiae
1061 2403 1115 2474 il.
1132 2408 1297 2490 exeunte,

188 2533 250 2590 eut
275 2518 410 2591 ineunte
434 2518 504 2590 Vll.
527 2519 661 2592 nemine
686 2517 809 2592 nedum
835 2517 1057 2607 momente,
1087 2517 1147 2593 sed
1176 2545 1220 2591 ne
1243 2517 1301 2592 ud·

188 2632 334 2706 mirante
351 2632 508 2732 quidemss
530 2632 632 2706 immo
655 2658 736 2706 vero
760 2633 916 2707 eumdem
941 2632 1074 2706 virtutis
1099 2658 1140 2707 ec
1164 2632 1300 2737 pietatis

188 2747 291 2820 laude
317 2749 471 2824 novimus
496 2747 776 2822 commendatum.
806 2750 1009 2845 Argumento
1038 2747 1219 2845 igiturest
1244 2748 1300 2846 egi

189 2862 226 2934 in
252 2863 317 2937 hee
346 2865 490 2939 transitu
516 2864 560 2939 sd
585 2864 752 2940 secundos
777 2864 914 2965 nuptias
939 2864 983 2938 de
1003 2889 1039 2938 re
1060 2880 1241 2952 consuete,
1266 2880 1300 2939 et

189 2979 410 3052 communiter
436 2997 582 3080 recepte.

263 3093 409 3168 Concedi
432 3097 548 3196 utique
564 3112 674 3197 potest
691 3099 725 3170 in
744 3096 914 3171 nonnullis
936 3111 1128 3170 sanctorum
1149 3112 1299 3169 veterum

188 3207 352 3309 exemplis
379 3211 541 3284 incertum
565 3236 660 3299 esse,
680 3237 760 3284 num
782 3210 1061 3311 desponsalibus
1086 3212 1234 3297 tentum,
1254 3236 1300 3283 nn
1360 3220 1364 3225 ’

187 3348 270 3397 vero
293 3323 336 3396 de
361 3325 490 3423 nuptiis
517 3326 652 3425 proprie
670 3342 810 3423 egetur3
831 3326 867 3397 in
885 3326 962 3401 eliis
980 3342 1090 3400 temen
1107 3325 1151 3400 de
1168 3325 1298 3424 nuptiis

189 3465 309 3540 presse
332 3440 477 3540 sumptis
502 3441 617 3539 procul
641 3441 745 3516 dubio
768 3466 879 3516 sermo
901 3458 964 3517 est.
982 3443 1103 3517 Notum
1119 3458 1231 3515 nutem
1248 3457 1302 3515 est

189 3581 294 3654 penes
318 3569 447 3629 veteres
472 3572 640 3657 receptum
670 3557 798 3658 passim
825 3556 950 3644 luisse,
982 3574 1021 3631 ut
1049 3557 1210 3655 coniuges
1244 3583 1301 3632 no·

188 3672 281 3744 mine
305 3671 424 3772 sponsi
450 3686 508 3745 ant
529 3698 675 3771 sponsae
700 3689 984 3773 nuneuperentur.

260 3902 443 3965 (tribuistis
460 3918 481 3956 s.
493 3905 598 3955 Theeire
615 3904 647 3955 ei.
661 3919 724 3969 quse
743 3906 842 3970 seripsit
859 3907 999 3957 Honoratus
1015 3919 1029 3956 s
1045 3919 1066 3955 s.
1081 3905 1159 3955 iierie
1169 3894 1196 3955 in
1204 3909 1298 3970 optio

184 3978 303 4044 μάσω
311 3994 359 4031 rur
368 3982 405 4033 iss
414 3983 497 4048 riqier
508 3986 534 4033 et
544 3982 643 4047 l'maoe
654 3983 686 4034 de
698 3983 726 4034 la
741 3987 862 4048 critique.
875 3985 953 4036 Puris.
968 3989 995 4035 17
1000 3991 1035 4034 it.
1044 3987 1104 4034 tom.
1117 3985 1136 4034 1.
1149 4000 1173 4048 p.
1188 3990 1297 4037 rituti.

187 4061 213 4108 et
223 4061 283 4109 tom.
294 4062 327 4110 11.
339 4075 364 4126 p.
377 4069 405 4114 ts
416 4077 485 4127 seqq.
496 4066 555 4115 ieie
566 4077 625 4115 vero
635 4064 782 4116 sceeeiiiee
792 4077 841 4115 non
852 4065 888 4115 iis
897 4064 992 4128 pridem
1008 4065 1117 4128 vulgarit
1125 4079 1154 4115 re
1165 4064 1300 4119 undmrit

189 4140 220 4188 li.
233 4140 373 4204 conteget
388 4141 414 4191 in
430 4157 471 4207 op.
490 4146 606 4195 Histoire
620 4143 653 4195 de
667 4146 753 4195 sainte
771 4144 864 4194 civile.
877 4145 955 4195 [teon
965 4143 1005 4194 ed.
1018 4144 1087 4195 Puris
1101 4151 1165 4195 teet.
1179 4145 1218 4194 (ii.
1228 4157 1296 4209 pree·

186 4217 274 4268 sertim
284 4219 325 4268 eh.
338 4222 425 4270 mv
434 4235 486 4285 seq.
498 4225 618 4274 Eremos
633 4226 660 4274 et
672 4221 820 4285 risutotton
836 4222 881 4273 des
896 4225 1048 4286 nroumetrts
1063 4222 1096 4273 de
1112 4222 1199 4274 t'icote
1207 4222 1297 4285 jome-

187 4300 256 4427 proptio
270 4300 360 4428 corripe
371 4299 491 4431 metim
499 4301 625 4354 deroiute
641 4302 736 4365 virile,
747 4315 802 4366 pez.
816 4308 861 4356 soe
874 4315 943 4366 seqq.
955 4305 991 4353 ite
1001 4303 1067 4354 setis
1081 4316 1102 4354 s.
1114 4304 1192 4354 iterii
1203 4303 1235 4353 ei.
1243 4303 1296 4353 sot·

197 4390 211 4425 s
247 4390 316 4427 nuos
345 4392 382 4430 oe.
431 4418 436 4429 .
