3234 5084
321 432 502 485 mamm
519 432 616 484 senso
633 431 725 483 ram.
737 430 801 483 un.
816 432 929 483 morse.
942 431 1122 484 uariam.
1139 435 1162 483 r.
1231 414 1305 483 eet

187 550 278 627 bunc
302 551 497 652 pontificem
513 577 575 651 pro
591 550 785 625 omnimoda
805 551 955 650 coniugii
978 551 1133 626 firmitate
1151 554 1295 627 stetisse.

187 668 284 755 Quod
300 683 339 741 ut
354 666 570 753 evincamus,
591 664 839 765 praemittimus
859 692 946 766 quae
967 665 1001 737 iu
1023 667 1081 737 eit.
1098 666 1240 765 epistola
1257 668 1299 740 ad

188 782 332 857 Probum
362 781 517 880 scripsit3
547 797 617 854 tum
642 806 683 854 ea
707 780 955 880 expendemus,
984 806 1072 880 quae
1097 780 1301 855 adversariis

188 897 298 972 favere
322 895 480 970 videntur
503 922 545 970 ex
568 895 747 973 collatiorm
770 921 906 983 eorum,
927 921 1016 994 quae
1037 895 1126 968 idem
1153 897 1302 995 pontifex

188 1011 252 1087 bac
264 1037 367 1111 super
378 1036 415 1084 re
426 1010 593 1084 decrerit:
609 1009 727 1085 eadem
740 1009 888 1110 denique
900 1009 1026 1084 directe
1041 1010 1296 1110 explicabimus.

259 1127 315 1199 Sic
338 1150 438 1225 porro
462 1125 498 1197 in
522 1125 622 1224 epist.
643 1123 687 1199 ad
714 1124 859 1199 Probum
885 1124 1026 1198 scribit:
1054 1123 1302 1200 «conturbatio

188 1239 356 1341 procellae
384 1238 579 1314 barbaricae
610 1238 760 1313 facultati
786 1237 899 1337 legum
924 1238 1037 1314 intulit
1060 1264 1188 1314 casum.
1218 1242 1300 1314 Nam

187 1354 275 1428 bene
299 1354 481 1428 constituito
498 1354 710 1428 matrimonio
730 1354 818 1426 inter
839 1354 1033 1428 fortunium
1056 1370 1090 1427 et
1113 1355 1232 1428 Ursam
1250 1381 1302 1428 ea·

190 1468 354 1568 ptivitatis
381 1469 536 1543 incursus
566 1468 690 1542 fecerat
714 1492 874 1555 naamam,
904 1468 971 1541 nisi
995 1485 1113 1542 sancta
1129 1467 1305 1566 religionis

190 1598 314 1658 statuta
330 1582 555 1684 providerent.
567 1581 650 1655 Cum
664 1583 754 1656 euim
772 1583 808 1654 in
825 1583 1018 1682 captivitate
1034 1584 1205 1683 praedicta
1218 1585 1303 1659 Ursa

190 1697 311 1772 mulier
334 1713 522 1783 teneretur;
550 1697 643 1771 aliud
676 1698 869 1795 coniugium
894 1723 970 1771 cum
1001 1700 1166 1773 Restituta
1187 1700 1303 1774 Fortu·

188 1814 267 1887 nius
284 1827 487 1887 memoratus
506 1812 626 1886 iniisse
643 1814 866 1910 cognoscitur.
887 1814 952 1887 Sed
970 1814 1084 1888 farore
1098 1815 1232 1889 Domini
1251 1840 1303 1888 re·

186 1952 284 2001 versa
306 1926 392 1999 Ursa
415 1950 478 1999 nos
503 1923 608 2012 adiit,
633 1941 668 2000 et
690 1925 784 2001 nullo
807 1926 995 2014 diffitente,
1016 1953 1152 2002 uxorem
1174 1954 1212 2002 se
1233 1953 1304 2001 me·

187 2039 307 2116 merati
325 2038 510 2139 perdocuit.
534 2037 667 2125 Quare,
687 2039 824 2114 demine
841 2039 890 2112 fili
907 2041 1026 2114 merito
1050 2039 1210 2127 illustris,
1238 2057 1303 2115 sta·

189 2152 423 2242 luimus„fide
440 2151 606 2228 catholiea
625 2152 852 2251 suffragante,
880 2153 965 2228 illud
989 2182 1067 2234 esse
1090 2155 1299 2254 coniugium,

188 2268 368 2370 quoderat
386 2269 543 2368 primitus
560 2267 669 2366 gratia
684 2268 802 2344 diviua
818 2269 1014 2357 fundatum;
1035 2286 1305 2371 conventumque

189 2382 359 2459 secundae
382 2382 552 2470 mulieris,
582 2382 692 2482 priore
717 2385 921 2482 superstite,
947 2411 1005 2457 aec
1026 2383 1165 2457 divortio
1181 2387 1299 2469 eiecto,

190 2498 283 2573 nullo
308 2513 405 2598 pacto
430 2522 535 2599 posse
556 2522 634 2572 esse
658 2495 881 2594 legitimum.»
897 2498 946 2571 llx
969 2497 1123 2572 clausula
1138 2498 1216 2572 illa:
1236 2498 1304 2572 Nec

187 2616 450 2702 dicertioeiertc,
463 2616 612 2690 inferunt
623 2613 825 2701 edversarii3
841 2639 932 2711 ergo,
949 2614 1143 2688 Innocentio
1155 2628 1301 2702 auctore,

188 2730 390 2807 nouaclum
414 2746 542 2818 morte,
564 2755 680 2805 verum
704 2729 808 2804 etiam
829 2729 971 2803 divortio
996 2728 1108 2802 dirimi
1133 2728 1304 2803 vincdum

189 2845 366 2943 coniugale
391 2860 511 2944 potest.

263 2959 496 3036 Verumtamen
521 2962 551 3036 ei
578 2962 662 3037 haee
686 2964 901 3037 conferantur
926 2987 1001 3036 eum
1027 2962 1091 3049 iis,
1119 2987 1206 3061 quae
1232 2962 1305 3061 ipse

191 3073 368 3173 respondit
390 3075 576 3174 Exsuperio
600 3076 754 3152 tolosano
776 3077 956 3177 episcopo,
984 3077 1045 3177 qui
1071 3100 1148 3150 eum
1173 3075 1238 3150 hac
1262 3075 1305 3149 de

190 3216 226 3263 re
242 3188 519 3287 interrogaverat,
539 3192 651 3266 omnis
662 3191 706 3265 de
718 3192 792 3266 eius
805 3206 917 3266 mente
928 3190 1095 3266 dubitatio
1112 3191 1301 3266 evanescit:

194 3303 272 3376 elle
290 3302 484 3391 bisetium,
505 3305 633 3406 inquit,
655 3306 833 3406 requisivit
853 3303 987 3379 dileetio
1011 3323 1089 3393 tua,
1109 3306 1181 3406 qui,
1203 3305 1307 3378 inter·

190 3418 344 3492 veniente
371 3417 532 3518 repudio,
555 3418 614 3492 alii
635 3444 674 3493 se
693 3420 907 3494 matrimonio
928 3419 1137 3519 copularunt.
1160 3417 1252 3505 Quos
1271 3417 1306 3490 in

190 3548 334 3633 utraque
350 3549 446 3632 parte
468 3533 637 3609 adulteres
661 3560 739 3609 esse
763 3534 977 3608 manifestum
995 3549 1058 3607 est.
1075 3533 1140 3621 Qui
1157 3558 1237 3607 vero
1253 3531 1307 3606 vel

189 3674 294 3723 uxore
317 3649 472 3737 vivente,
494 3648 649 3750 quamvis
673 3648 896 3724 dissociatum
920 3647 1073 3722 videatur
1096 3673 1171 3721 esse
1195 3648 1308 3722 coniu-

189 3762 304 3859 gium,
324 3762 368 3836 ad
386 3762 487 3836 aliam
505 3762 661 3863 copulam
679 3763 900 3851 festinarunt,
922 3789 1032 3863 neque
1049 3778 1195 3862 possunt
1210 3762 1307 3836 adul·

189 3877 250 3952 teri
276 3904 344 3953 nou
367 3878 494 3967 uderi,
523 3878 559 3951 in
585 3894 737 3967 tantum,
757 3896 797 3954 ut
811 3879 912 3954 etiam
933 3879 998 3952 bae
1019 3904 1206 3978 personae,
1230 3878 1308 3978 qui-

188 3991 253 4067 bus
278 3992 364 4067 tales
389 3994 587 4069 coniunctae
612 4011 710 4084 sunt,
738 3995 841 4068 etiam
871 3995 966 4094 ipsae
989 3993 1191 4069 adulterium
1216 4017 1308 4067 ccm-

188 4106 326 4181 misisse
351 4106 547 4202 videantur,
574 4108 760 4183 secumdum
777 4106 863 4181 illud
879 4108 971 4208 quod
988 4107 1131 4206 legimus
1148 4107 1184 4179 in
1202 4106 1309 4182 Evan-

187 4221 302 4318 gelio:
333 4223 400 4310 Qvi
416 4223 578 4298 dimiserit
598 4251 734 4298 acorem
754 4250 869 4309 suom,
890 4241 921 4297 et
937 4224 1070 4297 decerit
1086 4225 1207 4309 uliam,
1227 4251 1309 4296 mee-

188 4337 320 4423 ebatur,
341 4340 493 4412 similiter
506 4354 536 4414 et
548 4341 610 4439 qui
618 4340 789 4415 dimissam
800 4340 952 4425 duceret,
968 4341 1164 4413 moechatur·
1176 4338 1219 4414 Bt
1231 4339 1308 4413 ideo

248 4479 289 4534 lll
1226 4487 1261 4537 2²
