<?xml version="1.0" encoding="UTF-8"?>
<!DOCTYPE html PUBLIC "-//W3C//DTD XHTML 1.0 Transitional//EN"
    "http://www.w3.org/TR/xhtml1/DTD/xhtml1-transitional.dtd">
<html xmlns="http://www.w3.org/1999/xhtml" xml:lang="en" lang="en">
 <head>
  <title>
</title>
<meta http-equiv="Content-Type" content="text/html;charset=utf-8" />
  <meta name='ocr-system' content='tesseract 3.04.00' />
  <meta name='ocr-capabilities' content='ocr_page ocr_carea ocr_par ocr_line ocrx_word'/>
</head>
<body>
  <div class='ocr_page' id='page_1' title='image "./dematrimoniochr03perrgoog_0228.png"; bbox 0 0 3234 5084; ppageno 0'>
   <div class='ocr_carea' id='block_1_1' title="bbox 313 396 1278 467">
    <p class='ocr_par' dir='ltr' id='par_1_1' title="bbox 313 396 1278 467">
     <span class='ocr_line' id='line_1_1' title="bbox 313 396 1278 467; baseline -0.004 -2"><span class='ocrx_word' id='word_1_1' title='bbox 313 396 381 465; x_wconf 65' lang='lat'><strong>225</strong></span> <span class='ocrx_word' id='word_1_2' title='bbox 457 418 518 467; x_wconf 78' lang='lat' dir='ltr'><strong>tm.</strong></span> <span class='ocrx_word' id='word_1_3' title='bbox 532 417 579 464; x_wconf 84' lang='grc' dir='ltr'>ΙΙΙ.</span> <span class='ocrx_word' id='word_1_4' title='bbox 592 416 678 465; x_wconf 78' lang='lat' dir='ltr'><strong>SEGT·</strong></span> <span class='ocrx_word' id='word_1_5' title='bbox 691 415 820 463; x_wconf 71' lang='lat' dir='ltr'><strong>aarum.</strong></span> <span class='ocrx_word' id='word_1_6' title='bbox 841 416 880 464; x_wconf 76' lang='lat' dir='ltr'><strong>ot:</strong></span> <span class='ocrx_word' id='word_1_7' title='bbox 898 415 1018 464; x_wconf 74' lang='lat' dir='ltr'><strong>lllltlSS.¹</strong></span> <span class='ocrx_word' id='word_1_8' title='bbox 1033 415 1127 464; x_wconf 70' lang='grc' dir='ltr'><strong>ΙΑΤΙΙ.</strong></span> <span class='ocrx_word' id='word_1_9' title='bbox 1151 415 1278 465; x_wconf 77' lang='lat' dir='ltr'><strong>cumsr.</strong></span> 
     </span>
    </p>
   </div>
   <div class='ocr_carea' id='block_1_2' title="bbox 314 529 1435 4413">
    <p class='ocr_par' dir='ltr' id='par_1_2' title="bbox 314 529 1435 2116">
     <span class='ocr_line' id='line_1_2' title="bbox 314 529 1434 634; baseline 0 -28"><span class='ocrx_word' id='word_1_10' title='bbox 314 535 402 634; x_wconf 84' lang='lat' dir='ltr'><strong>ptius</strong></span> <span class='ocrx_word' id='word_1_11' title='bbox 429 531 572 604; x_wconf 88' lang='lat' dir='ltr'><strong>transire</strong></span> <span class='ocrx_word' id='word_1_12' title='bbox 595 531 703 603; x_wconf 88' lang='lat' dir='ltr'><strong>liceat.</strong></span> <span class='ocrx_word' id='word_1_13' title='bbox 725 529 807 603; x_wconf 87' lang='lat' dir='ltr'><strong>Cum</strong></span> <span class='ocrx_word' id='word_1_14' title='bbox 835 556 912 604; x_wconf 88' lang='lat' dir='ltr'><strong>vero</strong></span> <span class='ocrx_word' id='word_1_15' title='bbox 929 530 1124 603; x_wconf 90' lang='lat' dir='ltr'><strong>huiusmodi</strong></span> <span class='ocrx_word' id='word_1_16' title='bbox 1145 531 1181 602; x_wconf 92' lang='lat' dir='ltr'><strong>in</strong></span> <span class='ocrx_word' id='word_1_17' title='bbox 1199 546 1268 605; x_wconf 89' lang='lat' dir='ltr'><strong>tota</strong></span> <span class='ocrx_word' id='word_1_18' title='bbox 1285 532 1434 606; x_wconf 86' lang='lat' dir='ltr'><strong>mosaica</strong></span> 
     </span>
     <span class='ocr_line' id='line_1_3' title="bbox 316 644 1434 744; baseline 0.001 -25"><span class='ocrx_word' id='word_1_19' title='bbox 316 649 511 720; x_wconf 87' lang='lat' dir='ltr'><strong>oeconomia</strong></span> <span class='ocrx_word' id='word_1_20' title='bbox 529 644 681 744; x_wconf 83' lang='lat' dir='ltr'>nuspiam</span> <span class='ocrx_word' id='word_1_21' title='bbox 705 661 881 744; x_wconf 77' lang='lat' dir='ltr'><strong>appareat,</strong></span> <span class='ocrx_word' id='word_1_22' title='bbox 911 644 1089 718; x_wconf 88' lang='lat' dir='ltr'><strong>dicendum</strong></span> <span class='ocrx_word' id='word_1_23' title='bbox 1108 660 1160 718; x_wconf 90' lang='lat' dir='ltr'><strong>est</strong></span> <span class='ocrx_word' id='word_1_24' title='bbox 1177 645 1276 717; x_wconf 87' lang='lat' dir='ltr'><strong>aliam</strong></span> <span class='ocrx_word' id='word_1_25' title='bbox 1294 672 1372 720; x_wconf 87' lang='lat' dir='ltr'><strong>esse</strong></span> <span class='ocrx_word' id='word_1_26' title='bbox 1388 647 1434 720; x_wconf 72' lang='lat' dir='ltr'><strong>le</strong></span> 
     </span>
     <span class='ocr_line' id='line_1_4' title="bbox 316 758 1433 858; baseline -0.001 -25"><span class='ocrx_word' id='word_1_27' title='bbox 316 788 411 858; x_wconf 82' lang='lat' dir='ltr'><strong>gem,</strong></span> <span class='ocrx_word' id='word_1_28' title='bbox 434 759 476 833; x_wconf 89' lang='lat' dir='ltr'><strong>ad</strong></span> <span class='ocrx_word' id='word_1_29' title='bbox 494 785 595 858; x_wconf 86' lang='lat' dir='ltr'><strong>quam</strong></span> <span class='ocrx_word' id='word_1_30' title='bbox 613 758 669 831; x_wconf 90' lang='lat' dir='ltr'><strong>hio</strong></span> <span class='ocrx_word' id='word_1_31' title='bbox 693 759 787 832; x_wconf 89' lang='lat' dir='ltr'><strong>lesus</strong></span> <span class='ocrx_word' id='word_1_32' title='bbox 806 758 975 857; x_wconf 79' lang='lat' dir='ltr'><strong>respexit3</strong></span> <span class='ocrx_word' id='word_1_33' title='bbox 1005 758 1162 831; x_wconf 89' lang='lat' dir='ltr'><strong>nimirum</strong></span> <span class='ocrx_word' id='word_1_34' title='bbox 1188 758 1301 845; x_wconf 85' lang='lat' dir='ltr'><strong>illam,</strong></span> <span class='ocrx_word' id='word_1_35' title='bbox 1330 785 1433 857; x_wconf 91' lang='lat' dir='ltr'><strong>quam</strong></span> 
     </span>
     <span class='ocr_line' id='line_1_5' title="bbox 316 873 1435 974; baseline 0.001 -27"><span class='ocrx_word' id='word_1_36' title='bbox 316 877 350 947; x_wconf 89' lang='lat' dir='ltr'><strong>in</strong></span> <span class='ocrx_word' id='word_1_37' title='bbox 375 903 438 949; x_wconf 87' lang='lat' dir='ltr'><strong>suo</strong></span> <span class='ocrx_word' id='word_1_38' title='bbox 458 902 533 947; x_wconf 90' lang='lat' dir='ltr'><strong>cum</strong></span> <span class='ocrx_word' id='word_1_39' title='bbox 559 873 750 972; x_wconf 86' lang='lat' dir='ltr'><strong>pharisaeis</strong></span> <span class='ocrx_word' id='word_1_40' title='bbox 775 873 943 974; x_wconf 90' lang='lat' dir='ltr'><strong>colloquio</strong></span> <span class='ocrx_word' id='word_1_41' title='bbox 966 873 1086 947; x_wconf 88' lang='lat' dir='ltr'><strong>iisdem</strong></span> <span class='ocrx_word' id='word_1_42' title='bbox 1112 875 1147 946; x_wconf 90' lang='lat' dir='ltr'><strong>in</strong></span> <span class='ocrx_word' id='word_1_43' title='bbox 1172 874 1366 948; x_wconf 82' lang='lat' dir='ltr'><strong>memoriam</strong></span> <span class='ocrx_word' id='word_1_44' title='bbox 1386 902 1435 948; x_wconf 78' lang='lat' dir='ltr'><strong>re·</strong></span> 
     </span>
     <span class='ocr_line' id='line_1_6' title="bbox 314 987 1434 1088; baseline -0.001 -24"><span class='ocrx_word' id='word_1_45' title='bbox 314 991 462 1077; x_wconf 82' lang='lat' dir='ltr'><strong>vocavit,</strong></span> <span class='ocrx_word' id='word_1_46' title='bbox 482 1005 516 1062; x_wconf 90' lang='lat' dir='ltr'><strong>et</strong></span> <span class='ocrx_word' id='word_1_47' title='bbox 540 989 700 1088; x_wconf 88' lang='lat' dir='ltr'><strong>adquam</strong></span> <span class='ocrx_word' id='word_1_48' title='bbox 719 989 930 1062; x_wconf 89' lang='lat' dir='ltr'><strong>matrimonia</strong></span> <span class='ocrx_word' id='word_1_49' title='bbox 949 1015 1084 1063; x_wconf 87' lang='lat' dir='ltr'><strong>suorum</strong></span> <span class='ocrx_word' id='word_1_50' title='bbox 1111 987 1261 1062; x_wconf 86' lang='lat' dir='ltr'><strong>fidelium</strong></span> <span class='ocrx_word' id='word_1_51' title='bbox 1286 989 1320 1061; x_wconf 92' lang='lat' dir='ltr'><strong>in</strong></span> <span class='ocrx_word' id='word_1_52' title='bbox 1346 1015 1434 1063; x_wconf 83' lang='lat' dir='ltr'><strong>nova</strong></span> 
     </span>
     <span class='ocr_line' id='line_1_7' title="bbox 315 1102 1429 1202; baseline 0.001 -27"><span class='ocrx_word' id='word_1_53' title='bbox 315 1104 388 1202; x_wconf 79' lang='lat' dir='ltr'><strong>lege</strong></span> <span class='ocrx_word' id='word_1_54' title='bbox 412 1103 613 1176; x_wconf 78' lang='lat' dir='ltr'><strong>conformari</strong></span> <span class='ocrx_word' id='word_1_55' title='bbox 638 1102 754 1177; x_wconf 79' lang='lat' dir='ltr'><strong>uoluit.</strong></span> <span class='ocrx_word' id='word_1_56' title='bbox 785 1105 834 1175; x_wconf 86' lang='lat' dir='ltr'><strong>Ea</strong></span> <span class='ocrx_word' id='word_1_57' title='bbox 859 1118 968 1177; x_wconf 89' lang='lat' dir='ltr'><strong>autem</strong></span> <span class='ocrx_word' id='word_1_58' title='bbox 994 1102 1137 1177; x_wconf 87' lang='lat' dir='ltr'><strong>habetur</strong></span> <span class='ocrx_word' id='word_1_59' title='bbox 1161 1103 1280 1177; x_wconf 79' lang='lat' dir='ltr'><strong>Genea.</strong></span> <span class='ocrx_word' id='word_1_60' title='bbox 1301 1105 1345 1176; x_wconf 80' lang='lat' dir='ltr'><strong>ll,</strong></span> <span class='ocrx_word' id='word_1_61' title='bbox 1368 1105 1429 1176; x_wconf 66' lang='grc' dir='ltr'><strong>Μ.</strong></span> 
     </span>
     <span class='ocr_line' id='line_1_8' title="bbox 314 1218 1434 1317; baseline -0.002 -26"><span class='ocrx_word' id='word_1_62' title='bbox 314 1221 349 1292; x_wconf 92' lang='lat' dir='ltr'><strong>in</strong></span> <span class='ocrx_word' id='word_1_63' title='bbox 362 1219 429 1291; x_wconf 91' lang='lat' dir='ltr'><strong>illis</strong></span> <span class='ocrx_word' id='word_1_64' title='bbox 442 1219 553 1292; x_wconf 83' lang='lat' dir='ltr'><strong>verbis</strong></span> <span class='ocrx_word' id='word_1_65' title='bbox 567 1218 611 1291; x_wconf 85' lang='lat' dir='ltr'><strong>ab</strong></span> <span class='ocrx_word' id='word_1_66' title='bbox 623 1218 748 1303; x_wconf 82' lang='lat' dir='ltr'><strong>Adam,</strong></span> <span class='ocrx_word' id='word_1_67' title='bbox 769 1219 838 1292; x_wconf 86' lang='lat' dir='ltr'><strong>Deo</strong></span> <span class='ocrx_word' id='word_1_68' title='bbox 859 1219 1068 1317; x_wconf 87' lang='lat' dir='ltr'><strong>inspirante,</strong></span> <span class='ocrx_word' id='word_1_69' title='bbox 1089 1218 1244 1317; x_wconf 86' lang='lat' dir='ltr'><strong>prolatis:</strong></span> <span class='ocrx_word' id='word_1_70' title='bbox 1269 1219 1434 1317; x_wconf 85' lang='lat' dir='ltr'><strong>«Propter</strong></span> 
     </span>
     <span class='ocr_line' id='line_1_9' title="bbox 314 1331 1431 1431; baseline 0.001 -27"><span class='ocrx_word' id='word_1_71' title='bbox 314 1333 377 1406; x_wconf 89' lang='lat' dir='ltr'><strong>boc</strong></span> <span class='ocrx_word' id='word_1_72' title='bbox 394 1333 538 1405; x_wconf 90' lang='lat' dir='ltr'><strong>dimittet</strong></span> <span class='ocrx_word' id='word_1_73' title='bbox 561 1331 660 1404; x_wconf 91' lang='lat' dir='ltr'><strong>homo</strong></span> <span class='ocrx_word' id='word_1_74' title='bbox 678 1349 805 1431; x_wconf 89' lang='lat' dir='ltr'><strong>patrem</strong></span> <span class='ocrx_word' id='word_1_75' title='bbox 822 1357 939 1419; x_wconf 88' lang='lat' dir='ltr'><strong>suum,</strong></span> <span class='ocrx_word' id='word_1_76' title='bbox 961 1347 993 1405; x_wconf 90' lang='lat' dir='ltr'><strong>et</strong></span> <span class='ocrx_word' id='word_1_77' title='bbox 1009 1348 1159 1418; x_wconf 90' lang='lat' dir='ltr'><strong>matrem,</strong></span> <span class='ocrx_word' id='word_1_78' title='bbox 1180 1348 1214 1406; x_wconf 85' lang='lat' dir='ltr'><strong>et</strong></span> <span class='ocrx_word' id='word_1_79' title='bbox 1230 1331 1431 1405; x_wconf 90' lang='lat' dir='ltr'><strong>adhaerebit</strong></span> 
     </span>
     <span class='ocr_line' id='line_1_10' title="bbox 314 1445 1431 1533; baseline -0.002 -12"><span class='ocrx_word' id='word_1_80' title='bbox 314 1448 408 1521; x_wconf 85' lang='lat' dir='ltr'><strong>uxori</strong></span> <span class='ocrx_word' id='word_1_81' title='bbox 427 1474 527 1533; x_wconf 88' lang='lat' dir='ltr'><strong>suae,</strong></span> <span class='ocrx_word' id='word_1_82' title='bbox 555 1463 588 1520; x_wconf 90' lang='lat' dir='ltr'><strong>et</strong></span> <span class='ocrx_word' id='word_1_83' title='bbox 604 1462 702 1520; x_wconf 89' lang='lat' dir='ltr'><strong>erunt</strong></span> <span class='ocrx_word' id='word_1_84' title='bbox 732 1446 801 1519; x_wconf 94' lang='lat' dir='ltr'><strong>duo</strong></span> <span class='ocrx_word' id='word_1_85' title='bbox 833 1450 869 1517; x_wconf 89' lang='lat' dir='ltr'><strong>in</strong></span> <span class='ocrx_word' id='word_1_86' title='bbox 904 1472 1141 1521; x_wconf 79' lang='lat' dir='ltr'><strong>carneuna.»</strong></span> <span class='ocrx_word' id='word_1_87' title='bbox 1170 1445 1300 1533; x_wconf 83' lang='lat' dir='ltr'><strong>Quibus</strong></span> <span class='ocrx_word' id='word_1_88' title='bbox 1317 1446 1431 1519; x_wconf 86' lang='lat' dir='ltr'><strong>verbis</strong></span> 
     </span>
     <span class='ocr_line' id='line_1_11' title="bbox 314 1559 1427 1660; baseline -0.002 -25"><span class='ocrx_word' id='word_1_89' title='bbox 314 1565 410 1635; x_wconf 91' lang='lat' dir='ltr'><strong>lesus</strong></span> <span class='ocrx_word' id='word_1_90' title='bbox 435 1560 552 1634; x_wconf 82' lang='lat' dir='ltr'><strong>Matth.</strong></span> <span class='ocrx_word' id='word_1_91' title='bbox 568 1561 654 1631; x_wconf 80' lang='lat' dir='ltr'><strong>xlx.</strong></span> <span class='ocrx_word' id='word_1_92' title='bbox 678 1564 712 1632; x_wconf 81' lang='grc'><strong>6,</strong></span> <span class='ocrx_word' id='word_1_93' title='bbox 733 1560 874 1634; x_wconf 88' lang='lat' dir='ltr'><strong>adiecit:</strong></span> <span class='ocrx_word' id='word_1_94' title='bbox 899 1561 1128 1660; x_wconf 71' lang='lat' dir='ltr'><strong>«Itaqueiam</strong></span> <span class='ocrx_word' id='word_1_95' title='bbox 1154 1587 1220 1634; x_wconf 91' lang='lat' dir='ltr'><strong>non</strong></span> <span class='ocrx_word' id='word_1_96' title='bbox 1242 1576 1321 1633; x_wconf 91' lang='lat' dir='ltr'><strong>sunt</strong></span> <span class='ocrx_word' id='word_1_97' title='bbox 1337 1559 1427 1645; x_wconf 87' lang='lat' dir='ltr'><strong>duo,</strong></span> 
     </span>
     <span class='ocr_line' id='line_1_12' title="bbox 314 1674 1432 1772; baseline -0.003 -21"><span class='ocrx_word' id='word_1_98' title='bbox 314 1678 374 1751; x_wconf 90' lang='lat' dir='ltr'><strong>sed</strong></span> <span class='ocrx_word' id='word_1_99' title='bbox 396 1703 464 1749; x_wconf 90' lang='lat' dir='ltr'><strong>una</strong></span> <span class='ocrx_word' id='word_1_100' title='bbox 490 1702 579 1749; x_wconf 89' lang='lat' dir='ltr'><strong>caro.</strong></span> <span class='ocrx_word' id='word_1_101' title='bbox 610 1674 707 1761; x_wconf 85' lang='lat' dir='ltr'><strong>Quod</strong></span> <span class='ocrx_word' id='word_1_102' title='bbox 733 1702 815 1772; x_wconf 82' lang='lat' dir='ltr'><strong>ergo</strong></span> <span class='ocrx_word' id='word_1_103' title='bbox 837 1676 927 1750; x_wconf 87' lang='lat' dir='ltr'><strong>Deus</strong></span> <span class='ocrx_word' id='word_1_104' title='bbox 952 1675 1143 1762; x_wconf 82' lang='lat' dir='ltr'><strong>coniunxit,</strong></span> <span class='ocrx_word' id='word_1_105' title='bbox 1170 1676 1269 1753; x_wconf 90' lang='lat' dir='ltr'><strong>homo</strong></span> <span class='ocrx_word' id='word_1_106' title='bbox 1294 1701 1361 1748; x_wconf 91' lang='lat' dir='ltr'><strong>non</strong></span> <span class='ocrx_word' id='word_1_107' title='bbox 1379 1702 1432 1749; x_wconf 88' lang='lat' dir='ltr'><strong>se-</strong></span> 
     </span>
     <span class='ocr_line' id='line_1_13' title="bbox 315 1787 1432 1890; baseline -0.002 -26"><span class='ocrx_word' id='word_1_108' title='bbox 315 1807 450 1890; x_wconf 75' lang='lat' dir='ltr'><strong>paret.»</strong></span> <span class='ocrx_word' id='word_1_109' title='bbox 480 1790 569 1861; x_wconf 85' lang='lat' dir='ltr'><strong>llaec</strong></span> <span class='ocrx_word' id='word_1_110' title='bbox 593 1788 644 1860; x_wconf 85' lang='lat' dir='ltr'><strong>lex</strong></span> <span class='ocrx_word' id='word_1_111' title='bbox 669 1787 726 1860; x_wconf 88' lang='lat' dir='ltr'><strong>illa</strong></span> <span class='ocrx_word' id='word_1_112' title='bbox 752 1805 805 1861; x_wconf 88' lang='lat' dir='ltr'><strong>est</strong></span> <span class='ocrx_word' id='word_1_113' title='bbox 829 1815 849 1861; x_wconf 93' lang='lat' dir='ltr'><strong>a</strong></span> <span class='ocrx_word' id='word_1_114' title='bbox 875 1789 1023 1876; x_wconf 87' lang='lat' dir='ltr'><strong>iudaeis,</strong></span> <span class='ocrx_word' id='word_1_115' title='bbox 1055 1791 1146 1863; x_wconf 87' lang='lat' dir='ltr'><strong>Mose</strong></span> <span class='ocrx_word' id='word_1_116' title='bbox 1171 1790 1246 1889; x_wconf 90' lang='lat' dir='ltr'><strong>ipso</strong></span> <span class='ocrx_word' id='word_1_117' title='bbox 1264 1805 1432 1862; x_wconf 88' lang='lat' dir='ltr'><strong>annuente</strong></span> 
     </span>
     <span class='ocr_line' id='line_1_14' title="bbox 314 1902 1433 2003; baseline -0.005 -24"><span class='ocrx_word' id='word_1_118' title='bbox 314 1905 357 1979; x_wconf 93' lang='lat' dir='ltr'><strong>ob</strong></span> <span class='ocrx_word' id='word_1_119' title='bbox 382 1904 541 1976; x_wconf 89' lang='lat' dir='ltr'><strong>duritiam</strong></span> <span class='ocrx_word' id='word_1_120' title='bbox 567 1902 679 1975; x_wconf 87' lang='lat' dir='ltr'><strong>cordis</strong></span> <span class='ocrx_word' id='word_1_121' title='bbox 704 1929 841 1989; x_wconf 90' lang='lat' dir='ltr'><strong>eorum,</strong></span> <span class='ocrx_word' id='word_1_122' title='bbox 870 1903 1038 2001; x_wconf 80' lang='lat' dir='ltr'><strong>neglecta,</strong></span> <span class='ocrx_word' id='word_1_123' title='bbox 1062 1924 1163 2003; x_wconf 88' lang='lat' dir='ltr'><strong>quam</strong></span> <span class='ocrx_word' id='word_1_124' title='bbox 1189 1906 1283 1979; x_wconf 88' lang='lat' dir='ltr'><strong>lesus</strong></span> <span class='ocrx_word' id='word_1_125' title='bbox 1300 1903 1342 1976; x_wconf 85' lang='lat' dir='ltr'><strong>ad</strong></span> <span class='ocrx_word' id='word_1_126' title='bbox 1362 1904 1433 2002; x_wconf 89' lang='lat' dir='ltr'><strong>pri-</strong></span> 
     </span>
     <span class='ocr_line' id='line_1_15' title="bbox 317 2018 1010 2116; baseline -0.009 -20"><span class='ocrx_word' id='word_1_127' title='bbox 317 2022 442 2096; x_wconf 86' lang='lat' dir='ltr'><strong>stinam</strong></span> <span class='ocrx_word' id='word_1_128' title='bbox 468 2018 687 2116; x_wconf 80' lang='lat' dir='ltr'><strong>integritatem</strong></span> <span class='ocrx_word' id='word_1_129' title='bbox 715 2044 870 2092; x_wconf 85' lang='lat' dir='ltr'><strong>revocare</strong></span> <span class='ocrx_word' id='word_1_130' title='bbox 893 2018 1010 2092; x_wconf 90' lang='lat' dir='ltr'><strong>voluit.</strong></span> 
     </span>
    </p>

    <p class='ocr_par' dir='ltr' id='par_1_3' title="bbox 315 2134 1431 4413">
     <span class='ocr_line' id='line_1_16' title="bbox 389 2134 1428 2235; baseline -0.003 -28"><span class='ocrx_word' id='word_1_131' title='bbox 389 2138 458 2209; x_wconf 85' lang='lat' dir='ltr'><strong>lam</strong></span> <span class='ocrx_word' id='word_1_132' title='bbox 470 2162 565 2221; x_wconf 85' lang='lat' dir='ltr'><strong>vero,</strong></span> <span class='ocrx_word' id='word_1_133' title='bbox 582 2135 617 2205; x_wconf 92' lang='lat' dir='ltr'><strong>in</strong></span> <span class='ocrx_word' id='word_1_134' title='bbox 636 2134 816 2234; x_wconf 79' lang='lat' dir='ltr'><strong>hypothesi</strong></span> <span class='ocrx_word' id='word_1_135' title='bbox 831 2134 1097 2208; x_wconf 86' lang='lat' dir='ltr'><strong>adversariorum</strong></span> <span class='ocrx_word' id='word_1_136' title='bbox 1112 2193 1119 2221; x_wconf 90' lang='lat'><strong>,</strong></span> <span class='ocrx_word' id='word_1_137' title='bbox 1136 2136 1194 2235; x_wconf 89' lang='lat' dir='ltr'><strong>qui</strong></span> <span class='ocrx_word' id='word_1_138' title='bbox 1211 2135 1312 2208; x_wconf 88' lang='lat' dir='ltr'><strong>etiam</strong></span> <span class='ocrx_word' id='word_1_139' title='bbox 1326 2134 1428 2207; x_wconf 83' lang='lat' dir='ltr'><strong>textui</strong></span> 
     </span>
     <span class='ocr_line' id='line_1_17' title="bbox 316 2246 1431 2348; baseline -0.002 -27"><span class='ocrx_word' id='word_1_140' title='bbox 316 2252 424 2324; x_wconf 78' lang='lat' dir='ltr'><strong>lucae</strong></span> <span class='ocrx_word' id='word_1_141' title='bbox 448 2250 620 2335; x_wconf 84' lang='lat' dir='ltr'><strong>inserere,</strong></span> <span class='ocrx_word' id='word_1_142' title='bbox 650 2274 709 2321; x_wconf 88' lang='lat' dir='ltr'><strong>seu</strong></span> <span class='ocrx_word' id='word_1_143' title='bbox 740 2248 851 2348; x_wconf 88' lang='lat' dir='ltr'><strong>potius</strong></span> <span class='ocrx_word' id='word_1_144' title='bbox 877 2248 1048 2321; x_wconf 81' lang='lat' dir='ltr'><strong>intrudere</strong></span> <span class='ocrx_word' id='word_1_145' title='bbox 1072 2247 1194 2321; x_wconf 82' lang='lat' dir='ltr'><strong>uellent</strong></span> <span class='ocrx_word' id='word_1_146' title='bbox 1218 2246 1309 2320; x_wconf 85' lang='lat' dir='ltr'><strong>illam</strong></span> <span class='ocrx_word' id='word_1_147' title='bbox 1335 2273 1431 2320; x_wconf 84' lang='lat' dir='ltr'><strong>exce-</strong></span> 
     </span>
     <span class='ocr_line' id='line_1_18' title="bbox 316 2361 1431 2464; baseline -0.004 -27"><span class='ocrx_word' id='word_1_148' title='bbox 316 2366 479 2464; x_wconf 89' lang='lat' dir='ltr'><strong>ptionem,</strong></span> <span class='ocrx_word' id='word_1_149' title='bbox 504 2366 572 2436; x_wconf 78' lang='lat' dir='ltr'><strong>nisi</strong></span> <span class='ocrx_word' id='word_1_150' title='bbox 589 2363 627 2434; x_wconf 90' lang='lat' dir='ltr'><strong>cb</strong></span> <span class='ocrx_word' id='word_1_151' title='bbox 646 2364 915 2462; x_wconf 73' lang='lat' dir='ltr'><strong>fornicationem,</strong></span> <span class='ocrx_word' id='word_1_152' title='bbox 936 2363 1025 2435; x_wconf 93' lang='lat' dir='ltr'><strong>utin</strong></span> <span class='ocrx_word' id='word_1_153' title='bbox 1042 2389 1123 2436; x_wconf 86' lang='lat' dir='ltr'><strong>casu</strong></span> <span class='ocrx_word' id='word_1_154' title='bbox 1141 2362 1296 2435; x_wconf 88' lang='lat' dir='ltr'><strong>adulterii</strong></span> <span class='ocrx_word' id='word_1_155' title='bbox 1315 2361 1431 2434; x_wconf 88' lang='lat' dir='ltr'><strong>matri-</strong></span> 
     </span>
     <span class='ocr_line' id='line_1_19' title="bbox 315 2477 1428 2577; baseline -0.004 -26"><span class='ocrx_word' id='word_1_156' title='bbox 315 2480 418 2552; x_wconf 90' lang='lat' dir='ltr'><strong>monii</strong></span> <span class='ocrx_word' id='word_1_157' title='bbox 443 2477 615 2552; x_wconf 90' lang='lat' dir='ltr'><strong>vinculum</strong></span> <span class='ocrx_word' id='word_1_158' title='bbox 641 2477 913 2577; x_wconf 83' lang='lat' dir='ltr'><strong>abrumperetur,</strong></span> <span class='ocrx_word' id='word_1_159' title='bbox 938 2477 1020 2550; x_wconf 89' lang='lat' dir='ltr'><strong>illud</strong></span> <span class='ocrx_word' id='word_1_160' title='bbox 1038 2477 1128 2577; x_wconf 93' lang='lat' dir='ltr'><strong>quod</strong></span> <span class='ocrx_word' id='word_1_161' title='bbox 1143 2477 1296 2551; x_wconf 84' lang='lat' dir='ltr'><strong>Christus</strong></span> <span class='ocrx_word' id='word_1_162' title='bbox 1312 2504 1346 2551; x_wconf 85' lang='lat' dir='ltr'><strong>v.</strong></span> <span class='ocrx_word' id='word_1_163' title='bbox 1368 2480 1428 2548; x_wconf 76' lang='lat'><strong>17.</strong></span> 
     </span>
     <span class='ocr_line' id='line_1_20' title="bbox 315 2591 1431 2694; baseline -0.002 -28"><span class='ocrx_word' id='word_1_164' title='bbox 315 2593 572 2694; x_wconf 81' lang='lat' dir='ltr'><strong>pronunciavit:</strong></span> <span class='ocrx_word' id='word_1_165' title='bbox 606 2591 785 2666; x_wconf 84' lang='lat' dir='ltr'><strong>«Facilius</strong></span> <span class='ocrx_word' id='word_1_166' title='bbox 802 2611 855 2666; x_wconf 89' lang='lat' dir='ltr'><strong>est</strong></span> <span class='ocrx_word' id='word_1_167' title='bbox 871 2608 980 2666; x_wconf 88' lang='lat' dir='ltr'><strong>autem</strong></span> <span class='ocrx_word' id='word_1_168' title='bbox 999 2592 1128 2667; x_wconf 88' lang='lat' dir='ltr'><strong>caelum</strong></span> <span class='ocrx_word' id='word_1_169' title='bbox 1145 2610 1178 2666; x_wconf 91' lang='lat' dir='ltr'><strong>et</strong></span> <span class='ocrx_word' id='word_1_170' title='bbox 1195 2610 1315 2666; x_wconf 87' lang='lat' dir='ltr'><strong>terram</strong></span> <span class='ocrx_word' id='word_1_171' title='bbox 1334 2620 1431 2693; x_wconf 83' lang='lat' dir='ltr'><strong>prae·</strong></span> 
     </span>
     <span class='ocr_line' id='line_1_21' title="bbox 316 2706 1430 2808; baseline -0.003 -26"><span class='ocrx_word' id='word_1_172' title='bbox 316 2709 430 2793; x_wconf 89' lang='lat' dir='ltr'><strong>terire,</strong></span> <span class='ocrx_word' id='word_1_173' title='bbox 460 2735 562 2808; x_wconf 91' lang='lat' dir='ltr'><strong>quam</strong></span> <span class='ocrx_word' id='word_1_174' title='bbox 587 2706 631 2781; x_wconf 86' lang='lat' dir='ltr'><strong>de</strong></span> <span class='ocrx_word' id='word_1_175' title='bbox 657 2706 730 2803; x_wconf 83' lang='lat' dir='ltr'><strong>lege</strong></span> <span class='ocrx_word' id='word_1_176' title='bbox 755 2733 857 2778; x_wconf 90' lang='lat' dir='ltr'><strong>onum</strong></span> <span class='ocrx_word' id='word_1_177' title='bbox 877 2707 1005 2806; x_wconf 83' lang='lat' dir='ltr'><strong>apicem</strong></span> <span class='ocrx_word' id='word_1_178' title='bbox 1030 2707 1149 2780; x_wconf 90' lang='lat' dir='ltr'><strong>cadere</strong></span> <span class='ocrx_word' id='word_1_179' title='bbox 1168 2733 1265 2781; x_wconf 80' lang='lat' dir='ltr'><strong>«non</strong></span> <span class='ocrx_word' id='word_1_180' title='bbox 1284 2706 1430 2806; x_wconf 85' lang='lat' dir='ltr'><strong>amplius</strong></span> 
     </span>
     <span class='ocr_line' id='line_1_22' title="bbox 316 2820 1429 2921; baseline -0.003 -25"><span class='ocrx_word' id='word_1_181' title='bbox 316 2823 531 2909; x_wconf 85' lang='lat' dir='ltr'><strong>subsisteret;</strong></span> <span class='ocrx_word' id='word_1_182' title='bbox 554 2848 616 2896; x_wconf 88' lang='lat' dir='ltr'><strong>nec</strong></span> <span class='ocrx_word' id='word_1_183' title='bbox 632 2820 733 2894; x_wconf 83' lang='lat' dir='ltr'><strong>verba</strong></span> <span class='ocrx_word' id='word_1_184' title='bbox 752 2822 845 2907; x_wconf 86' lang='lat' dir='ltr'><strong>lesu,</strong></span> <span class='ocrx_word' id='word_1_185' title='bbox 870 2821 993 2920; x_wconf 89' lang='lat' dir='ltr'><strong>quihus</strong></span> <span class='ocrx_word' id='word_1_186' title='bbox 1016 2821 1105 2921; x_wconf 88' lang='lat' dir='ltr'><strong>apud</strong></span> <span class='ocrx_word' id='word_1_187' title='bbox 1123 2822 1325 2896; x_wconf 88' lang='lat' dir='ltr'><strong>Mattbaoum</strong></span> <span class='ocrx_word' id='word_1_188' title='bbox 1348 2821 1429 2921; x_wconf 88' lang='lat' dir='ltr'><strong>pha-</strong></span> 
     </span>
     <span class='ocr_line' id='line_1_23' title="bbox 317 2935 1423 3035; baseline 0.003 -28"><span class='ocrx_word' id='word_1_189' title='bbox 317 2937 443 3009; x_wconf 90' lang='lat' dir='ltr'><strong>risaeos</strong></span> <span class='ocrx_word' id='word_1_190' title='bbox 465 2937 508 3008; x_wconf 87' lang='lat' dir='ltr'><strong>ad</strong></span> <span class='ocrx_word' id='word_1_191' title='bbox 534 2937 738 3035; x_wconf 85' lang='lat' dir='ltr'><strong>primaevam</strong></span> <span class='ocrx_word' id='word_1_192' title='bbox 758 2935 961 3009; x_wconf 90' lang='lat' dir='ltr'><strong>matrimonii</strong></span> <span class='ocrx_word' id='word_1_193' title='bbox 979 2936 1220 3011; x_wconf 85' lang='lat' dir='ltr'><strong>institutionem</strong></span> <span class='ocrx_word' id='word_1_194' title='bbox 1239 2938 1423 3020; x_wconf 87' lang='lat' dir='ltr'><strong>revocavit,</strong></span> 
     </span>
     <span class='ocr_line' id='line_1_24' title="bbox 315 3049 1429 3150; baseline 0.002 -27"><span class='ocrx_word' id='word_1_195' title='bbox 315 3049 580 3134; x_wconf 69' lang='lat' dir='ltr'><strong>sufficerentur,</strong></span> <span class='ocrx_word' id='word_1_196' title='bbox 599 3075 660 3121; x_wconf 86' lang='lat' dir='ltr'><strong>nec</strong></span> <span class='ocrx_word' id='word_1_197' title='bbox 674 3074 810 3121; x_wconf 85' lang='lat' dir='ltr'><strong>sensum</strong></span> <span class='ocrx_word' id='word_1_198' title='bbox 824 3050 1034 3124; x_wconf 87' lang='lat' dir='ltr'><strong>commodum</strong></span> <span class='ocrx_word' id='word_1_199' title='bbox 1049 3051 1235 3124; x_wconf 80' lang='lat' dir='ltr'><strong>funderent.</strong></span> <span class='ocrx_word' id='word_1_200' title='bbox 1256 3051 1429 3150; x_wconf 87' lang='lat' dir='ltr'><strong>Siquidem</strong></span> 
     </span>
     <span class='ocr_line' id='line_1_25' title="bbox 317 3162 1425 3265; baseline 0.003 -31"><span class='ocrx_word' id='word_1_201' title='bbox 317 3164 407 3236; x_wconf 83' lang='lat' dir='ltr'><strong>iuxta</strong></span> <span class='ocrx_word' id='word_1_202' title='bbox 419 3163 629 3237; x_wconf 86' lang='lat' dir='ltr'><strong>adversarios</strong></span> <span class='ocrx_word' id='word_1_203' title='bbox 643 3162 744 3236; x_wconf 85' lang='lat' dir='ltr'><strong>verba</strong></span> <span class='ocrx_word' id='word_1_204' title='bbox 756 3163 874 3235; x_wconf 86' lang='lat' dir='ltr'><strong>blatth.</strong></span> <span class='ocrx_word' id='word_1_205' title='bbox 885 3165 970 3236; x_wconf 76' lang='lat' dir='ltr'><strong>xlx.</strong></span> <span class='ocrx_word' id='word_1_206' title='bbox 991 3166 1010 3235; x_wconf 81' lang='lat' dir='ltr'><strong>d</strong></span> <span class='ocrx_word' id='word_1_207' title='bbox 1026 3192 1122 3265; x_wconf 81' lang='lat' dir='ltr'><strong>seqq.</strong></span> <span class='ocrx_word' id='word_1_208' title='bbox 1138 3166 1212 3239; x_wconf 85' lang='lat' dir='ltr'><strong>Non</strong></span> <span class='ocrx_word' id='word_1_209' title='bbox 1226 3165 1349 3264; x_wconf 74' lang='lat' dir='ltr'><strong>lepistia</strong></span> <span class='ocrx_word' id='word_1_210' title='bbox 1361 3182 1425 3239; x_wconf 85' lang='lat' dir='ltr'><strong>etc.</strong></span> 
     </span>
     <span class='ocr_line' id='line_1_26' title="bbox 316 3278 1428 3379; baseline 0.003 -29"><span class='ocrx_word' id='word_1_211' title='bbox 316 3278 453 3351; x_wconf 91' lang='lat' dir='ltr'><strong>minimo</strong></span> <span class='ocrx_word' id='word_1_212' title='bbox 477 3279 704 3375; x_wconf 79' lang='lat' dir='ltr'><strong>significarent</strong></span> <span class='ocrx_word' id='word_1_213' title='bbox 721 3278 967 3376; x_wconf 90' lang='lat' dir='ltr'><strong>oppositionem</strong></span> <span class='ocrx_word' id='word_1_214' title='bbox 990 3279 1077 3352; x_wconf 89' lang='lat' dir='ltr'><strong>inter</strong></span> <span class='ocrx_word' id='word_1_215' title='bbox 1098 3279 1203 3377; x_wconf 81' lang='lat' dir='ltr'><strong>legem</strong></span> <span class='ocrx_word' id='word_1_216' title='bbox 1225 3280 1428 3379; x_wconf 86' lang='lat' dir='ltr'><strong>primitivam</strong></span> 
     </span>
     <span class='ocr_line' id='line_1_27' title="bbox 316 3393 1430 3493; baseline 0.002 -28"><span class='ocrx_word' id='word_1_217' title='bbox 316 3393 518 3467; x_wconf 85' lang='lat' dir='ltr'><strong>matrimonii</strong></span> <span class='ocrx_word' id='word_1_218' title='bbox 544 3408 577 3465; x_wconf 90' lang='lat' dir='ltr'><strong>et</strong></span> <span class='ocrx_word' id='word_1_219' title='bbox 593 3393 693 3466; x_wconf 87' lang='lat' dir='ltr'><strong>aliam</strong></span> <span class='ocrx_word' id='word_1_220' title='bbox 712 3394 928 3491; x_wconf 87' lang='lat' dir='ltr'><strong>posteriorem</strong></span> <span class='ocrx_word' id='word_1_221' title='bbox 946 3420 986 3467; x_wconf 86' lang='lat' dir='ltr'><strong>ex</strong></span> <span class='ocrx_word' id='word_1_222' title='bbox 1004 3394 1129 3493; x_wconf 83' lang='lat' dir='ltr'><strong>Moysis</strong></span> <span class='ocrx_word' id='word_1_223' title='bbox 1148 3394 1360 3468; x_wconf 85' lang='lat' dir='ltr'><strong>conniventia</strong></span> <span class='ocrx_word' id='word_1_224' title='bbox 1377 3396 1430 3467; x_wconf 89' lang='lat' dir='ltr'><strong>in-</strong></span> 
     </span>
     <span class='ocr_line' id='line_1_28' title="bbox 315 3505 1429 3606; baseline 0.004 -28"><span class='ocrx_word' id='word_1_225' title='bbox 315 3507 463 3582; x_wconf 89' lang='lat' dir='ltr'><strong>ductam.</strong></span> <span class='ocrx_word' id='word_1_226' title='bbox 491 3508 643 3581; x_wconf 83' lang='lat' dir='ltr'><strong>Attamen</strong></span> <span class='ocrx_word' id='word_1_227' title='bbox 669 3505 756 3578; x_wconf 90' lang='lat' dir='ltr'><strong>hanc</strong></span> <span class='ocrx_word' id='word_1_228' title='bbox 781 3506 1025 3605; x_wconf 89' lang='lat' dir='ltr'><strong>oppositionem</strong></span> <span class='ocrx_word' id='word_1_229' title='bbox 1045 3508 1233 3581; x_wconf 88' lang='lat' dir='ltr'><strong>necessario</strong></span> <span class='ocrx_word' id='word_1_230' title='bbox 1251 3507 1429 3606; x_wconf 81' lang='lat' dir='ltr'><strong>designare</strong></span> 
     </span>
     <span class='ocr_line' id='line_1_29' title="bbox 315 3621 1429 3723; baseline 0.004 -30"><span class='ocrx_word' id='word_1_231' title='bbox 315 3621 457 3707; x_wconf 87' lang='lat' dir='ltr'><strong>debent,</strong></span> <span class='ocrx_word' id='word_1_232' title='bbox 490 3648 566 3693; x_wconf 88' lang='lat' dir='ltr'><strong>cum</strong></span> <span class='ocrx_word' id='word_1_233' title='bbox 591 3637 704 3720; x_wconf 88' lang='lat' dir='ltr'><strong>aperte</strong></span> <span class='ocrx_word' id='word_1_234' title='bbox 731 3622 854 3694; x_wconf 77' lang='lat' dir='ltr'><strong>dixerit</strong></span> <span class='ocrx_word' id='word_1_235' title='bbox 879 3621 1056 3708; x_wconf 83' lang='lat' dir='ltr'><strong>Christus;</strong></span> <span class='ocrx_word' id='word_1_236' title='bbox 1085 3623 1132 3694; x_wconf 81' lang='lat' dir='ltr'><strong>Ab</strong></span> <span class='ocrx_word' id='word_1_237' title='bbox 1156 3625 1250 3695; x_wconf 78' lang='lat' dir='ltr'><strong>initio</strong></span> <span class='ocrx_word' id='word_1_238' title='bbox 1276 3651 1340 3697; x_wconf 83' lang='lat' dir='ltr'><strong>aaa</strong></span> <span class='ocrx_word' id='word_1_239' title='bbox 1362 3626 1429 3723; x_wconf 72' lang='lat' dir='ltr'><strong>suit</strong></span> 
     </span>
     <span class='ocr_line' id='line_1_30' title="bbox 315 3736 1428 3837; baseline 0.004 -29"><span class='ocrx_word' id='word_1_240' title='bbox 315 3739 388 3820; x_wconf 82' lang='lat' dir='ltr'><strong>ric,·</strong></span> <span class='ocrx_word' id='word_1_241' title='bbox 416 3762 475 3810; x_wconf 94' lang='lat' dir='ltr'><strong>seu</strong></span> <span class='ocrx_word' id='word_1_242' title='bbox 501 3736 748 3810; x_wconf 87' lang='lat' dir='ltr'><strong>matrimonium</strong></span> <span class='ocrx_word' id='word_1_243' title='bbox 777 3754 875 3837; x_wconf 92' lang='lat' dir='ltr'><strong>prout</strong></span> <span class='ocrx_word' id='word_1_244' title='bbox 900 3738 1094 3835; x_wconf 88' lang='lat' dir='ltr'><strong>primitusa</strong></span> <span class='ocrx_word' id='word_1_245' title='bbox 1118 3740 1187 3812; x_wconf 85' lang='lat' dir='ltr'><strong>Deo</strong></span> <span class='ocrx_word' id='word_1_246' title='bbox 1212 3741 1428 3813; x_wconf 89' lang='lat' dir='ltr'><strong>constitutum</strong></span> 
     </span>
     <span class='ocr_line' id='line_1_31' title="bbox 316 3848 1429 3952; baseline 0.004 -32"><span class='ocrx_word' id='word_1_247' title='bbox 316 3849 395 3936; x_wconf 87' lang='lat' dir='ltr'><strong>luit,</strong></span> <span class='ocrx_word' id='word_1_248' title='bbox 425 3848 659 3923; x_wconf 87' lang='lat' dir='ltr'><strong>indissolubile</strong></span> <span class='ocrx_word' id='word_1_249' title='bbox 684 3851 810 3937; x_wconf 81' lang='lat' dir='ltr'><strong>extitit,</strong></span> <span class='ocrx_word' id='word_1_250' title='bbox 849 3876 909 3923; x_wconf 89' lang='lat' dir='ltr'><strong>neo</strong></span> <span class='ocrx_word' id='word_1_251' title='bbox 935 3852 1001 3923; x_wconf 88' lang='lat' dir='ltr'><strong>nisi</strong></span> <span class='ocrx_word' id='word_1_252' title='bbox 1027 3851 1136 3925; x_wconf 88' lang='lat' dir='ltr'><strong>serius</strong></span> <span class='ocrx_word' id='word_1_253' title='bbox 1159 3879 1200 3925; x_wconf 83' lang='lat' dir='ltr'><strong>er</strong></span> <span class='ocrx_word' id='word_1_254' title='bbox 1221 3853 1347 3952; x_wconf 81' lang='lat' dir='ltr'><strong>Moysis</strong></span> <span class='ocrx_word' id='word_1_255' title='bbox 1377 3855 1429 3925; x_wconf 88' lang='lat' dir='ltr'><strong>in·</strong></span> 
     </span>
     <span class='ocr_line' id='line_1_32' title="bbox 317 3963 1428 4067; baseline 0.007 -33"><span class='ocrx_word' id='word_1_256' title='bbox 317 3963 490 4061; x_wconf 84' lang='lat' dir='ltr'><strong>dulgentia</strong></span> <span class='ocrx_word' id='word_1_257' title='bbox 503 3964 760 4063; x_wconf 85' lang='lat' dir='ltr'><strong>potuitdissolri</strong></span> <span class='ocrx_word' id='word_1_258' title='bbox 780 3992 839 4065; x_wconf 89' lang='lat' dir='ltr'><strong>per</strong></span> <span class='ocrx_word' id='word_1_259' title='bbox 851 3964 998 4038; x_wconf 88' lang='lat' dir='ltr'><strong>libellum</strong></span> <span class='ocrx_word' id='word_1_260' title='bbox 1017 3966 1147 4067; x_wconf 89' lang='lat' dir='ltr'><strong>repudii</strong></span> <span class='ocrx_word' id='word_1_261' title='bbox 1164 3967 1332 4055; x_wconf 88' lang='lat' dir='ltr'><strong>dandum,</strong></span> <span class='ocrx_word' id='word_1_262' title='bbox 1352 3996 1428 4042; x_wconf 91' lang='lat' dir='ltr'><strong>cum</strong></span> 
     </span>
     <span class='ocr_line' id='line_1_33' title="bbox 315 4077 1429 4185; baseline 0.01 -38"><span class='ocrx_word' id='word_1_263' title='bbox 315 4077 367 4148; x_wconf 88' lang='lat' dir='ltr'><strong>vir</strong></span> <span class='ocrx_word' id='word_1_264' title='bbox 393 4077 425 4149; x_wconf 90' lang='lat' dir='ltr'><strong>in</strong></span> <span class='ocrx_word' id='word_1_265' title='bbox 451 4104 554 4150; x_wconf 84' lang='lat' dir='ltr'><strong>uxore</strong></span> <span class='ocrx_word' id='word_1_266' title='bbox 571 4080 729 4178; x_wconf 90' lang='lat' dir='ltr'><strong>repererit</strong></span> <span class='ocrx_word' id='word_1_267' title='bbox 745 4079 942 4179; x_wconf 77' lang='lat' dir='ltr'><strong>foeditatem.</strong></span> <span class='ocrx_word' id='word_1_268' title='bbox 959 4082 1046 4153; x_wconf 83' lang='lat' dir='ltr'><strong>Dum</strong></span> <span class='ocrx_word' id='word_1_269' title='bbox 1063 4082 1166 4180; x_wconf 82' lang='lat' dir='ltr'><strong>igitur</strong></span> <span class='ocrx_word' id='word_1_270' title='bbox 1182 4080 1337 4157; x_wconf 83' lang='lat' dir='ltr'><strong>Christus</strong></span> <span class='ocrx_word' id='word_1_271' title='bbox 1356 4111 1429 4185; x_wconf 81' lang='lat' dir='ltr'><strong>pro</strong></span> 
     </span>
     <span class='ocr_line' id='line_1_34' title="bbox 318 4190 1428 4297; baseline 0.01 -36"><span class='ocrx_word' id='word_1_272' title='bbox 318 4190 429 4262; x_wconf 89' lang='lat' dir='ltr'><strong>litetur</strong></span> <span class='ocrx_word' id='word_1_273' title='bbox 450 4193 539 4291; x_wconf 89' lang='lat' dir='ltr'><strong>apud</strong></span> <span class='ocrx_word' id='word_1_274' title='bbox 561 4195 681 4267; x_wconf 86' lang='lat' dir='ltr'><strong>Lucam</strong></span> <span class='ocrx_word' id='word_1_275' title='bbox 700 4221 719 4268; x_wconf 90' lang='lat' dir='ltr'><strong>e</strong></span> <span class='ocrx_word' id='word_1_276' title='bbox 736 4193 810 4291; x_wconf 78' lang='lat' dir='ltr'><strong>lege</strong></span> <span class='ocrx_word' id='word_1_277' title='bbox 827 4221 869 4267; x_wconf 88' lang='lat' dir='ltr'><strong>ne</strong></span> <span class='ocrx_word' id='word_1_278' title='bbox 885 4222 988 4267; x_wconf 90' lang='lat' dir='ltr'><strong>unum</strong></span> <span class='ocrx_word' id='word_1_279' title='bbox 1006 4197 1142 4295; x_wconf 89' lang='lat' dir='ltr'><strong>quidem</strong></span> <span class='ocrx_word' id='word_1_280' title='bbox 1160 4197 1290 4297; x_wconf 90' lang='lat' dir='ltr'><strong>apicem</strong></span> <span class='ocrx_word' id='word_1_281' title='bbox 1308 4198 1428 4272; x_wconf 90' lang='lat' dir='ltr'><strong>eadere</strong></span> 
     </span>
     <span class='ocr_line' id='line_1_35' title="bbox 317 4306 1429 4413; baseline 0.009 -36"><span class='ocrx_word' id='word_1_282' title='bbox 317 4330 434 4403; x_wconf 86' lang='lat' dir='ltr'><strong>posse,</strong></span> <span class='ocrx_word' id='word_1_283' title='bbox 464 4306 527 4381; x_wconf 87' lang='lat' dir='ltr'><strong>hoc</strong></span> <span class='ocrx_word' id='word_1_284' title='bbox 554 4308 589 4379; x_wconf 92' lang='lat' dir='ltr'><strong>in</strong></span> <span class='ocrx_word' id='word_1_285' title='bbox 617 4311 827 4384; x_wconf 89' lang='lat' dir='ltr'><strong>matrimonio</strong></span> <span class='ocrx_word' id='word_1_286' title='bbox 855 4311 1028 4409; x_wconf 84' lang='lat' dir='ltr'><strong>patefacit,</strong></span> <span class='ocrx_word' id='word_1_287' title='bbox 1050 4313 1130 4385; x_wconf 90' lang='lat' dir='ltr'><strong>dum</strong></span> <span class='ocrx_word' id='word_1_288' title='bbox 1151 4313 1194 4387; x_wconf 88' lang='lat' dir='ltr'><strong>de</strong></span> <span class='ocrx_word' id='word_1_289' title='bbox 1219 4341 1259 4388; x_wconf 90' lang='lat' dir='ltr'><strong>eo</strong></span> <span class='ocrx_word' id='word_1_290' title='bbox 1283 4340 1429 4413; x_wconf 90' lang='lat' dir='ltr'><strong>pronun·</strong></span> 
     </span>
    </p>
   </div>
   <div class='ocr_carea' id='block_1_3' title="bbox 0 0 1622 5084">
    <p class='ocr_par' dir='ltr' id='par_1_4' title="bbox 0 0 1622 5084">
     <span class='ocr_line' id='line_1_36' title="bbox 0 0 1622 5084; baseline 0 0"><span class='ocrx_word' id='word_1_291' title='bbox 0 0 1622 5084; x_wconf 95' lang='lat' dir='ltr'><strong> </strong></span> 
     </span>
    </p>
   </div>
  </div>
 </body>
</html>
