<?xml version="1.0" encoding="UTF-8"?>
<!DOCTYPE html PUBLIC "-//W3C//DTD XHTML 1.0 Transitional//EN"
    "http://www.w3.org/TR/xhtml1/DTD/xhtml1-transitional.dtd">
<html xmlns="http://www.w3.org/1999/xhtml" xml:lang="en" lang="en">
 <head>
  <title>
</title>
<meta http-equiv="Content-Type" content="text/html;charset=utf-8" />
  <meta name='ocr-system' content='tesseract 3.04.00' />
  <meta name='ocr-capabilities' content='ocr_page ocr_carea ocr_par ocr_line ocrx_word'/>
</head>
<body>
  <div class='ocr_page' id='page_1' title='image "./dematrimoniochr03perrgoog_0356.png"; bbox 0 0 3234 5084; ppageno 0'>
   <div class='ocr_carea' id='block_1_1' title="bbox 302 423 1267 496">
    <p class='ocr_par' dir='ltr' id='par_1_1' title="bbox 302 423 1267 496">
     <span class='ocr_line' id='line_1_1' title="bbox 302 423 1267 496; baseline -0.004 -1"><span class='ocrx_word' id='word_1_1' title='bbox 302 423 371 496; x_wconf 68' lang='lat' dir='ltr'><strong>adl</strong></span> <span class='ocrx_word' id='word_1_2' title='bbox 446 444 508 494; x_wconf 83' lang='lat' dir='ltr'><strong>tm.</strong></span> <span class='ocrx_word' id='word_1_3' title='bbox 522 443 570 495; x_wconf 90' lang='lat' dir='ltr'><strong>ru.</strong></span> <span class='ocrx_word' id='word_1_4' title='bbox 586 441 674 493; x_wconf 79' lang='lat' dir='ltr'><strong>sacr.</strong></span> <span class='ocrx_word' id='word_1_5' title='bbox 691 441 822 493; x_wconf 74' lang='lat' dir='ltr'><strong>atram.</strong></span> <span class='ocrx_word' id='word_1_6' title='bbox 839 442 879 493; x_wconf 83' lang='lat' dir='ltr'><strong>or</strong></span> <span class='ocrx_word' id='word_1_7' title='bbox 897 441 1010 494; x_wconf 81' lang='lat' dir='ltr'><strong>turres.</strong></span> <span class='ocrx_word' id='word_1_8' title='bbox 1028 443 1124 495; x_wconf 82' lang='grc' dir='ltr'><strong>ιιιιιι.</strong></span> <span class='ocrx_word' id='word_1_9' title='bbox 1143 441 1267 494; x_wconf 86' lang='lat' dir='ltr'><strong>cnrrsr.</strong></span> 
     </span>
    </p>
   </div>
   <div class='ocr_carea' id='block_1_2' title="bbox 231 557 1521 3886">
    <p class='ocr_par' dir='ltr' id='par_1_2' title="bbox 300 557 1521 2966">
     <span class='ocr_line' id='line_1_2' title="bbox 300 557 1442 661; baseline 0 -24"><span class='ocrx_word' id='word_1_10' title='bbox 300 565 432 637; x_wconf 84' lang='lat' dir='ltr'><strong>virente</strong></span> <span class='ocrx_word' id='word_1_11' title='bbox 460 561 537 649; x_wconf 87' lang='lat' dir='ltr'><strong>illa,</strong></span> <span class='ocrx_word' id='word_1_12' title='bbox 571 559 824 661; x_wconf 89' lang='lat' dir='ltr'><strong>accipiendam,</strong></span> <span class='ocrx_word' id='word_1_13' title='bbox 853 562 952 660; x_wconf 84' lang='lat' dir='ltr'><strong>quasi</strong></span> <span class='ocrx_word' id='word_1_14' title='bbox 986 560 1132 635; x_wconf 77' lang='lat' dir='ltr'><strong>dixerit:</strong></span> <span class='ocrx_word' id='word_1_15' title='bbox 1162 557 1228 648; x_wconf 81' lang='lat' dir='ltr'><strong>Qui</strong></span> <span class='ocrx_word' id='word_1_16' title='bbox 1253 561 1442 637; x_wconf 56' lang='lat' dir='ltr'><strong>dimiserit&lt;</strong></span> 
     </span>
     <span class='ocr_line' id='line_1_3' title="bbox 301 676 1418 766; baseline -0.002 -13"><span class='ocrx_word' id='word_1_17' title='bbox 301 704 438 753; x_wconf 80' lang='lat' dir='ltr'><strong>uxorem</strong></span> <span class='ocrx_word' id='word_1_18' title='bbox 455 703 551 754; x_wconf 87' lang='lat' dir='ltr'><strong>suam</strong></span> <span class='ocrx_word' id='word_1_19' title='bbox 570 734 578 765; x_wconf 89' lang='lat'><strong>,</strong></span> <span class='ocrx_word' id='word_1_20' title='bbox 598 693 632 751; x_wconf 91' lang='lat' dir='ltr'><strong>et</strong></span> <span class='ocrx_word' id='word_1_21' title='bbox 657 676 778 764; x_wconf 85' lang='lat' dir='ltr'><strong>aliam,</strong></span> <span class='ocrx_word' id='word_1_22' title='bbox 807 676 874 750; x_wconf 91' lang='lat' dir='ltr'><strong>nisi</strong></span> <span class='ocrx_word' id='word_1_23' title='bbox 896 676 940 751; x_wconf 88' lang='lat' dir='ltr'><strong>ob</strong></span> <span class='ocrx_word' id='word_1_24' title='bbox 962 677 1236 766; x_wconf 79' lang='lat' dir='ltr'><strong>fornicationem,</strong></span> <span class='ocrx_word' id='word_1_25' title='bbox 1263 677 1418 764; x_wconf 79' lang='lat' dir='ltr'><strong>duxerit,</strong></span> 
     </span>
     <span class='ocr_line' id='line_1_4' title="bbox 302 790 1423 892; baseline -0.003 -26"><span class='ocrx_word' id='word_1_26' title='bbox 302 794 507 867; x_wconf 89' lang='lat' dir='ltr'><strong>moechatur.</strong></span> <span class='ocrx_word' id='word_1_27' title='bbox 536 792 579 868; x_wconf 82' lang='lat' dir='ltr'><strong>Et</strong></span> <span class='ocrx_word' id='word_1_28' title='bbox 604 791 729 865; x_wconf 89' lang='lat' dir='ltr'><strong>idcirco</strong></span> <span class='ocrx_word' id='word_1_29' title='bbox 754 790 952 892; x_wconf 79' lang='lat' dir='ltr'><strong>peritissimi</strong></span> <span class='ocrx_word' id='word_1_30' title='bbox 978 791 1040 865; x_wconf 84' lang='lat' dir='ltr'><strong>viri</strong></span> <span class='ocrx_word' id='word_1_31' title='bbox 1058 791 1148 864; x_wconf 88' lang='lat' dir='ltr'><strong>beati</strong></span> <span class='ocrx_word' id='word_1_32' title='bbox 1166 790 1364 890; x_wconf 84' lang='lat' dir='ltr'><strong>Hieronymi</strong></span> <span class='ocrx_word' id='word_1_33' title='bbox 1382 790 1423 863; x_wconf 89' lang='lat' dir='ltr'><strong>li·</strong></span> 
     </span>
     <span class='ocr_line' id='line_1_5' title="bbox 301 907 1426 984; baseline -0.002 -1"><span class='ocrx_word' id='word_1_34' title='bbox 301 909 428 983; x_wconf 87' lang='lat' dir='ltr'><strong>ballum</strong></span> <span class='ocrx_word' id='word_1_35' title='bbox 454 910 766 984; x_wconf 80' lang='lat' dir='ltr'><strong>commentariorum</strong></span> <span class='ocrx_word' id='word_1_36' title='bbox 792 908 958 982; x_wconf 80' lang='lat' dir='ltr'><strong>recenseri</strong></span> <span class='ocrx_word' id='word_1_37' title='bbox 983 908 1083 982; x_wconf 87' lang='lat' dir='ltr'><strong>nobis</strong></span> <span class='ocrx_word' id='word_1_38' title='bbox 1108 907 1260 982; x_wconf 89' lang='lat' dir='ltr'><strong>studiose</strong></span> <span class='ocrx_word' id='word_1_39' title='bbox 1284 908 1426 981; x_wconf 88' lang='lat' dir='ltr'><strong>manda·</strong></span> 
     </span>
     <span class='ocr_line' id='line_1_6' title="bbox 302 1021 1424 1123; baseline -0.003 -24"><span class='ocrx_word' id='word_1_40' title='bbox 302 1025 431 1112; x_wconf 81' lang='lat' dir='ltr'><strong>rimus,</strong></span> <span class='ocrx_word' id='word_1_41' title='bbox 459 1025 559 1098; x_wconf 81' lang='lat' dir='ltr'><strong>anxie</strong></span> <span class='ocrx_word' id='word_1_42' title='bbox 574 1024 693 1123; x_wconf 90' lang='lat' dir='ltr'><strong>utique</strong></span> <span class='ocrx_word' id='word_1_43' title='bbox 710 1049 912 1120; x_wconf 77' lang='lat' dir='ltr'><strong>cognoscere</strong></span> <span class='ocrx_word' id='word_1_44' title='bbox 930 1023 1152 1110; x_wconf 79' lang='lat' dir='ltr'><strong>festinantes,</strong></span> <span class='ocrx_word' id='word_1_45' title='bbox 1173 1021 1319 1123; x_wconf 86' lang='lat' dir='ltr'><strong>qualiter</strong></span> <span class='ocrx_word' id='word_1_46' title='bbox 1335 1023 1424 1096; x_wconf 89' lang='lat' dir='ltr'><strong>idem</strong></span> 
     </span>
     <span class='ocr_line' id='line_1_7' title="bbox 304 1136 1422 1224; baseline -0.004 -11"><span class='ocrx_word' id='word_1_47' title='bbox 304 1138 542 1214; x_wconf 86' lang='lat' dir='ltr'><strong>sanctissimus</strong></span> <span class='ocrx_word' id='word_1_48' title='bbox 567 1138 683 1212; x_wconf 91' lang='lat' dir='ltr'><strong>doctor</strong></span> <span class='ocrx_word' id='word_1_49' title='bbox 711 1137 797 1211; x_wconf 88' lang='lat' dir='ltr'><strong>haec</strong></span> <span class='ocrx_word' id='word_1_50' title='bbox 821 1152 953 1210; x_wconf 88' lang='lat' dir='ltr'><strong>sacrata</strong></span> <span class='ocrx_word' id='word_1_51' title='bbox 982 1137 1152 1210; x_wconf 90' lang='lat' dir='ltr'><strong>dominica</strong></span> <span class='ocrx_word' id='word_1_52' title='bbox 1176 1136 1305 1224; x_wconf 82' lang='lat' dir='ltr'><strong>verba,</strong></span> <span class='ocrx_word' id='word_1_53' title='bbox 1334 1137 1422 1209; x_wconf 82' lang='lat' dir='ltr'><strong>iuxta</strong></span> 
     </span>
     <span class='ocr_line' id='line_1_8' title="bbox 303 1252 1421 1352; baseline -0.005 -24"><span class='ocrx_word' id='word_1_54' title='bbox 303 1254 494 1352; x_wconf 82' lang='lat' dir='ltr'><strong>capacioris</strong></span> <span class='ocrx_word' id='word_1_55' title='bbox 520 1252 648 1351; x_wconf 84' lang='lat' dir='ltr'><strong>ingenii</strong></span> <span class='ocrx_word' id='word_1_56' title='bbox 666 1253 719 1326; x_wconf 91' lang='lat' dir='ltr'><strong>sui</strong></span> <span class='ocrx_word' id='word_1_57' title='bbox 741 1252 980 1341; x_wconf 86' lang='lat' dir='ltr'><strong>subtilitatem,</strong></span> <span class='ocrx_word' id='word_1_58' title='bbox 1002 1253 1152 1330; x_wconf 83' lang='lat' dir='ltr'><strong>sensisse</strong></span> <span class='ocrx_word' id='word_1_59' title='bbox 1169 1268 1421 1326; x_wconf 82' lang='lat' dir='ltr'><strong>monstraretur.</strong></span> 
     </span>
     <span class='ocr_line' id='line_1_9' title="bbox 304 1367 1424 1467; baseline -0.001 -26"><span class='ocrx_word' id='word_1_60' title='bbox 304 1368 409 1443; x_wconf 86' lang='lat' dir='ltr'><strong>Cuius</strong></span> <span class='ocrx_word' id='word_1_61' title='bbox 434 1369 593 1442; x_wconf 91' lang='lat' dir='ltr'><strong>nimirum</strong></span> <span class='ocrx_word' id='word_1_62' title='bbox 619 1394 759 1443; x_wconf 83' lang='lat' dir='ltr'><strong>sensum</strong></span> <span class='ocrx_word' id='word_1_63' title='bbox 781 1367 945 1465; x_wconf 83' lang='lat' dir='ltr'><strong>sagaciter</strong></span> <span class='ocrx_word' id='word_1_64' title='bbox 962 1368 1192 1466; x_wconf 84' lang='lat' dir='ltr'><strong>explorantes,</strong></span> <span class='ocrx_word' id='word_1_65' title='bbox 1213 1368 1248 1440; x_wconf 90' lang='lat' dir='ltr'><strong>in</strong></span> <span class='ocrx_word' id='word_1_66' title='bbox 1270 1382 1424 1467; x_wconf 90' lang='lat' dir='ltr'><strong>promptu</strong></span> 
     </span>
     <span class='ocr_line' id='line_1_10' title="bbox 305 1481 1521 1583; baseline 0.006 -29"><span class='ocrx_word' id='word_1_67' title='bbox 305 1482 526 1558; x_wconf 85' lang='lat' dir='ltr'><strong>nihilominus</strong></span> <span class='ocrx_word' id='word_1_68' title='bbox 545 1484 671 1583; x_wconf 90' lang='lat' dir='ltr'><strong>patuit,</strong></span> <span class='ocrx_word' id='word_1_69' title='bbox 693 1483 736 1557; x_wconf 91' lang='lat' dir='ltr'><strong>ad</strong></span> <span class='ocrx_word' id='word_1_70' title='bbox 756 1482 862 1558; x_wconf 84' lang='lat' dir='ltr'><strong>solam</strong></span> <span class='ocrx_word' id='word_1_71' title='bbox 880 1483 1069 1556; x_wconf 88' lang='lat' dir='ltr'><strong>dimittendi</strong></span> <span class='ocrx_word' id='word_1_72' title='bbox 1095 1507 1232 1556; x_wconf 88' lang='lat' dir='ltr'><strong>uxorem</strong></span> <span class='ocrx_word' id='word_1_73' title='bbox 1257 1481 1426 1556; x_wconf 88' lang='lat' dir='ltr'><strong>licentiam</strong></span> <span class='ocrx_word' id='word_1_74' title='bbox 1518 1557 1521 1561; x_wconf 15' lang='lat' dir='ltr'><strong>r</strong></span> 
     </span>
     <span class='ocr_line' id='line_1_11' title="bbox 305 1596 1426 1699; baseline -0.003 -27"><span class='ocrx_word' id='word_1_75' title='bbox 305 1599 485 1699; x_wconf 87' lang='lat' dir='ltr'><strong>pertinere.</strong></span> <span class='ocrx_word' id='word_1_76' title='bbox 513 1601 595 1672; x_wconf 89' lang='lat' dir='ltr'><strong>Nam</strong></span> <span class='ocrx_word' id='word_1_77' title='bbox 622 1623 698 1671; x_wconf 90' lang='lat' dir='ltr'><strong>cum</strong></span> <span class='ocrx_word' id='word_1_78' title='bbox 722 1623 817 1673; x_wconf 89' lang='lat' dir='ltr'><strong>more</strong></span> <span class='ocrx_word' id='word_1_79' title='bbox 840 1623 903 1672; x_wconf 90' lang='lat' dir='ltr'><strong>suo</strong></span> <span class='ocrx_word' id='word_1_80' title='bbox 928 1598 981 1671; x_wconf 86' lang='lat' dir='ltr'><strong>vir</strong></span> <span class='ocrx_word' id='word_1_81' title='bbox 1004 1614 1144 1672; x_wconf 89' lang='lat' dir='ltr'><strong>sanctus</strong></span> <span class='ocrx_word' id='word_1_82' title='bbox 1166 1597 1269 1671; x_wconf 92' lang='lat' dir='ltr'><strong>huius</strong></span> <span class='ocrx_word' id='word_1_83' title='bbox 1289 1596 1426 1698; x_wconf 90' lang='lat' dir='ltr'><strong>capituli</strong></span> 
     </span>
     <span class='ocr_line' id='line_1_12' title="bbox 308 1711 1428 1810; baseline -0.003 -23"><span class='ocrx_word' id='word_1_84' title='bbox 308 1713 502 1787; x_wconf 89' lang='lat' dir='ltr'><strong>summatim</strong></span> <span class='ocrx_word' id='word_1_85' title='bbox 528 1712 648 1787; x_wconf 88' lang='lat' dir='ltr'><strong>seriem</strong></span> <span class='ocrx_word' id='word_1_86' title='bbox 675 1711 906 1810; x_wconf 81' lang='lat' dir='ltr'><strong>exponendam</strong></span> <span class='ocrx_word' id='word_1_87' title='bbox 933 1727 1193 1800; x_wconf 84' lang='lat' dir='ltr'><strong>transcurreret,</strong></span> <span class='ocrx_word' id='word_1_88' title='bbox 1216 1712 1302 1785; x_wconf 90' lang='lat' dir='ltr'><strong>inter</strong></span> <span class='ocrx_word' id='word_1_89' title='bbox 1318 1727 1428 1786; x_wconf 88' lang='lat' dir='ltr'><strong>cetera</strong></span> 
     </span>
     <span class='ocr_line' id='line_1_13' title="bbox 306 1826 1425 1928; baseline -0.001 -27"><span class='ocrx_word' id='word_1_90' title='bbox 306 1845 340 1902; x_wconf 92' lang='lat' dir='ltr'><strong>et</strong></span> <span class='ocrx_word' id='word_1_91' title='bbox 363 1845 441 1928; x_wconf 89' lang='lat' dir='ltr'><strong>post</strong></span> <span class='ocrx_word' id='word_1_92' title='bbox 463 1849 574 1928; x_wconf 80' lang='lat' dir='ltr'><strong>pauca</strong></span> <span class='ocrx_word' id='word_1_93' title='bbox 591 1827 643 1901; x_wconf 89' lang='lat' dir='ltr'><strong>sic</strong></span> <span class='ocrx_word' id='word_1_94' title='bbox 667 1826 735 1900; x_wconf 86' lang='lat' dir='ltr'><strong>ait:</strong></span> <span class='ocrx_word' id='word_1_95' title='bbox 760 1827 803 1899; x_wconf 86' lang='lat' dir='ltr'><strong>Et</strong></span> <span class='ocrx_word' id='word_1_96' title='bbox 820 1826 903 1926; x_wconf 91' lang='lat' dir='ltr'><strong>quia</strong></span> <span class='ocrx_word' id='word_1_97' title='bbox 924 1842 1071 1927; x_wconf 87' lang='lat' dir='ltr'><strong>poterat,</strong></span> <span class='ocrx_word' id='word_1_98' title='bbox 1099 1828 1228 1928; x_wconf 90' lang='lat' dir='ltr'><strong>inquit,</strong></span> <span class='ocrx_word' id='word_1_99' title='bbox 1255 1827 1425 1914; x_wconf 89' lang='lat' dir='ltr'><strong>accidere,</strong></span> 
     </span>
     <span class='ocr_line' id='line_1_14' title="bbox 307 1941 1427 2043; baseline -0.003 -27"><span class='ocrx_word' id='word_1_100' title='bbox 307 1958 344 2016; x_wconf 92' lang='lat' dir='ltr'><strong>ut</strong></span> <span class='ocrx_word' id='word_1_101' title='bbox 367 1942 492 2043; x_wconf 87' lang='lat' dir='ltr'><strong>aliquis</strong></span> <span class='ocrx_word' id='word_1_102' title='bbox 518 1942 722 2016; x_wconf 90' lang='lat' dir='ltr'><strong>calumniam</strong></span> <span class='ocrx_word' id='word_1_103' title='bbox 747 1941 872 2014; x_wconf 87' lang='lat' dir='ltr'><strong>laceret</strong></span> <span class='ocrx_word' id='word_1_104' title='bbox 896 1941 1087 2029; x_wconf 87' lang='lat' dir='ltr'><strong>innocenti,</strong></span> <span class='ocrx_word' id='word_1_105' title='bbox 1114 1958 1148 2015; x_wconf 91' lang='lat' dir='ltr'><strong>et</strong></span> <span class='ocrx_word' id='word_1_106' title='bbox 1173 1942 1217 2015; x_wconf 93' lang='lat' dir='ltr'><strong>ob</strong></span> <span class='ocrx_word' id='word_1_107' title='bbox 1244 1941 1427 2015; x_wconf 91' lang='lat' dir='ltr'><strong>secundam</strong></span> 
     </span>
     <span class='ocr_line' id='line_1_15' title="bbox 308 2056 1429 2158; baseline -0.004 -25"><span class='ocrx_word' id='word_1_108' title='bbox 308 2058 464 2157; x_wconf 89' lang='lat' dir='ltr'><strong>copulam</strong></span> <span class='ocrx_word' id='word_1_109' title='bbox 491 2056 686 2156; x_wconf 87' lang='lat' dir='ltr'><strong>nuptiarum</strong></span> <span class='ocrx_word' id='word_1_110' title='bbox 703 2056 805 2131; x_wconf 81' lang='lat' dir='ltr'><strong>veteri</strong></span> <span class='ocrx_word' id='word_1_111' title='bbox 824 2056 950 2130; x_wconf 89' lang='lat' dir='ltr'><strong>crimen</strong></span> <span class='ocrx_word' id='word_1_112' title='bbox 974 2057 1192 2157; x_wconf 80' lang='lat' dir='ltr'><strong>impingeret,</strong></span> <span class='ocrx_word' id='word_1_113' title='bbox 1217 2058 1268 2131; x_wconf 90' lang='lat' dir='ltr'><strong>sic</strong></span> <span class='ocrx_word' id='word_1_114' title='bbox 1284 2058 1429 2158; x_wconf 83' lang='lat' dir='ltr'><strong>priorem</strong></span> 
     </span>
     <span class='ocr_line' id='line_1_16' title="bbox 309 2172 1428 2272; baseline -0.002 -26"><span class='ocrx_word' id='word_1_115' title='bbox 309 2172 476 2248; x_wconf 88' lang='lat' dir='ltr'><strong>dimittere</strong></span> <span class='ocrx_word' id='word_1_116' title='bbox 501 2172 634 2246; x_wconf 89' lang='lat' dir='ltr'><strong>iubetur</strong></span> <span class='ocrx_word' id='word_1_117' title='bbox 658 2197 817 2260; x_wconf 84' lang='lat' dir='ltr'><strong>uxorem,</strong></span> <span class='ocrx_word' id='word_1_118' title='bbox 851 2188 888 2246; x_wconf 91' lang='lat' dir='ltr'><strong>ut</strong></span> <span class='ocrx_word' id='word_1_119' title='bbox 916 2172 1122 2259; x_wconf 86' lang='lat' dir='ltr'><strong>secundam,</strong></span> <span class='ocrx_word' id='word_1_120' title='bbox 1147 2173 1257 2272; x_wconf 92' lang='lat' dir='ltr'><strong>prima</strong></span> <span class='ocrx_word' id='word_1_121' title='bbox 1277 2172 1428 2258; x_wconf 80' lang='lat' dir='ltr'><strong>virente,</strong></span> 
     </span>
     <span class='ocr_line' id='line_1_17' title="bbox 310 2287 1433 2363; baseline -0.002 0"><span class='ocrx_word' id='word_1_122' title='bbox 310 2315 378 2363; x_wconf 89' lang='lat' dir='ltr'><strong>non</strong></span> <span class='ocrx_word' id='word_1_123' title='bbox 396 2289 531 2362; x_wconf 89' lang='lat' dir='ltr'><strong>habeat.</strong></span> <span class='ocrx_word' id='word_1_124' title='bbox 553 2290 626 2362; x_wconf 93' lang='lat' dir='ltr'><strong>Non</strong></span> <span class='ocrx_word' id='word_1_125' title='bbox 644 2288 733 2362; x_wconf 90' lang='lat' dir='ltr'><strong>enim</strong></span> <span class='ocrx_word' id='word_1_126' title='bbox 751 2287 853 2360; x_wconf 89' lang='lat' dir='ltr'><strong>debet</strong></span> <span class='ocrx_word' id='word_1_127' title='bbox 870 2287 992 2360; x_wconf 89' lang='lat' dir='ltr'><strong>imitari</strong></span> <span class='ocrx_word' id='word_1_128' title='bbox 1013 2288 1139 2361; x_wconf 89' lang='lat' dir='ltr'><strong>malum</strong></span> <span class='ocrx_word' id='word_1_129' title='bbox 1157 2287 1329 2362; x_wconf 83' lang='lat' dir='ltr'><strong>adulterae</strong></span> <span class='ocrx_word' id='word_1_130' title='bbox 1346 2313 1433 2361; x_wconf 86' lang='lat' dir='ltr'><strong>uro·</strong></span> 
     </span>
     <span class='ocr_line' id='line_1_18' title="bbox 312 2403 1433 2503; baseline -0.001 -27"><span class='ocrx_word' id='word_1_131' title='bbox 312 2405 360 2477; x_wconf 91' lang='lat' dir='ltr'><strong>ris</strong></span> <span class='ocrx_word' id='word_1_132' title='bbox 378 2462 385 2492; x_wconf 90' lang='lat'>‚</span> <span class='ocrx_word' id='word_1_133' title='bbox 406 2421 440 2478; x_wconf 88' lang='lat' dir='ltr'><strong>et</strong></span> <span class='ocrx_word' id='word_1_134' title='bbox 458 2405 487 2478; x_wconf 91' lang='lat' dir='ltr'><strong>si</strong></span> <span class='ocrx_word' id='word_1_135' title='bbox 510 2405 569 2477; x_wconf 88' lang='lat' dir='ltr'><strong>illa</strong></span> <span class='ocrx_word' id='word_1_136' title='bbox 586 2405 673 2493; x_wconf 92' lang='lat' dir='ltr'><strong>duo,</strong></span> <span class='ocrx_word' id='word_1_137' title='bbox 694 2403 796 2477; x_wconf 89' lang='lat' dir='ltr'><strong>immo</strong></span> <span class='ocrx_word' id='word_1_138' title='bbox 813 2430 916 2476; x_wconf 88' lang='lat' dir='ltr'><strong>unam</strong></span> <span class='ocrx_word' id='word_1_139' title='bbox 930 2430 1083 2493; x_wconf 90' lang='lat' dir='ltr'><strong>carnem,</strong></span> <span class='ocrx_word' id='word_1_140' title='bbox 1104 2430 1165 2503; x_wconf 92' lang='lat' dir='ltr'><strong>per</strong></span> <span class='ocrx_word' id='word_1_141' title='bbox 1180 2404 1347 2479; x_wconf 90' lang='lat' dir='ltr'><strong>scissuras</strong></span> <span class='ocrx_word' id='word_1_142' title='bbox 1365 2403 1433 2477; x_wconf 91' lang='lat' dir='ltr'><strong>lor-</strong></span> 
     </span>
     <span class='ocr_line' id='line_1_19' title="bbox 310 2519 1430 2620; baseline -0.003 -27"><span class='ocrx_word' id='word_1_143' title='bbox 310 2520 514 2595; x_wconf 90' lang='lat' dir='ltr'><strong>nicationum</strong></span> <span class='ocrx_word' id='word_1_144' title='bbox 528 2519 690 2594; x_wconf 85' lang='lat' dir='ltr'><strong>divisitin</strong></span> <span class='ocrx_word' id='word_1_145' title='bbox 703 2535 787 2608; x_wconf 90' lang='lat' dir='ltr'><strong>tres,</strong></span> <span class='ocrx_word' id='word_1_146' title='bbox 805 2519 935 2593; x_wconf 84' lang='lat' dir='ltr'><strong>dividat</strong></span> <span class='ocrx_word' id='word_1_147' title='bbox 954 2519 989 2591; x_wconf 90' lang='lat' dir='ltr'><strong>in</strong></span> <span class='ocrx_word' id='word_1_148' title='bbox 1014 2536 1169 2620; x_wconf 87' lang='lat' dir='ltr'><strong>quatuor.</strong></span> <span class='ocrx_word' id='word_1_149' title='bbox 1191 2520 1287 2593; x_wconf 90' lang='lat' dir='ltr'><strong>Unde</strong></span> <span class='ocrx_word' id='word_1_150' title='bbox 1312 2533 1430 2620; x_wconf 89' lang='lat' dir='ltr'><strong>paten-</strong></span> 
     </span>
     <span class='ocr_line' id='line_1_20' title="bbox 311 2634 1428 2735; baseline -0.004 -24"><span class='ocrx_word' id='word_1_151' title='bbox 311 2652 362 2711; x_wconf 86' lang='lat' dir='ltr'><strong>ter</strong></span> <span class='ocrx_word' id='word_1_152' title='bbox 385 2638 485 2711; x_wconf 88' lang='lat' dir='ltr'><strong>datur</strong></span> <span class='ocrx_word' id='word_1_153' title='bbox 501 2636 642 2735; x_wconf 84' lang='lat' dir='ltr'><strong>intelligi</strong></span> <span class='ocrx_word' id='word_1_154' title='bbox 661 2665 668 2709; x_wconf 88' lang='lat'>:</span> <span class='ocrx_word' id='word_1_155' title='bbox 685 2634 848 2735; x_wconf 88' lang='lat' dir='ltr'><strong>quamdiu</strong></span> <span class='ocrx_word' id='word_1_156' title='bbox 865 2634 950 2709; x_wconf 81' lang='lat' dir='ltr'><strong>vivit</strong></span> <span class='ocrx_word' id='word_1_157' title='bbox 966 2635 1134 2724; x_wconf 86' lang='lat' dir='ltr'><strong>adultera,</strong></span> <span class='ocrx_word' id='word_1_158' title='bbox 1157 2661 1224 2708; x_wconf 92' lang='lat' dir='ltr'><strong>non</strong></span> <span class='ocrx_word' id='word_1_159' title='bbox 1241 2636 1320 2709; x_wconf 90' lang='lat' dir='ltr'><strong>licet</strong></span> <span class='ocrx_word' id='word_1_160' title='bbox 1340 2635 1428 2721; x_wconf 84' lang='lat' dir='ltr'><strong>viro,</strong></span> 
     </span>
     <span class='ocr_line' id='line_1_21' title="bbox 312 2750 1434 2853; baseline -0.001 -28"><span class='ocrx_word' id='word_1_161' title='bbox 312 2780 374 2827; x_wconf 88' lang='lat' dir='ltr'><strong>nec</strong></span> <span class='ocrx_word' id='word_1_162' title='bbox 387 2769 496 2853; x_wconf 85' lang='lat' dir='ltr'><strong>potest</strong></span> <span class='ocrx_word' id='word_1_163' title='bbox 508 2754 646 2852; x_wconf 90' lang='lat' dir='ltr'><strong>impune</strong></span> <span class='ocrx_word' id='word_1_164' title='bbox 659 2752 826 2826; x_wconf 88' lang='lat' dir='ltr'><strong>secundas</strong></span> <span class='ocrx_word' id='word_1_165' title='bbox 841 2752 1038 2825; x_wconf 89' lang='lat' dir='ltr'><strong>contrahere</strong></span> <span class='ocrx_word' id='word_1_166' title='bbox 1053 2751 1188 2852; x_wconf 88' lang='lat' dir='ltr'><strong>nuptias</strong></span> <span class='ocrx_word' id='word_1_167' title='bbox 1201 2753 1297 2847; x_wconf 79' lang='lat'>(210)</span> <span class='ocrx_word' id='word_1_168' title='bbox 1307 2781 1339 2823; x_wconf 84' lang='lat'><strong>.»</strong></span> <span class='ocrx_word' id='word_1_169' title='bbox 1360 2750 1434 2824; x_wconf 87' lang='lat' dir='ltr'><strong>Hoc</strong></span> 
     </span>
     <span class='ocr_line' id='line_1_22' title="bbox 311 2864 1429 2966; baseline -0.002 -26"><span class='ocrx_word' id='word_1_170' title='bbox 311 2892 391 2940; x_wconf 80' lang='lat' dir='ltr'><strong>vero</strong></span> <span class='ocrx_word' id='word_1_171' title='bbox 415 2866 598 2966; x_wconf 86' lang='lat' dir='ltr'><strong>capitulum</strong></span> <span class='ocrx_word' id='word_1_172' title='bbox 616 2864 787 2939; x_wconf 89' lang='lat' dir='ltr'><strong>nonnullis</strong></span> <span class='ocrx_word' id='word_1_173' title='bbox 814 2865 1002 2940; x_wconf 88' lang='lat' dir='ltr'><strong>canonibus</strong></span> <span class='ocrx_word' id='word_1_174' title='bbox 1027 2864 1234 2965; x_wconf 79' lang='lat' dir='ltr'><strong>exponendis</strong></span> <span class='ocrx_word' id='word_1_175' title='bbox 1257 2864 1429 2940; x_wconf 85' lang='lat' dir='ltr'><strong>inserviet.</strong></span> 
     </span>
    </p>

    <p class='ocr_par' dir='ltr' id='par_1_3' title="bbox 231 2979 1439 3886">
     <span class='ocr_line' id='line_1_23' title="bbox 387 2979 1431 3077; baseline 0.001 -26"><span class='ocrx_word' id='word_1_176' title='bbox 387 2981 479 3052; x_wconf 91' lang='lat' dir='ltr'><strong>lnter</strong></span> <span class='ocrx_word' id='word_1_177' title='bbox 498 2979 647 3077; x_wconf 90' lang='lat' dir='ltr'><strong>capitula</strong></span> <span class='ocrx_word' id='word_1_178' title='bbox 660 2979 784 3053; x_wconf 85' lang='lat' dir='ltr'><strong>selecta</strong></span> <span class='ocrx_word' id='word_1_179' title='bbox 797 3005 963 3055; x_wconf 85' lang='lat' dir='ltr'><strong>canonum</strong></span> <span class='ocrx_word' id='word_1_180' title='bbox 981 2979 1233 3054; x_wconf 90' lang='lat' dir='ltr'><strong>hibernensium</strong></span> <span class='ocrx_word' id='word_1_181' title='bbox 1251 2979 1311 3053; x_wconf 89' lang='lat' dir='ltr'><strong>lib.</strong></span> <span class='ocrx_word' id='word_1_182' title='bbox 1323 2980 1431 3052; x_wconf 80' lang='lat' dir='ltr'><strong>thv.</strong></span> 
     </span>
     <span class='ocr_line' id='line_1_24' title="bbox 316 3084 1432 3196; baseline 0.003 -31"><span class='ocrx_word' id='word_1_183' title='bbox 316 3093 438 3192; x_wconf 82' lang='lat' dir='ltr'><strong>legitur</strong></span> <span class='ocrx_word' id='word_1_184' title='bbox 462 3118 569 3167; x_wconf 89' lang='lat' dir='ltr'><strong>canon</strong></span> <span class='ocrx_word' id='word_1_185' title='bbox 597 3120 627 3169; x_wconf 88' lang='lat' dir='ltr'><strong>s.</strong></span> <span class='ocrx_word' id='word_1_186' title='bbox 648 3094 791 3168; x_wconf 89' lang='lat' dir='ltr'><strong>Patricio</strong></span> <span class='ocrx_word' id='word_1_187' title='bbox 818 3095 1011 3196; x_wconf 87' lang='lat' dir='ltr'><strong>adscriptus</strong></span> <span class='ocrx_word' id='word_1_188' title='bbox 1029 3095 1084 3169; x_wconf 91' lang='lat' dir='ltr'><strong>his</strong></span> <span class='ocrx_word' id='word_1_189' title='bbox 1105 3095 1217 3169; x_wconf 78' lang='lat' dir='ltr'><strong>verbis</strong></span> <span class='ocrx_word' id='word_1_190' title='bbox 1234 3084 1432 3195; x_wconf 85' lang='lat' dir='ltr'><strong>expressus:</strong></span> 
     </span>
     <span class='ocr_line' id='line_1_25' title="bbox 317 3209 1436 3299; baseline 0.004 -19"><span class='ocrx_word' id='word_1_191' title='bbox 317 3211 386 3282; x_wconf 88' lang='lat' dir='ltr'><strong>«Si</strong></span> <span class='ocrx_word' id='word_1_192' title='bbox 407 3209 552 3284; x_wconf 89' lang='lat' dir='ltr'><strong>alicuius</strong></span> <span class='ocrx_word' id='word_1_193' title='bbox 577 3235 662 3283; x_wconf 81' lang='lat' dir='ltr'><strong>uxor</strong></span> <span class='ocrx_word' id='word_1_194' title='bbox 687 3209 850 3284; x_wconf 86' lang='lat' dir='ltr'><strong>lomicata</strong></span> <span class='ocrx_word' id='word_1_195' title='bbox 874 3210 975 3284; x_wconf 87' lang='lat' dir='ltr'><strong>luerit</strong></span> <span class='ocrx_word' id='word_1_196' title='bbox 995 3237 1071 3284; x_wconf 91' lang='lat' dir='ltr'><strong>cum</strong></span> <span class='ocrx_word' id='word_1_197' title='bbox 1089 3209 1157 3284; x_wconf 87' lang='lat' dir='ltr'><strong>alio</strong></span> <span class='ocrx_word' id='word_1_198' title='bbox 1173 3212 1267 3299; x_wconf 82' lang='lat' dir='ltr'><strong>viro,</strong></span> <span class='ocrx_word' id='word_1_199' title='bbox 1288 3236 1354 3285; x_wconf 90' lang='lat' dir='ltr'><strong>non</strong></span> <span class='ocrx_word' id='word_1_200' title='bbox 1372 3209 1436 3284; x_wconf 91' lang='lat' dir='ltr'><strong>du·</strong></span> 
     </span>
     <span class='ocr_line' id='line_1_26' title="bbox 315 3325 1439 3427; baseline 0 -26"><span class='ocrx_word' id='word_1_201' title='bbox 315 3343 369 3401; x_wconf 90' lang='lat' dir='ltr'><strong>cat</strong></span> <span class='ocrx_word' id='word_1_202' title='bbox 387 3325 488 3400; x_wconf 84' lang='lat' dir='ltr'><strong>aliam</strong></span> <span class='ocrx_word' id='word_1_203' title='bbox 506 3352 643 3400; x_wconf 82' lang='lat' dir='ltr'><strong>uxorem</strong></span> <span class='ocrx_word' id='word_1_204' title='bbox 662 3326 824 3426; x_wconf 86' lang='lat' dir='ltr'><strong>quamdiu</strong></span> <span class='ocrx_word' id='word_1_205' title='bbox 843 3326 920 3400; x_wconf 84' lang='lat' dir='ltr'><strong>riva</strong></span> <span class='ocrx_word' id='word_1_206' title='bbox 944 3326 1047 3400; x_wconf 85' lang='lat' dir='ltr'><strong>luerit</strong></span> <span class='ocrx_word' id='word_1_207' title='bbox 1063 3353 1147 3401; x_wconf 79' lang='lat' dir='ltr'><strong>uxor</strong></span> <span class='ocrx_word' id='word_1_208' title='bbox 1161 3328 1283 3427; x_wconf 86' lang='lat' dir='ltr'><strong>prima.</strong></span> <span class='ocrx_word' id='word_1_209' title='bbox 1304 3326 1337 3399; x_wconf 79' lang='lat' dir='ltr'><strong>si</strong></span> <span class='ocrx_word' id='word_1_210' title='bbox 1353 3327 1439 3401; x_wconf 85' lang='lat' dir='ltr'><strong>sorte</strong></span> 
     </span>
     <span class='ocr_line' id='line_1_27' title="bbox 317 3440 1433 3542; baseline -0.001 -28"><span class='ocrx_word' id='word_1_211' title='bbox 317 3467 479 3515; x_wconf 86' lang='lat' dir='ltr'><strong>conversa</strong></span> <span class='ocrx_word' id='word_1_212' title='bbox 504 3440 624 3529; x_wconf 79' lang='lat' dir='ltr'><strong>luerit,</strong></span> <span class='ocrx_word' id='word_1_213' title='bbox 651 3458 684 3515; x_wconf 91' lang='lat' dir='ltr'><strong>et</strong></span> <span class='ocrx_word' id='word_1_214' title='bbox 708 3457 786 3538; x_wconf 77' lang='lat' dir='ltr'><strong>agat</strong></span> <span class='ocrx_word' id='word_1_215' title='bbox 811 3441 1070 3542; x_wconf 67' lang='lat' dir='ltr'><strong>poenitentiam</strong></span> <span class='ocrx_word' id='word_1_216' title='bbox 1095 3458 1128 3516; x_wconf 90' lang='lat' dir='ltr'><strong>et</strong></span> <span class='ocrx_word' id='word_1_217' title='bbox 1153 3443 1316 3541; x_wconf 87' lang='lat' dir='ltr'><strong>suscipiet</strong></span> <span class='ocrx_word' id='word_1_218' title='bbox 1340 3466 1433 3529; x_wconf 87' lang='lat' dir='ltr'><strong>eam,</strong></span> 
     </span>
     <span class='ocr_line' id='line_1_28' title="bbox 316 3557 1439 3657; baseline -0.002 -27"><span class='ocrx_word' id='word_1_219' title='bbox 316 3574 350 3631; x_wconf 89' lang='lat' dir='ltr'><strong>et</strong></span> <span class='ocrx_word' id='word_1_220' title='bbox 374 3557 498 3631; x_wconf 87' lang='lat' dir='ltr'><strong>serviet</strong></span> <span class='ocrx_word' id='word_1_221' title='bbox 518 3557 550 3631; x_wconf 91' lang='lat' dir='ltr'><strong>ei</strong></span> <span class='ocrx_word' id='word_1_222' title='bbox 572 3557 734 3657; x_wconf 88' lang='lat' dir='ltr'><strong>quamdiu</strong></span> <span class='ocrx_word' id='word_1_223' title='bbox 751 3559 828 3631; x_wconf 86' lang='lat' dir='ltr'><strong>viva</strong></span> <span class='ocrx_word' id='word_1_224' title='bbox 845 3558 945 3631; x_wconf 86' lang='lat' dir='ltr'><strong>luerit</strong></span> <span class='ocrx_word' id='word_1_225' title='bbox 966 3559 1125 3632; x_wconf 87' lang='lat' dir='ltr'><strong>invicem</strong></span> <span class='ocrx_word' id='word_1_226' title='bbox 1147 3557 1305 3646; x_wconf 87' lang='lat' dir='ltr'><strong>ancillae,</strong></span> <span class='ocrx_word' id='word_1_227' title='bbox 1326 3573 1360 3632; x_wconf 92' lang='lat' dir='ltr'><strong>et</strong></span> <span class='ocrx_word' id='word_1_228' title='bbox 1375 3584 1439 3630; x_wconf 87' lang='lat' dir='ltr'><strong>an·</strong></span> 
     </span>
     <span class='ocr_line' id='line_1_29' title="bbox 318 3672 1432 3773; baseline 0.001 -30"><span class='ocrx_word' id='word_1_229' title='bbox 318 3699 398 3745; x_wconf 92' lang='lat' dir='ltr'><strong>num</strong></span> <span class='ocrx_word' id='word_1_230' title='bbox 420 3673 584 3770; x_wconf 79' lang='lat' dir='ltr'><strong>integrum</strong></span> <span class='ocrx_word' id='word_1_231' title='bbox 612 3673 646 3744; x_wconf 89' lang='lat' dir='ltr'><strong>in</strong></span> <span class='ocrx_word' id='word_1_232' title='bbox 673 3699 760 3772; x_wconf 92' lang='lat' dir='ltr'><strong>pane</strong></span> <span class='ocrx_word' id='word_1_233' title='bbox 779 3689 813 3747; x_wconf 91' lang='lat' dir='ltr'><strong>et</strong></span> <span class='ocrx_word' id='word_1_234' title='bbox 829 3699 918 3773; x_wconf 87' lang='lat' dir='ltr'><strong>aqua</strong></span> <span class='ocrx_word' id='word_1_235' title='bbox 943 3699 1004 3772; x_wconf 93' lang='lat' dir='ltr'><strong>per</strong></span> <span class='ocrx_word' id='word_1_236' title='bbox 1024 3698 1217 3748; x_wconf 87' lang='lat' dir='ltr'><strong>mensuram</strong></span> <span class='ocrx_word' id='word_1_237' title='bbox 1245 3672 1432 3773; x_wconf 86' lang='lat' dir='ltr'><strong>poeniteat,</strong></span> 
     </span>
     <span class='ocr_line' id='line_1_30' title="bbox 231 3787 1050 3886; baseline -0.001 -27"><span class='ocrx_word' id='word_1_238' title='bbox 231 3869 243 3876; x_wconf 20' lang='grc' dir='ltr'>κ</span> <span class='ocrx_word' id='word_1_239' title='bbox 318 3814 380 3863; x_wconf 88' lang='lat' dir='ltr'><strong>nec</strong></span> <span class='ocrx_word' id='word_1_240' title='bbox 405 3788 440 3860; x_wconf 93' lang='lat' dir='ltr'><strong>in</strong></span> <span class='ocrx_word' id='word_1_241' title='bbox 463 3814 530 3862; x_wconf 92' lang='lat' dir='ltr'><strong>uno</strong></span> <span class='ocrx_word' id='word_1_242' title='bbox 550 3787 637 3863; x_wconf 88' lang='lat' dir='ltr'><strong>lecto</strong></span> <span class='ocrx_word' id='word_1_243' title='bbox 661 3806 879 3886; x_wconf 89' lang='lat' dir='ltr'><strong>permaneant</strong></span> <span class='ocrx_word' id='word_1_244' title='bbox 898 3792 1050 3885; x_wconf 77' lang='lat'>(211).»</span> 
     </span>
    </p>
   </div>
   <div class='ocr_carea' id='block_1_3' title="bbox 397 4001 1438 4152">
    <p class='ocr_par' dir='ltr' id='par_1_4' title="bbox 397 4001 1438 4152">
     <span class='ocr_line' id='line_1_31' title="bbox 397 4001 1208 4069; baseline 0.001 -16"><span class='ocrx_word' id='word_1_245' title='bbox 397 4003 463 4066; x_wconf 78' lang='lat' dir='ltr'><strong>tato)</strong></span> <span class='ocrx_word' id='word_1_246' title='bbox 481 4001 552 4068; x_wconf 77' lang='lat' dir='ltr'><strong>Apud</strong></span> <span class='ocrx_word' id='word_1_247' title='bbox 568 4001 690 4054; x_wconf 72' lang='lat' dir='ltr'><strong>nardulo.</strong></span> <span class='ocrx_word' id='word_1_248' title='bbox 706 4005 772 4054; x_wconf 76' lang='lat' dir='ltr'><strong>Acta</strong></span> <span class='ocrx_word' id='word_1_249' title='bbox 785 4003 879 4055; x_wconf 79' lang='lat' dir='ltr'><strong>concil.</strong></span> <span class='ocrx_word' id='word_1_250' title='bbox 894 4007 967 4054; x_wconf 85' lang='lat' dir='ltr'><strong>Tum.</strong></span> <span class='ocrx_word' id='word_1_251' title='bbox 981 4006 1023 4054; x_wconf 85' lang='lat' dir='ltr'><strong>tv.</strong></span> <span class='ocrx_word' id='word_1_252' title='bbox 1037 4005 1086 4055; x_wconf 85' lang='lat' dir='ltr'><strong>cot.</strong></span> <span class='ocrx_word' id='word_1_253' title='bbox 1099 4012 1144 4056; x_wconf 74' lang='lat' dir='ltr'><strong>ata</strong></span> <span class='ocrx_word' id='word_1_254' title='bbox 1157 4019 1208 4069; x_wconf 82' lang='lat' dir='ltr'><strong>seq.</strong></span> 
     </span>
     <span class='ocr_line' id='line_1_32' title="bbox 397 4081 1438 4152; baseline 0.003 -18"><span class='ocrx_word' id='word_1_255' title='bbox 397 4085 463 4147; x_wconf 83' lang='lat' dir='ltr'><strong>(att)</strong></span> <span class='ocrx_word' id='word_1_256' title='bbox 480 4081 550 4147; x_wconf 75' lang='lat' dir='ltr'><strong>Apud</strong></span> <span class='ocrx_word' id='word_1_257' title='bbox 572 4085 633 4134; x_wconf 80' lang='lat' dir='ltr'><strong>Luc.</strong></span> <span class='ocrx_word' id='word_1_258' title='bbox 655 4083 836 4136; x_wconf 62' lang='lat' dir='ltr'><strong>warnarium:</strong></span> <span class='ocrx_word' id='word_1_259' title='bbox 853 4088 974 4137; x_wconf 79' lang='lat' dir='ltr'><strong>Veterum</strong></span> <span class='ocrx_word' id='word_1_260' title='bbox 988 4084 1092 4151; x_wconf 73' lang='lat' dir='ltr'><strong>aliquot</strong></span> <span class='ocrx_word' id='word_1_261' title='bbox 1104 4089 1263 4150; x_wconf 68' lang='lat' dir='ltr'><strong>stuplonem</strong></span> <span class='ocrx_word' id='word_1_262' title='bbox 1274 4085 1438 4152; x_wconf 72' lang='lat' dir='ltr'><strong>rptctlcutum</strong></span> 
     </span>
    </p>
   </div>
   <div class='ocr_carea' id='block_1_4' title="bbox 320 4164 1438 4311">
    <p class='ocr_par' dir='ltr' id='par_1_5' title="bbox 320 4164 1438 4311">
     <span class='ocr_line' id='line_1_33' title="bbox 321 4164 1438 4232; baseline 0.004 -19"><span class='ocrx_word' id='word_1_263' title='bbox 321 4164 400 4214; x_wconf 82' lang='lat' dir='ltr'><strong>Paris.</strong></span> <span class='ocrx_word' id='word_1_264' title='bbox 418 4171 486 4214; x_wconf 79' lang='lat' dir='ltr'><strong>tota.</strong></span> <span class='ocrx_word' id='word_1_265' title='bbox 502 4167 561 4214; x_wconf 90' lang='lat' dir='ltr'><strong>tom.</strong></span> <span class='ocrx_word' id='word_1_266' title='bbox 575 4166 615 4215; x_wconf 78' lang='lat' dir='ltr'><strong>lx.</strong></span> <span class='ocrx_word' id='word_1_267' title='bbox 638 4177 693 4229; x_wconf 84' lang='lat' dir='ltr'><strong>cap.</strong></span> <span class='ocrx_word' id='word_1_268' title='bbox 705 4167 818 4217; x_wconf 76' lang='lat' dir='ltr'><strong>mm.</strong></span> <span class='ocrx_word' id='word_1_269' title='bbox 837 4179 893 4230; x_wconf 81' lang='lat' dir='ltr'><strong>pag.</strong></span> <span class='ocrx_word' id='word_1_270' title='bbox 909 4171 947 4217; x_wconf 83' lang='lat' dir='ltr'><strong>ta.</strong></span> <span class='ocrx_word' id='word_1_271' title='bbox 976 4179 1020 4218; x_wconf 88' lang='lat' dir='ltr'><strong>nec</strong></span> <span class='ocrx_word' id='word_1_272' title='bbox 1041 4179 1090 4218; x_wconf 85' lang='lat' dir='ltr'><strong>non</strong></span> <span class='ocrx_word' id='word_1_273' title='bbox 1112 4166 1177 4232; x_wconf 82' lang='lat' dir='ltr'><strong>apud</strong></span> <span class='ocrx_word' id='word_1_274' title='bbox 1197 4167 1307 4219; x_wconf 72' lang='lat' dir='ltr'><strong>wilkins</strong></span> <span class='ocrx_word' id='word_1_275' title='bbox 1320 4168 1438 4219; x_wconf 75' lang='lat' dir='ltr'><strong>Gonetttc</strong></span> 
     </span>
     <span class='ocr_line' id='line_1_34' title="bbox 320 4244 1438 4311; baseline 0.004 -19"><span class='ocrx_word' id='word_1_276' title='bbox 320 4255 434 4307; x_wconf 66' lang='lat' dir='ltr'><strong>maenae</strong></span> <span class='ocrx_word' id='word_1_277' title='bbox 443 4245 614 4295; x_wconf 73' lang='lat' dir='ltr'><strong>Brittanniae</strong></span> <span class='ocrx_word' id='word_1_278' title='bbox 623 4247 649 4295; x_wconf 83' lang='lat' dir='ltr'><strong>ct</strong></span> <span class='ocrx_word' id='word_1_279' title='bbox 662 4244 813 4297; x_wconf 69' lang='lat' dir='ltr'><strong>litterulae.</strong></span> <span class='ocrx_word' id='word_1_280' title='bbox 827 4245 933 4295; x_wconf 78' lang='lat' dir='ltr'><strong>Londtni</strong></span> <span class='ocrx_word' id='word_1_281' title='bbox 951 4249 1019 4297; x_wconf 71' lang='lat'>17⁸7.</span> <span class='ocrx_word' id='word_1_282' title='bbox 1032 4259 1089 4311; x_wconf 76' lang='lat' dir='ltr'><strong>pag.</strong></span> <span class='ocrx_word' id='word_1_283' title='bbox 1101 4254 1125 4297; x_wconf 89' lang='lat' dir='ltr'><strong>o.</strong></span> <span class='ocrx_word' id='word_1_284' title='bbox 1137 4246 1183 4297; x_wconf 84' lang='lat' dir='ltr'><strong>sub</strong></span> <span class='ocrx_word' id='word_1_285' title='bbox 1194 4248 1241 4297; x_wconf 84' lang='lat' dir='ltr'><strong>troc</strong></span> <span class='ocrx_word' id='word_1_286' title='bbox 1251 4247 1338 4298; x_wconf 87' lang='lat' dir='ltr'><strong>titulo:</strong></span> <span class='ocrx_word' id='word_1_287' title='bbox 1356 4249 1438 4298; x_wconf 80' lang='lat' dir='ltr'><strong>cerro·</strong></span> 
     </span>
    </p>
   </div>
   <div class='ocr_carea' id='block_1_5' title="bbox 317 4319 1437 4467">
    <p class='ocr_par' dir='ltr' id='par_1_6' title="bbox 317 4319 1437 4467">
     <span class='ocr_line' id='line_1_35' title="bbox 320 4319 1437 4406; baseline 0.002 -32"><span class='ocrx_word' id='word_1_288' title='bbox 320 4319 365 4374; x_wconf 76' lang='lat' dir='ltr'><strong>ner</strong></span> <span class='ocrx_word' id='word_1_289' title='bbox 378 4338 399 4406; x_wconf 75' lang='lat' dir='ltr'><strong>r.</strong></span> <span class='ocrx_word' id='word_1_290' title='bbox 423 4326 540 4374; x_wconf 79' lang='lat' dir='ltr'><strong>Patrtoto</strong></span> <span class='ocrx_word' id='word_1_291' title='bbox 558 4323 686 4390; x_wconf 80' lang='lat' dir='ltr'><strong>adsertptt</strong></span> <span class='ocrx_word' id='word_1_292' title='bbox 705 4337 740 4376; x_wconf 79' lang='lat' dir='ltr'><strong>err</strong></span> <span class='ocrx_word' id='word_1_293' title='bbox 759 4325 894 4389; x_wconf 75' lang='lat' dir='ltr'><strong>opuscolo</strong></span> <span class='ocrx_word' id='word_1_294' title='bbox 912 4339 934 4375; x_wconf 84' lang='lat' dir='ltr'><strong>r.</strong></span> <span class='ocrx_word' id='word_1_295' title='bbox 948 4329 1062 4378; x_wconf 77' lang='lat' dir='ltr'><strong>Pctrtcr&#39;t</strong></span> <span class='ocrx_word' id='word_1_296' title='bbox 1078 4339 1128 4391; x_wconf 78' lang='lat' dir='ltr'><strong>per</strong></span> <span class='ocrx_word' id='word_1_297' title='bbox 1148 4327 1276 4378; x_wconf 77' lang='lat' dir='ltr'><strong>lecchum</strong></span> <span class='ocrx_word' id='word_1_298' title='bbox 1301 4330 1437 4378; x_wconf 75' lang='lat' dir='ltr'><strong>warocum</strong></span> 
     </span>
     <span class='ocr_line' id='line_1_36' title="bbox 317 4409 433 4467; baseline -0.009 -13"><span class='ocrx_word' id='word_1_299' title='bbox 317 4416 380 4467; x_wconf 75' lang='lat' dir='ltr'><strong>pcc.</strong></span> <span class='ocrx_word' id='word_1_300' title='bbox 396 4409 433 4453; x_wconf 80' lang='lat' dir='ltr'><strong>aa.</strong></span> 
     </span>
    </p>
   </div>
   <div class='ocr_carea' id='block_1_6' title="bbox 0 0 1647 5084">
    <p class='ocr_par' dir='ltr' id='par_1_7' title="bbox 0 0 1647 5084">
     <span class='ocr_line' id='line_1_37' title="bbox 0 0 1647 5084; baseline 0 0"><span class='ocrx_word' id='word_1_301' title='bbox 0 0 1647 5084; x_wconf 95' lang='lat' dir='ltr'><strong> </strong></span> 
     </span>
    </p>
   </div>
  </div>
 </body>
</html>
