3234 5084
357 438 428 488 cnr.
448 438 483 487 rt.
501 438 540 486 on
563 437 736 487 nonnosum
754 436 952 487 suconssrvs.
970 437 1039 487 aar.
1057 438 1091 486 n.
1211 414 1280 486 103

237 553 331 627 Nune
348 579 426 627 vero
446 554 536 654 quod
558 554 685 640 sciam,
709 580 806 628 nemo
831 555 959 654 estqui
982 556 1162 629 contendat
1179 583 1277 655 quar-

165 685 216 740 tas
239 684 273 741 et
292 667 467 742 ulteriores
487 668 623 768 nuptias
646 669 760 753 divino
780 669 853 742 iure
869 694 945 743 esse
971 669 1179 769 prohibitas,
1201 670 1281 743 licet

165 783 333 856 mordicus
354 783 512 857 severiori
531 782 732 882 disciplinae
746 784 788 856 de
809 783 1001 858 reiiciendis
1022 784 1189 857 eiusmodi
1212 812 1277 857 nu-

165 898 244 996 ptiis
256 897 368 994 graeci
385 897 555 970 insistent.
580 898 646 970 Nec
666 914 756 971 mota
776 898 921 998 amplius
944 914 997 972 est
1016 898 1183 971 haedere
1197 925 1281 998 que-

164 1011 233 1084 rela
246 1013 281 1083 in
293 1012 437 1085 concilio
448 1011 651 1108 lugdunensi
665 1012 707 1083 ll.
726 1012 899 1109 Eugenius
912 1037 990 1086 vero
1005 1014 1056 1084 tv.
1083 1014 1117 1085 in
1138 1014 1280 1087 concilio

164 1127 341 1200 florentino
372 1127 408 1198 in
433 1125 566 1199 decreto
598 1150 659 1224 pro
689 1124 843 1199 iacebitis
874 1151 935 1198 seu
952 1128 1111 1200 ⁴armenis
1146 1127 1275 1199 edixit:

165 1271 184 1309 «
199 1241 367 1327 Quoniam
395 1240 574 1315 nonnullos
604 1241 768 1314 asseritur
792 1259 932 1340 quartas
957 1240 1094 1338 nuptias
1118 1257 1280 1340 tanquam

162 1357 403 1431 condemnatas
433 1382 613 1456 respuere,
638 1373 676 1429 ut
701 1372 895 1455 peccatum,
924 1354 983 1427 ubi
1006 1381 1073 1430 non
1099 1372 1175 1441 est,
1204 1382 1280 1429 osse

163 1486 318 1571 putetur,
346 1497 423 1545 cum
451 1469 646 1545 secundum
660 1470 875 1570 Apostolum,
900 1487 1029 1544 mortuo
1050 1471 1140 1557 viro,
1160 1471 1282 1543 mulier

163 1587 209 1660 sit
232 1586 278 1659 ab
301 1588 376 1660 eius
405 1587 478 1684 lege
504 1586 635 1673 soluta,
665 1602 699 1659 et
722 1586 872 1659 nubendi
903 1586 957 1659 cui
984 1584 1057 1658 vult
1079 1584 1114 1655 in
1139 1584 1283 1658 Domino

162 1700 288 1776 habeat
306 1701 519 1788 facultatem,
545 1727 608 1774 nee
628 1701 833 1799 distinguat,
859 1717 989 1774 mortuo
1010 1700 1138 1799 primo,
1158 1699 1212 1773 vel
1228 1726 1283 1774 se-

161 1817 295 1903 cundo,
323 1816 517 1901 vel-tertio,
546 1814 758 1889 declaramus
785 1841 852 1888 noo
874 1814 983 1888 solum
1008 1814 1199 1902 secundas,
1220 1814 1280 1887 sod

164 1931 284 2005 tertias
301 1946 335 2004 et
350 1947 510 2030 quartas,
526 1947 627 2030 atque
642 1930 840 2018 ulteriores,
857 1932 888 2002 si
906 1929 1043 2029 aliquod
1061 1928 1282 2028 impedimen-

162 2063 234 2117 tum
264 2071 332 2119 non
361 2045 493 2132 obstat,
527 2044 618 2119 licite
643 2044 796 2118 contrahi
829 2069 940 2143 posse.
975 2042 1282 2117 Commendatiores

161 2178 274 2233 tamen
295 2160 461 2247 dicimus,
486 2160 517 2232 si
545 2159 684 2234 ulterius
705 2186 726 2233 a
750 2161 907 2256 coniugio
933 2158 1141 2233 abstinentes
1166 2159 1201 2231 in
1227 2184 1283 2232 cu-

160 2275 276 2349 stitate
307 2277 577 2375 permanserint:
608 2276 689 2376 quia
715 2276 806 2349 sicut
828 2273 1002 2348 viduitatis
1027 2274 1278 2370 virginitatem,

160 2390 209 2463 ita
232 2390 361 2490 nuptiis
388 2405 513 2463 mtam
539 2389 736 2463 viduitatem
766 2386 867 2461 laude
890 2403 924 2461 et
949 2389 1068 2460 merito
1093 2388 1282 2486 praeferen-

159 2505 241 2578 dam
265 2530 343 2578 esse
367 2530 544 2578 censemus
565 2508 658 2601 (et).
679 2535 696 2575 o
1204 2566 1207 2571 .

234 2622 276 2693 Et
301 2620 385 2693 baec
409 2621 451 2692 de
476 2621 605 2719 graecis
631 2638 665 2694 et
691 2621 932 2707 orientalibus;
958 2621 1050 2722 quod
1068 2644 1148 2695 vero
1170 2621 1215 2693 ad
1233 2622 1282 2693 la-

160 2736 251 2809 tinos
277 2752 311 2808 et
335 2734 562 2808 occidentales
589 2752 717 2836 spectat
742 2735 922 2833 benignior
946 2761 1081 2834 semper
1105 2735 1177 2807 luit.
1191 2736 1281 2833 quod

159 2851 202 2923 ad
236 2850 428 2946 trigamiam
453 2865 488 2923 et
513 2851 742 2947 tetragamiam
773 2849 1018 2949 ulterioresque
1043 2849 1179 2949 nuptias
1204 2876 1282 2948 spc-

159 2980 231 3038 ctat
255 2964 417 3063 loquendi
442 2965 526 3037 ratio
552 2990 592 3036 ac
617 2963 813 3064 disciplina.
844 2966 915 3037 Non
937 2964 1116 3038 deluerunt
1144 2964 1283 3064 quidem

158 3106 200 3151 ex
227 3079 475 3178 antiquioribus
503 3080 605 3152 etiam
632 3079 745 3153 latinis
772 3079 945 3177 patribus,
970 3080 1030 3180 qui
1056 3080 1120 3154 has
1146 3080 1282 3178 nuptias

159 3219 302 3292 carpere
321 3193 398 3291 plus
413 3218 522 3292 aequo
543 3193 609 3266 visi
632 3210 731 3280 sunt,
748 3218 814 3266 non
835 3194 926 3293 quod
945 3220 1003 3266 eas
1021 3193 1283 3267 absolutedam·

161 3308 317 3381 naverint
333 3333 372 3380 ac
390 3309 420 3381 si
439 3308 574 3380 divinae
591 3309 655 3405 legi
674 3308 948 3396 adversarentur,
970 3307 1030 3382 sed
1048 3334 1123 3382 eam
1141 3309 1281 3407 potissi-

161 3450 254 3495 mum
268 3423 312 3497 ob
330 3450 470 3497 causam
487 3449 589 3523 quam
607 3423 683 3521 plus
698 3422 803 3496 semel
822 3423 1016 3511 attulimus;
1038 3448 1158 3522 nempe
1176 3422 1220 3496 ob
1237 3423 1283 3495 el·

161 3539 275 3611 lusam
292 3553 326 3611 et
342 3538 599 3611 inverecundam
619 3539 654 3609 in
670 3563 824 3611 venerem
845 3538 1104 3638 propensionem
1131 3562 1234 3635 quarn
1257 3536 1281 3607 ii

162 3653 370 3753 patefaciunt
393 3655 453 3753 qui
480 3655 577 3728 tertio
602 3668 635 3727 et
660 3670 780 3754 quarto
806 3653 950 3727 nubunt.

235 3771 356 3844 Notum
378 3786 431 3843 est
454 3798 483 3844 s.
511 3769 751 3871 Hieronymum
772 3770 859 3842 inter
883 3787 995 3870 patres
1016 3769 1137 3842 latinos
1158 3793 1196 3839 sc
1212 3792 1283 3839 ma·
1311 3810 1315 3818 ·

161 3886 251 3958 xime
266 3886 374 3959 tertiis
388 3911 428 3958 ac
443 3885 658 3959 ulterioribus
671 3885 799 3985 nuptiis
814 3884 984 3959 insensum
1004 3882 1213 3983 praebuisse.
1230 3883 1283 3952 Si-

162 4145 252 4193 sonctt
272 4142 373 4193 nornine
390 4156 405 4192 a
425 4142 530 4192 &nonio
547 4145 573 4192 et
592 4156 606 4192 a
626 4141 810 4204 bollandianis,
830 4144 932 4206 'crrpcro
950 4142 1059 4202 scilicet,
1085 4142 1110 4191 in
1137 4140 1281 4204 patriarchis

161 4221 368 4285 comtantiuopot.
393 4224 419 4271 et
440 4220 610 4283 flmschemo,
632 4219 657 4270 tn
680 4222 751 4271 Actts
766 4222 851 4270 sanct.
871 4220 912 4270 dte
932 4227 969 4270 to.
989 4219 1047 4270 mali
1070 4218 1175 4268 donatos
1190 4220 1226 4267 est
1249 4217 1281 4265 ct.

163 4299 253 4349 statum
269 4299 346 4362 praet.
356 4300 399 4350 ott.
412 4312 466 4363 pag.
477 4301 510 4350 vt
522 4312 592 4363 seqq.
605 4311 650 4349 nec
664 4312 713 4349 non
729 4296 863 4350 nreuotum
882 4298 929 4349 loc.
946 4300 1035 4362 paritor
1050 4299 1093 4348 ott.

239 4381 289 4441 (tt)
305 4378 377 4442 Apud
393 4377 513 4428 neronio.
530 4381 596 4427 Acta
611 4377 703 4428 concil.
722 4380 772 4427 torn
787 4380 828 4426 tx.
839 4376 887 4427 col.
905 4385 971 4427 tots.
1031 4410 1034 4413 ι
1079 4388 1080 4393 ’
