3234 5084
271 465 339 516 cir.
353 465 376 515 1.
390 464 430 515 nr
448 460 870 514 morss.rrrra.srscr.rurr
886 460 1042 513 urrunsa.
1059 460 1130 511 ιιι.
1143 461 1166 511 ι.
1222 437 1290 511 itt

186 585 269 659 satia
293 582 482 658 ostenditur
498 580 606 678 legem
628 595 768 654 naturae
789 578 1119 654 indissolubilium
1145 568 1293 675 coniugii

185 700 398 800 praecipere,
427 723 466 771 ac
492 695 746 770 dissolutionem
770 709 900 783 vetare,
928 694 1080 795 adeoque
1104 720 1171 769 uon
1197 692 1297 768 debet

185 814 332 911 coniugii
359 814 565 915 perpetuitas
590 837 631 884 ex
656 810 728 885 solo
753 810 899 909 positivo
924 809 997 883 iure
1021 807 1155 885 deduci.

257 931 382 1027 Urgent
399 927 551 1003 nonnulli
572 952 705 1001 omnem
726 926 872 1023 coniugii
894 925 1083 999 firmitatem
1097 952 1138 1000 ex
1151 950 1192 999 eo
1204 951 1297 1025 prae

184 1059 282 1143 cepto
307 1043 452 1144 positivo
485 1040 652 1142 pendere:
682 1039 778 1127 Quod
806 1040 895 1112 Deus
920 1042 1090 1113 emunxit
1120 1039 1210 1112 homo
1234 1066 1298 1113 rroe

184 1173 326 1258 sepum,
346 1170 437 1231 etex
453 1154 578 1230 Christi
595 1154 777 1242 voluntate,
799 1154 859 1254 qui
877 1154 920 1228 ad
938 1155 1138 1228 sacramenti
1156 1154 1299 1252 dignitu-

185 1290 252 1348 tem
269 1272 518 1347 matrimonium
535 1270 662 1357 evexit3
684 1269 854 1370 simulque
871 1268 1180 1343 indissolubilitatis
1192 1271 1298 1343 omni·

186 1386 306 1463 modae
321 1387 429 1485 legem
446 1386 539 1471 tulit;
555 1386 635 1459 hinc
645 1401 716 1473 est,
733 1386 908 1484 inquiunt,
924 1384 1015 1484 quod
1027 1383 1080 1457 vel
1094 1384 1160 1483 ipsi
1173 1382 1297 1458 Christi

186 1502 347 1603 discipuli
365 1528 440 1576 cum
459 1527 536 1574 eum
553 1500 718 1575 dicentem
737 1500 934 1575 audissent:
954 1499 1022 1586 Qui
1032 1499 1134 1572 oliom
1146 1498 1294 1583 duxerit,

185 1619 386 1703 moechatur,
405 1642 465 1691 seu
483 1643 589 1716 quum
606 1615 713 1715 legem
731 1615 1041 1691 indissolubilitatis
1059 1615 1203 1716 primum
1220 1615 1298 1691 ferri

187 1732 449 1820 intellexissent,
466 1730 685 1806 scandalizati
699 1748 790 1819 sunt,
807 1732 855 1804 uti
868 1730 1027 1831 expendit
1037 1730 1189 1805 Sauchez
1205 1732 1295 1827 (dl),

186 1875 227 1922 ac
252 1848 429 1922 dixerunt:
449 1848 512 1919 «si
535 1848 582 1921 ita
603 1862 656 1922 est
676 1872 782 1922 causa
805 1846 954 1922 hominis
978 1873 1055 1921 cum
1080 1872 1203 1932 uxore,
1230 1871 1298 1921 nou

187 1964 324 2064 expedit
340 1963 503 2051 nubere»
519 1963 609 2063 quod
629 1987 697 2038 uon
717 1962 902 2049 dixissent,
923 1962 952 2036 si
970 1961 1299 2037 indissolubilitatem

188 2081 369 2155 scivissent
393 2105 434 2152 ex
460 2079 536 2178 ipso
560 2079 633 2152 iure
657 2095 817 2166 naturae,
846 2104 914 2153 nou
940 2093 1051 2153 autem
1068 2105 1110 2153 ex
1127 2104 1213 2153 novo
1234 2078 1300 2151 dil·

187 2196 336 2296 ficilique
361 2195 476 2269 divino
502 2210 681 2296 praecepto
707 2193 920 2296 repetendam
947 2219 1035 2267 esse.

261 2310 323 2384 Ast
338 2327 376 2384 ut
392 2309 471 2384 hinc
489 2310 723 2396 exordiamur,
751 2309 874 2382 mirum
899 2335 966 2384 non
983 2326 1036 2383 est
1052 2309 1177 2383 Christi
1195 2309 1300 2383 disci-

190 2425 289 2527 pulos
315 2427 350 2499 in
375 2451 415 2499 ea
438 2425 541 2499 verba
566 2426 785 2526 prorupisse:
808 2450 886 2498 cum
913 2426 1006 2500 enim
1031 2441 1147 2500 essent
1172 2442 1299 2501 assuetr

190 2544 256 2641 legi
270 2542 455 2631 mosaicae,
472 2567 560 2642 quae
577 2542 756 2641 repudium
774 2541 1003 2642 permittebat,
1025 2540 1159 2641 percelli
1184 2542 1301 2643 utique

189 2685 230 2732 ex
255 2656 381 2731 Christi
408 2657 573 2733 seutemia
597 2657 803 2731 debuerunt:
831 2657 938 2755 legem
973 2659 1088 2758 itaque
1117 2658 1300 2731 mosaicam

189 2790 303 2846 mente
325 2772 521 2860 volvebant,
545 2789 581 2846 at
606 2771 650 2846 de
675 2772 749 2871 lege
774 2787 915 2847 naturae
937 2770 1156 2845 verisimilius
1183 2786 1235 2845 est
1258 2796 1301 2845 ue

189 2887 358 2985 cogitasse
384 2886 535 2986 quidem.
555 2885 711 2960 Christus
734 2912 814 2960 vero
840 2911 905 2960 uorr
930 2912 1049 2961 novam
1075 2884 1152 2960 tulit
1174 2885 1298 2984 legem,

189 3002 252 3077 sed
276 3002 385 3077 solum
412 3002 550 3076 abstulit
573 3001 705 3101 repudii
731 3001 1009 3101 permissionem,
1037 3001 1302 3077 matrimonium·

188 3144 257 3219 que
279 3118 323 3191 ad
344 3118 520 3217 pristinum
547 3132 669 3191 statum
696 3118 881 3205 revocavit,
904 3134 1003 3218 prout
1023 3117 1098 3217 ipsa
1117 3117 1165 3191 rei
1183 3131 1302 3191 natura

189 3232 401 3334 postulabat,
428 3249 530 3332 atque
552 3231 678 3306 ideireo
701 3258 741 3306 ea
765 3232 883 3306 verba:
901 3231 997 3319 Quod
1011 3233 1099 3306 Deus
1115 3234 1298 3317 coniuncti,

189 3349 282 3421 Ιιοηιο
294 3374 359 3420 sort
371 3362 514 3446 separet,
534 3346 588 3420 vel
606 3346 747 3445 intelligi
764 3347 889 3423 debent
905 3347 948 3421 de
970 3364 1146 3447 praecepto
1163 3374 1229 3420 uon
1247 3371 1304 3446 po·

188 3464 290 3537 sitive
315 3463 375 3537 sed
405 3462 571 3549 naturali,
601 3478 699 3563 prout
724 3463 814 3537 Deus
840 3480 891 3537 est
916 3477 1033 3536 auctor
1065 3478 1222 3546 naturae,
1248 3462 1302 3535 vel

188 3578 234 3652 de
258 3593 435 3678 praecepto
463 3579 581 3678 utique
605 3577 774 3676 positivo,
803 3577 864 3651 ssd
890 3602 958 3678 quo
982 3576 1230 3675 obligationes
1255 3577 1304 3648 iu·

189 3692 326 3766 ducitur
340 3694 496 3791 primum,
514 3708 548 3765 at
559 3691 777 3767 confirmatur
788 3709 822 3766 et
834 3691 1021 3767 roboratur.
1032 3695 1082 3767 lta
1093 3692 1193 3767 etiam
1210 3691 1304 3766 iusti-

189 3807 318 3881 tutioue
342 3805 542 3880 sacramenti
564 3806 719 3881 Christus
746 3807 949 3881 matrimonii
974 3805 1303 3882 indissolubilitatem

189 3923 324 4009 sanxit,
352 3921 647 4021 confirmavitque,
672 3935 711 3995 ut
734 3922 822 3997 inira
846 3922 1054 4010 videbimus3
1076 3949 1178 4024 quam
1202 3923 1303 3996 etiam

189 4037 376 4135 coniugalis
401 4037 572 4111 societatis
599 4052 736 4125 natura,
765 4055 901 4137 prouta
920 4039 991 4114 Deo
1012 4055 1150 4114 naturae
1169 4055 1304 4114 auctore

190 4153 334 4251 pendet,
365 4152 568 4253 postulabat.

192 4416 208 4465 d
262 4337 314 4400 (tt)
328 4338 437 4390 Sarrchca
452 4338 504 4389 fuse
521 4338 567 4389 hac
584 4338 615 4389 de
631 4353 657 4390 re
672 4340 738 4402 agit,
754 4342 780 4390 et
797 4340 857 4389 baec
873 4337 969 4402 alituvc
984 4341 1054 4403 urget
1069 4339 1112 4391 ΙΙΙ).
1126 4342 1157 4391 11.
1170 4343 1208 4391 De
1224 4342 1303 4391 matr.

211 4418 256 4480 tao.
268 4425 305 4470 rs.
