3234 5084
338 384 406 471 iii
480 417 543 469 nin.
559 417 606 470 ur.
623 416 710 471 saer.
725 417 856 469 ursan
878 418 918 469 nr
933 418 1046 471 mom.
1062 418 1157 471 nra.
1175 418 1298 471 enusr.

335 537 409 612 eius
432 536 584 623 haeresi,
609 546 668 637 aut
688 534 879 634 impietate,
903 552 962 610 aut
978 535 1152 612 seeleratis
1169 537 1319 611 moribus
1337 537 1455 638 inqui·

336 664 458 726 nentur
477 668 513 725 et
535 650 579 724 ad
603 665 775 751 peceatum
800 648 1052 750 pertrahantur,
1073 652 1126 727 vol
1152 678 1195 726 ne
1214 651 1259 726 ah
1281 678 1322 727 eo
1347 652 1455 727 inter-

338 768 506 843 ficiantur.
527 767 594 841 Sed
620 767 705 841 haee
729 767 899 866 separatio
924 768 962 843 fit
985 784 1113 842 unium
1140 768 1230 856 iure,
1250 795 1292 843 ae
1314 770 1371 843 ria
1394 769 1456 842 de-

334 886 511 984 fensionis,
527 910 596 958 non
612 887 724 958 autem
737 885 808 956 iere
824 885 1063 958 matrimoniali
1074 884 1118 958 oh
1131 884 1289 959 uelatum
1302 886 1454 983 coniugii

336 1000 450 1074 fidem.
475 999 570 1073 Unde
595 999 626 1073 si
651 998 837 1100 perieulum
863 998 1059 1074 huiusmodi
1086 1025 1152 1074 non
1179 1000 1309 1087 subsit,
1338 1000 1454 1075 locum

335 1114 461 1189 habere
488 1115 587 1189 debet
616 1114 707 1216 quod
728 1115 812 1188 dicit
833 1112 1059 1215 Hieronymus
1081 1116 1118 1188 iu
1143 1115 1261 1190 hiatth.
1288 1116 1375 1188 xlii.
1404 1116 1454 1189 ad

335 1230 420 1305 iliud
436 1258 443 1301 :
460 1232 501 1304 Si
513 1233 562 1305 ito
581 1245 629 1304 est
649 1256 750 1304 eausa
768 1230 906 1302 hominis
931 1244 990 1302 ete.
1009 1256 1018 1272 ·
1047 1229 1153 1304 Gtune
1167 1230 1295 1330 pondes
1307 1258 1454 1304 osorum

336 1362 404 1435 eat;
431 1349 464 1421 si
486 1361 620 1446 eseepto
644 1373 746 1419 censo
769 1344 995 1445 [maetam
1012 1372 1067 1419 ees
1086 1346 1248 1419 dimittere
1264 1374 1329 1419 ooo
1355 1346 1450 1420 lieet:

337 1461 427 1550 Quid
450 1464 536 1536 enim
551 1463 584 1534 si
599 1461 771 1534 temulente
788 1459 907 1561 seuit,
927 1460 1153 1548 aiiraonade,
1181 1464 1215 1535 si
1228 1462 1326 1535 motis
1350 1465 1456 1535 πιοτέ-

340 1577 418 1662 bue,
446 1579 479 1649 ai
503 1577 695 1661 luxuriose,
727 1578 760 1649 a·
785 1577 920 1675 quisse,
948 1578 980 1649 si
1005 1602 1112 1674 eope,
1147 1581 1179 1650 ai
1207 1579 1455 1676 iuream&

337 1689 519 1777 maledieo,
550 1691 685 1765 tenende
705 1694 767 1764 erit
782 1692 993 1769 istiusmodi?
1012 1691 1178 1778 Volumus,
1203 1694 1370 1779 nolumus,
1395 1720 1454 1767 so-

334 1805 486 1880 stinenda
510 1820 570 1880 est.
599 1806 682 1878 Cam
706 1808 791 1879 enim
814 1832 953 1881 asemas
971 1808 1084 1896 ittet,
1101 1807 1284 1883 volontarie
1300 1834 1358 1882 noa
1373 1808 1454 1882 suh—

338 1921 471 1995 ieet'mus
494 1921 753 2016 servituti(1h).
1142 1933 1143 1936 ’

781 2090 990 2151 ARTICULUS
1011 2092 1046 2148 ii.

339 2238 479 2303 Docuina
496 2244 611 2305 eoneiiii
630 2242 778 2304 tridentini
799 2241 835 2305 de
855 2246 1035 2322 separatIone
1054 2245 1266 2325 quoad,torunr
1285 2253 1316 2307 et
1328 2245 1444 2308 eohahi·

389 2342 527 2402 tationem
547 2342 585 2405 oh
604 2342 700 2419 piures
720 2359 824 2405 caum
846 2350 981 2403 manente
1002 2343 1119 2404 vineato
1145 2342 1184 2405 ah
1210 2344 1443 2407 adversariorum

387 2436 609 2499 difficultatibus
631 2438 808 2500 vindicatur.
918 2492 921 2501 .

342 2650 344 2653 ·
408 2616 480 2690 lam
505 2616 698 2692 monuimus
717 2601 786 2690 see.
806 2615 890 2689 xvi.
913 2632 1106 2703 novatores,
1127 2616 1253 2715 quihus
1268 2640 1359 2691 nuno
1375 2642 1453 2717 pas·

335 2732 401 2806 sinn
424 2732 589 2807 inereduli
615 2757 656 2805 ac
672 2731 820 2806 libertini
837 2733 1084 2820 assentiuntur,
1104 2730 1322 2807 abhorruisse
1338 2758 1358 2806 a
1375 2757 1453 2834 per-

335 2862 435 2946 petua
456 2861 514 2921 ant
535 2846 756 2946 temporaria,
785 2862 942 2922 manente
957 2847 1111 2936 vinenlo,
1140 2849 1321 2947 eoniugum
1351 2874 1451 2949 sepa-

335 2962 481 3049 ratione,
498 2988 566 3061 qno
579 2961 711 3035 facilius
724 2960 856 3062 possint
868 2963 911 3036 ad
925 2988 1010 3038 nova
1022 2954 1098 3039 uota
1110 2966 1265 3039 transire.
1280 2964 1451 3041 canonem

335 3093 511 3180 propterea
534 3077 621 3150 viii.
656 3078 790 3152 aoncilii
823 3078 992 3153 tridentini
1027 3096 1292 3182 oppugnantes
1322 3083 1352 3156 si
1380 3074 1452 3155 rem

335 3217 458 3268 noram
483 3192 651 3282 sanxerit,
681 3218 721 3267 ae
745 3193 917 3268 doetrinae
936 3195 1150 3294 evangelicae
1167 3211 1207 3269 et
1227 3195 1448 3296 apostoliens,

335 3309 404 3385 imo
428 3309 528 3383 etiam
554 3308 698 3384 sanioris
732 3309 863 3385 ethicae
893 3337 933 3385 ao
956 3302 1094 3385 moralis
1119 3311 1295 3413 principiis
1320 3328 1454 3387 eontra

334 3426 431 3499 riam.
454 3423 689 3499 calumniosas
709 3425 847 3499 omnino
871 3424 1043 3527 falsasque
1060 3448 1138 3502 esse
1154 3426 1321 3501 eiusmodi
1339 3427 1452 3528 impu-

335 3542 478 3615 tationes
498 3540 651 3615 evincere
676 3536 845 3614 distinctis
872 3540 1093 3642 paragraphis
1118 3540 1342 3640 aggredimur.

846 3745 884 3844 p.
915 3747 940 3816 ι.

393 3938 511 3991 Doctrina
530 3941 632 3992 anonis
646 3943 714 3992 viii.
730 3942 820 3993 eoneili
838 3941 991 3994 tridentinis
1011 3944 1069 3993 nota
1085 3942 1211 3993 nouitatis
1228 3940 1376 3992 vindicatur.

420 4110 627 4208 lnoognitam
657 4110 906 4185 ecclesiasticae
934 4110 1126 4212 antiquitati
1156 4110 1400 4211 separationem
1431 4136 1453 4183 a

334 4241 406 4298 toro
427 4226 668 4328 esuriemque,
686 4243 842 4301 manem
862 4225 1029 4325 eoniugali
1055 4226 1211 4314 sineno,
1231 4226 1324 4300 hand
1351 4224 1450 4325 pauci

362 4382 373 4399 ’
411 4379 462 4442 tie)
478 4381 506 4428 in
528 4381 569 4428 ιν.
581 4382 651 4430 seat.
667 4382 697 4429 o,
712 4381 808 4430 xxxv.
822 4378 845 4441 ς.
860 4387 882 4430 a.
