3234 5084
364 446 432 496 oar.
449 446 485 497 ιι.
502 446 542 496 ιιι
560 446 735 498 retrosum
752 447 1091 501 enuntiatarum.
1202 427 1271 499 iti

162 564 386 647 scortationem
411 579 471 636 aut
487 588 563 635 oum
586 564 678 637 viros
696 564 799 663 priori
818 564 1170 665 superinduotosoum
1192 565 1275 640 viris

162 694 332 775 comparat
348 677 499 751 mulieris
523 678 768 767 samaritanae,
790 681 849 779 qui
874 696 951 780 post
972 680 1117 777 primum
1140 681 1275 780 proprie

160 793 222 866 viri
247 818 313 867 non
332 793 488 881 luerunt,
508 820 585 867 oum
602 794 678 867 talis
696 821 736 867 ex
754 796 829 869 eius
848 795 1013 869 sententia
1030 795 1166 870 nonnisi
1184 823 1275 870 unus

161 907 260 981 luerit
279 911 392 1004 (toi).
418 908 493 995 Quo
514 935 618 983 seusu
643 909 733 982 idem
750 936 779 983 s.
798 912 895 983 Pater
915 910 1054 1007 intelligi
1077 909 1176 985 debet
1197 916 1275 984 oum

161 1023 260 1097 relert
278 1050 316 1096 se
332 1025 457 1097 Romae
472 1023 601 1098 vidisse
625 1024 725 1098 «duo
745 1024 832 1097 inter
852 1050 890 1097 se
915 1026 1010 1123 paria
1030 1025 1275 1100 vilissimorum

162 1165 180 1210 e
196 1137 295 1237 plebe
311 1138 486 1212 bominum
502 1156 716 1238 comparata,
736 1166 862 1226 unum,
882 1139 941 1238 qui
958 1140 1077 1237 viginti
1096 1140 1276 1240 sepelisset

161 1279 301 1340 uxores,
321 1253 476 1340 alteram,
497 1280 584 1353 quae
601 1254 798 1337 vicesimum
814 1254 1001 1327 seeundum
1020 1254 1195 1330 habuisset
1209 1281 1277 1329 ma·

162 1368 283 1457 ritum,
303 1384 450 1443 extremo
471 1368 537 1442 sibi
555 1427 563 1457 ,
582 1385 620 1442 ut
643 1370 711 1468 ipsi
728 1369 914 1467 potebant,
935 1369 1148 1444 matrimonio
1170 1397 1275 1469 oopu-

160 1481 257 1556 lutos.
286 1484 423 1556 Summa
446 1484 596 1557 omnium
620 1484 807 1582 expectatio
824 1483 974 1557 virorum
992 1484 1117 1583 pariter
1139 1509 1180 1558 ao
1206 1483 1275 1558 ioe-

162 1598 349 1685 minarum,
370 1613 447 1697 post
463 1614 573 1673 tantas
590 1598 692 1672 rudes
710 1599 789 1698 quis
806 1625 907 1698 quem
925 1600 1020 1697 prius
1034 1598 1175 1672 efferret.
1193 1598 1278 1671 llicit

161 1712 320 1797 maritus,
350 1728 399 1801 et,
422 1713 525 1785 totius
540 1711 640 1786 Urbis
658 1711 783 1812 populo
801 1713 1007 1800 oonlluente,
1028 1728 1227 1799 coronatus,
1246 1727 1280 1786 et

161 1826 309 1925 palmam
321 1842 439 1900 tenens
452 1827 698 1926 adoreamque,
714 1853 775 1925 per
786 1827 939 1924 singulos
957 1826 1023 1901 sibi
1037 1827 1274 1914 acclamantes,

161 1941 276 2015 uxoris
299 1941 507 2015 multinubae
532 1942 688 2015 feretrum
713 1941 949 2040 praeoedebat.
984 1942 1075 2029 Quid
1101 1943 1275 2030 disemus,

162 2058 292 2146 subdit,
314 2056 371 2130 tali
389 2055 545 2129 mulieri?
563 2058 689 2157 Nempe
707 2056 814 2144 illud,
836 2058 926 2157 quod
948 2058 1113 2132 Dominus
1137 2058 1280 2131 Samari-

161 2188 284 2245 tanae:
305 2171 423 2269 viginti
441 2172 527 2246 dnos
549 2171 698 2245 habuisti
724 2171 884 2258 maritos,
913 2189 946 2245 et
967 2173 1031 2246 iste
1052 2199 1073 2245 a
1095 2198 1165 2272 quo
1190 2172 1280 2245 nune

161 2285 337 2385 sepeliris,
358 2313 425 2360 non
442 2303 493 2360 est
510 2302 587 2360 tuus
603 2289 742 2382 (103).»
759 2288 843 2359 Nam
860 2286 895 2358 in
910 2286 976 2360 bae
994 2287 1070 2385 ipsa
1086 2286 1231 2387 epistola
1243 2286 1279 2358 in

161 2428 230 2500 qua
251 2401 316 2475 hoo
337 2400 459 2474 iactum
478 2403 598 2488 refert,
626 2418 741 2500 aperte
758 2416 963 2500 protestatur
980 2428 1018 2475 se
1035 2428 1101 2474 non
1119 2401 1281 2475 damnare

163 2516 346 2612 digamiam
370 2515 507 2589 dicens:
532 2514 655 2601 «Quid
676 2514 803 2613 igitur?
820 2516 1022 2589 damnamus
1040 2515 1191 2589 seeundo
1208 2541 1281 2588 ma-

163 2628 342 2702 trimonia?
367 2630 473 2703 absit:
503 2629 565 2703 sed
585 2655 802 2726 monogamos
823 2630 866 2701 ad
891 2629 1138 2703 continentiam
1165 2655 1281 2727 proro-

164 2770 316 2817 eamus.»
344 2744 440 2832 Quod
467 2761 579 2817 autem
604 2744 679 2817 heio
705 2744 822 2817 scribit
847 2772 876 2818 s.
894 2744 1119 2845 Hieronymus
1138 2742 1280 2840 intelligi

165 2884 309 2959 aequum
333 2876 386 2934 est
410 2885 476 2933 non
500 2860 545 2933 de
565 2859 681 2933 stricta
704 2875 831 2932 tontum
857 2858 1023 2958 digamia,
1047 2859 1108 2933 sed
1128 2858 1170 2931 de
1189 2859 1281 2958 polp-

238 3114 305 3177 (ιιι)
321 3113 459 3165 Notandum
475 3117 512 3165 est
525 3128 575 3165 non
586 3115 661 3166 modo
672 3119 828 3167 sirenosum
839 3128 884 3180 pro
893 3118 961 3168 certo
972 3115 1201 3180 habuissequatuor
1215 3115 1282 3166 viros

162 3207 226 3259 qnos
243 3194 330 3244 babuit
344 3195 496 3245 samaritana
514 3199 570 3259 post
589 3197 695 3259 primum
713 3209 762 3246 non
781 3196 857 3247 irrisae
877 3197 998 3260 legitimos
1019 3197 1073 3248 eius
1088 3197 1173 3259 viros,
1196 3195 1283 3248 saitem

163 3288 192 3325 ex
211 3274 386 3325 nonnullorum
409 3275 622 3338 interpretatione,
642 3281 671 3327 ut
688 3276 812 3339 vidimus,
829 3276 907 3327 sedid
918 3278 998 3341 ipsum
1010 3278 1117 3328 tenuisse
1134 3277 1281 3327 s.Basiiium

165 3354 236 3418 epist
248 3354 289 3405 ed.
304 3357 383 3405 Maur.
399 3362 450 3405 iss.
464 3354 506 3405 nbi
517 3368 572 3405 mn.
587 3360 612 3406 4.
624 3354 725 3406 scribit:
745 3372 757 3399 s
766 3358 924 3420 Quapropter
934 3358 959 3407 et
969 3356 1089 3407 muninus
1103 3356 1283 3417 Samaritanae,

162 3446 226 3495 onae
236 3433 338 3484 maritos
348 3434 458 3498 quinque
473 3447 516 3498 per
530 3434 597 3485 rioes
613 3434 746 3497 habuerat,
766 3447 844 3499 quem
860 3447 930 3485 nono
941 3470 949 3498 ,
965 3434 1061 3499 inquit,
1079 3434 1160 3485 botes
1170 3436 1285 3485 moritus

164 3526 215 3563 ooo
231 3515 284 3563 est:
301 3514 397 3577 Quippe
412 3512 479 3577 quod
497 3514 533 3576 ii,
552 3513 595 3576 qot
607 3513 728 3576 digamiae
746 3527 859 3563 mensura
881 3513 1039 3577 exciderunt,
1057 3511 1124 3575 digni
1146 3525 1195 3562 non
1207 3514 1280 3574 sunt,

165 3593 208 3655 qui
229 3593 268 3643 sel
288 3593 423 3643 meritive!
440 3591 524 3643 uxoris
540 3593 639 3643 nomine
656 3593 818 3655 appellentur.
830 3612 843 3637 s
864 3592 981 3656 idemque
997 3592 1120 3643 censuisse
1132 3604 1153 3642 s.
1164 3590 1282 3655 Hierony·

168 3686 245 3723 mum.
263 3674 296 3723 nt
311 3671 420 3723 dubitari
443 3672 530 3736 nequit
540 3672 607 3722 viros
624 3672 721 3722 iliosde
731 3672 823 3735 quibus
841 3672 951 3736 loquitur
962 3672 1074 3723 christus
1090 3670 1234 3722 rmeiuisso
1249 3671 1283 3722 ie·

163 3753 276 3817 ptimoe,
299 3753 336 3804 uti
347 3767 368 3803 s.
383 3753 543 3816 Augustinus,
561 3750 646 3815 Beda,
663 3753 805 3816 Entymins,
827 3752 919 3816 aliique
936 3752 1026 3817 passim
1045 3751 1149 3812 docent,
1161 3752 1236 3815 atque
1255 3754 1285 3802 ut

165 3832 240 3883 etiam
255 3834 322 3897 patet
332 3846 362 3882 ex
374 3832 490 3884 antithesi
501 3846 575 3896 quam
587 3832 694 3883 Instituit
702 3833 815 3883 suvetot
832 3832 895 3883 inter
913 3832 1023 3896 quinque
1038 3831 1131 3896 priores
1142 3830 1210 3882 viros
1222 3844 1286 3895 quos

163 3912 250 3963 mouit
270 3912 359 3962 muller
379 3912 437 3972 ilia,
459 3914 485 3963 et
494 3914 591 3963 sextum
606 3926 680 3976 quan
690 3912 752 3963 dicit
761 3926 812 3963 non
823 3912 899 3963 tuisse
910 3912 963 3963 eius
981 3912 1070 3962 virum.
1083 3913 1212 3963 Praeterea
1226 3923 1284 3963 eun·

163 3992 213 4040 stat
227 3991 253 4040 in
267 3991 344 4041 reteri
356 3991 409 4054 iege
423 4004 559 4055 numquam
574 3991 737 4055 polygamiam
751 3990 914 4042 suecessivam
932 3990 1006 4042 tuisse
1020 3990 1184 4055 prohibitum,
1198 4003 1228 4041 ao
1243 3989 1283 4041 tle·

161 4070 318 4120 &minatam
338 4070 371 4120 sd
393 4070 529 4121 seeundum
552 4072 649 4121 tanturn
671 4072 821 4135 coniugium.
839 4074 919 4121 lmmo
937 4072 1004 4135 patet
1022 4072 1109 4122 sutem
1129 4073 1222 4135 septem
1240 4084 1282 4134 po·

160 4149 238 4199 tuisse
252 4148 381 4200 molieram
392 4148 453 4199 viris
469 4149 606 4201 summaire
621 4147 730 4210 nubere,
743 4162 773 4199 er
788 4162 848 4200 essu
861 4149 1032 4201 amdduoseis
1044 4149 1143 4201 ctrristo
1159 4149 1285 4215 proposito

160 4229 196 4280 tia
208 4231 301 4295 septem
318 4230 437 4282 intribns
447 4267 455 4294 ,
466 4231 511 4295 oui
531 4231 668 4282 somessire
683 4230 795 4281 mmdem
811 4231 940 4281 mulierem
953 4230 980 4281 in
997 4244 1099 4283 uxorem
1118 4233 1284 4297 msoaputot.

161 4309 201 4358 ci.
214 4310 350 4362 Saimerou.
361 4311 387 4360 in
400 4313 420 4361 1.
432 4311 464 4361 ati
476 4313 534 4361 cor.
545 4324 568 4361 e.
577 4313 633 4360 vil.
650 4310 748 4361 (lornei.
771 4322 787 4361 a
805 4310 902 4375 Lupia
917 4325 971 4374 esp.
987 4313 1028 4361 lv.
1041 4326 1062 4362 s.
1079 4314 1147 4363 ioan.

243 4389 310 4453 (tos)
330 4390 406 4453 Epist.
423 4391 532 4441 cxxiii.
544 4389 576 4439 ao
591 4390 710 4452 Agameb.
725 4402 751 4439 n.
770 4397 806 4440 lo.
