3234 5084
376 420 444 471 car.
462 423 494 469 v.
511 420 551 470 nr
568 420 676 471 sotor.
695 422 820 471 iurem.
838 422 932 473 utra.
949 424 1019 473 sir.
1032 423 1068 473 n.
1226 400 1293 472 llt

187 541 335 639 recipere
360 552 538 638 pateretur.
559 536 663 610 blulto
683 562 763 611 vero
787 537 899 611 minus
916 538 982 611 sibi
1004 564 1078 611 eam
1101 540 1295 615 reconcilia·
1358 606 1362 617 .

185 656 252 741 bit,
280 655 428 754 quaein
453 652 541 726 male
566 669 721 752 suscepto
747 653 866 726 itinere
890 655 1070 741 consistat,
1100 670 1160 726 aut
1187 657 1295 730 conti-

186 797 286 843 nnam
311 768 354 841 de
379 794 417 843 se
441 766 667 866 suspicionem
693 767 851 868 praebeat
870 770 959 864 (33).

257 884 375 983 ltaque
391 907 459 955 non
476 880 543 954 alia
561 882 691 955 ratione
709 881 763 955 his
780 880 880 955 malis
897 883 1025 955 occurri
1045 898 1170 982 potest,
1191 910 1292 985 quam

184 997 407 1071 dissolutione
431 996 595 1095 perfecta,
624 1022 692 1096 qua
716 995 857 1069 liberum
883 997 928 1069 sit
944 997 1126 1097 unicuique
1142 999 1186 1071 ad
1208 1026 1294 1074 nora

187 1112 332 1186 transire
354 1126 443 1185 vota.
471 1112 586 1210 Neque
609 1110 729 1183 exinde
753 1110 938 1210 periculum
970 1113 1122 1186 imminet
1149 1112 1295 1189 dissolu-

186 1225 337 1300 tionibus
364 1225 552 1324 pcrpetuis;
587 1240 625 1298 ut
657 1225 746 1297 enim
773 1225 836 1297 rite
860 1224 1138 1299 animadverterat
1167 1226 1293 1301 iamdiu

186 1341 366 1426 Erasmus,
394 1339 437 1412 id
458 1339 756 1439 pertimescendum
777 1355 933 1426 nonest,
962 1339 1125 1439 «quando
1147 1356 1180 1414 et
1204 1343 1292 1442 apud

185 1454 338 1528 ethnicos
355 1480 437 1527 suus
454 1454 629 1528 constabat
645 1453 752 1527 honos
770 1452 993 1557 matrimonio,
1011 1454 1101 1552 apud
1118 1452 1204 1553 quos
1224 1452 1295 1528 mu·

187 1585 282 1642 tuum
300 1584 372 1642 erat
386 1568 521 1663 divortii
539 1568 613 1654 ius,
633 1583 752 1641 utnon
770 1585 893 1640 umere
914 1569 1109 1642 umentis
1127 1594 1201 1643 rara
1217 1595 1294 1644 esse

187 1683 357 1758 divortia?
374 1683 460 1757 Cura
476 1700 599 1757 utnon
622 1699 688 1755 tam
714 1681 813 1755 [anile
835 1696 953 1756 coeant
975 1684 1143 1782 coniugia.
1164 1685 1293 1758 ludicio

185 1810 458 1874 commoneant
481 1797 677 1871 auctoritate
702 1811 894 1896 parentum,
921 1812 979 1868 eut
1007 1822 1122 1870 eorum
1151 1823 1292 1897 quornm

184 1915 337 1989 interest:
367 1911 648 2013 quemadmodum
673 1910 763 2009 apud
789 1909 972 1998 hebraeos,
999 1910 1155 2009 graecos,
1184 1939 1292 1987 romu·

185 2054 248 2103 noe
273 2053 314 2101 ac
339 2025 500 2100 barbaros
525 2024 607 2099 olim
632 2026 722 2099 coire
747 2022 900 2098 solebant
918 2028 1033 2121 (34).»

214 2196 218 2205 .
254 2143 374 2215 Verum
400 2141 459 2240 qni
484 2140 530 2214 ita
554 2139 746 2225 dissemnt,
775 2165 845 2212 rem
872 2140 937 2215 sub
961 2141 1062 2215 unico
1087 2157 1215 2216 tantum
1232 2142 1292 2216 ad-

186 2266 304 2356 spectu
320 2254 512 2355 expendunt
527 2279 635 2353 eoque
646 2254 822 2343 debiliori,
840 2258 899 2357 qni
911 2256 1151 2355 cupiditatibus
1163 2258 1288 2343 iamt,

184 2368 438 2443 dissimulantes
463 2374 550 2469 qnae
574 2395 615 2443 ex
639 2368 900 2444 dissolubilitate
925 2370 1156 2468 coniugiorum
1181 2372 1292 2444 immi-

183 2500 315 2572 nerent,
344 2485 447 2559 immo
470 2502 561 2558 certo
586 2485 800 2583 provenirent
823 2484 911 2558 mala'
936 2501 1007 2559 tum
1032 2486 1182 2561 societati
1212 2512 1291 2560 con-

182 2597 332 2686 nubiali,
353 2606 422 2672 tum
440 2597 546 2698 proli,
574 2613 644 2671 tum
668 2597 873 2697 reipublicae
888 2599 968 2698 ipsi.
988 2600 1060 2673 Non
1082 2599 1293 2700 perpendunt

178 2738 294 2786 verum
320 2712 492 2810 religionis
517 2712 721 2786 christianae
746 2727 895 2811 systema
925 2737 986 2785 seu
1017 2712 1195 2812 spiritum,
1229 2714 1291 2787 neo

180 2828 319 2901 virtutes
343 2853 430 2927 quas
454 2826 578 2900 Christi
605 2826 722 2924 religio
747 2827 894 2912 suadet,
927 2842 961 2899 et
990 2826 1034 2899 ad
1065 2828 1151 2926 quas
1185 2830 1290 2903 culto-

182 2965 237 3013 res
261 2966 341 3014 suos
366 2940 507 3015 inducit.
528 2940 631 3013 Nihili
659 2941 785 3039 iaciunt
811 2941 1009 3015 detrimenta
1031 2939 1130 3039 longe
1151 2943 1286 3042 peiora,

181 3081 268 3155 quae
291 3081 332 3129 er
356 3056 422 3130 illis
447 3056 638 3130 theoreticis
664 3057 844 3156 principiis
862 3057 897 3128 in
916 3056 1011 3155 praxi
1030 3073 1150 3155 suapte
1170 3074 1290 3133 natura

180 3187 366 3245 manarent.
943 3240 946 3245 .
982 3173 986 3181 ’

251 3285 339 3359 Sane
363 3286 393 3358 si
419 3287 645 3361 auscultemus
662 3287 821 3373 Erasmo,
843 3312 910 3360 non
936 3286 1043 3361 solum
1068 3286 1112 3360 oh
1133 3284 1288 3358 adulterii

179 3400 325 3485 crimen,
353 3424 468 3473 verum
493 3401 594 3474 etiam
619 3401 663 3475 ob
681 3401 869 3475 animorum
886 3399 1097 3485 dissensum,
1119 3399 1162 3473 ob
1179 3400 1285 3484 rixas,

179 3512 223 3586 ob
247 3503 382 3587 mutuas
410 3512 618 3601 simultates,
645 3530 747 3616 atque
771 3501 1028 3588 detinebunt
1053 3513 1180 3587 linitum
1207 3514 1290 3586 foret

178 3626 368 3701 discindere
393 3627 561 3724 coniugia.
583 3629 724 3704 Possent
739 3645 911 3730 praeterea
928 3628 1103 3703 dissociari
1121 3627 1289 3702 connubia

178 3742 310 3829 omnia,
327 3768 416 3843 quae
427 3743 539 3817 minue
553 3744 762 3818 considerate
773 3744 952 3819 coniuncta
962 3744 1050 3829 sint,
1066 3756 1167 3843 atque
1183 3742 1287 3816 animi

178 3852 313 3930 levitate
336 3871 518 3931 contracta.
540 3857 621 3930 ltem
649 3882 706 3945 ea,
735 3884 822 3957 quae
846 3858 970 3932 suerint
995 3856 1171 3932 conciliata
1197 3854 1290 3929 leno·

248 4093 299 4156 (tt)
316 4094 353 4145 lta
367 4094 557 4159 Werhmetster,
573 4097 647 4158 Betr,
663 4096 755 4149 socher
769 4096 862 4161 aliique
877 4109 927 4147 non
946 4096 1034 4160 exigno
1054 4090 1234 4157 namucense
1251 4090 1290 4144 rel

176 4172 272 4223 censuit
284 4171 316 4223 cl.
332 4174 476 4238 noetnvny
492 4189 533 4240 op.
547 4177 590 4227 cit.
608 4180 646 4228 De
662 4175 753 4228 tndtss.
770 4180 851 4228 metr.
863 4174 902 4240 §§.
915 4181 995 4227 toto.
1013 4176 1038 4225 et
1056 4175 1145 4225 iterum
1159 4172 1182 4237 ς.
1196 4176 1234 4223 37.
1246 4172 1287 4223 ubi

178 4253 287 4315 ipsorum
302 4255 445 4315 anunente
462 4254 562 4318 profert.

248 4332 301 4397 (tt)
316 4333 374 4384 boc.
385 4333 427 4383 ett.
438 4333 485 4384 ent.
497 4338 553 4386 tot.
564 4340 618 4387 iot.
