3234 5084
265 442 335 537 car.
352 482 400 536 ιιι.
418 484 458 534 us
471 482 568 535 sunsu
580 483 672 534 rain.
688 480 772 536 cmc.
789 482 901 536 mnrss.
918 483 1016 536 aira.
1032 484 1103 535 aar.
1120 485 1155 540 u.
1211 465 1282 537 383

170 630 227 681 sor
257 601 443 689 habeatur,
472 602 530 703 qui
560 625 738 702 personam
771 601 846 676 eius
878 601 1011 693 mariti,
1039 604 1098 704 qui
1123 604 1191 678 ism
1216 630 1283 679 non

169 745 245 793 esse
268 714 543 804 existimabatur,
573 717 769 817 assumpsit.
791 717 847 792 Sic
870 718 961 792 enim
986 718 1111 807 multa,
1132 744 1220 820 quae
1240 720 1283 794 ad

169 832 314 934 eosqui
345 833 380 903 in
411 830 642 932 captiuitatem
671 830 762 904 ducti
790 846 871 906 sunt
899 831 1132 932 pertinebant,
1165 833 1201 906 in
1231 833 1286 907 ius

170 947 317 1023 alienum
350 946 496 1021 transire
528 961 725 1046 potuerunt:
754 961 787 1021 ct
820 963 932 1021 tamen
966 947 1102 1047 plenum
1137 948 1291 1022 iustitiae*

169 1079 232 1150 cst,
253 1077 291 1135 ut
310 1061 432 1134 iisdem
459 1059 625 1149 reversis,
654 1062 788 1162 propria
811 1060 1043 1135 reformentur.
1064 1060 1162 1148 Quod
1191 1062 1221 1137 si
1248 1063 1283 1135 in

170 1177 368 1277 mancipiis,
383 1175 437 1249 vel
450 1176 483 1248 in
498 1175 608 1274 agris,
628 1193 687 1249 aut
703 1176 803 1251 etiam
818 1176 852 1248 in
866 1176 1024 1249 domibus
1041 1201 1082 1250 ac
1099 1177 1285 1277 possessio

170 1292 272 1364 nibus
297 1291 359 1365 rite
384 1306 552 1365 servetur:
573 1306 700 1390 quanto
720 1291 830 1389 magis
857 1289 891 1364 iu
917 1291 1149 1390 coniugiorum
1174 1289 1284 1365 redin-

171 1407 355 1504 tegratione
378 1405 568 1479 laciendum
593 1421 664 1493 est,
685 1421 722 1479 ut
738 1405 830 1508 quod
855 1405 977 1479 bellica
1002 1407 1202 1481 necessitate
1218 1421 1285 1479 tur·

170 1521 286 1594 batum
307 1537 373 1609 est,
394 1522 488 1620 pacis
514 1520 662 1596 remedio
686 1516 910 1595 reformetur?
926 1521 968 1594 Et
985 1522 1061 1596 ideo
1078 1522 1108 1595 si
1125 1521 1189 1595 viri
1207 1538 1285 1621 post

170 1635 303 1734 longam
325 1635 551 1735 captivitatem
569 1637 716 1725 reversi,
738 1636 784 1709 ita
800 1637 836 1708 in
853 1635 1033 1710 dilectione
1049 1662 1187 1711 suarum
1203 1662 1284 1710 con-

171 1752 286 1850 iugum
311 1767 545 1851 perseverant,
574 1768 613 1825 ut
636 1777 695 1826 eas
724 1751 864 1851 cupient
888 1751 923 1824 in
949 1779 1048 1826 suum
1073 1751 1184 1825 redire
1208 1777 1284 1826 con·

169 1867 330 1955 sortium,
351 1868 571 1942 omittendum
590 1882 659 1956 est3
680 1883 713 1943 et
730 1866 937 1967 inculpabile
954 1866 1174 1942 iudicandum
1191 1868 1284 1968 quod

170 1982 355 2057 necessitas
382 1982 515 2072 intulit,
535 1998 569 2056 et
586 1982 830 2058 restituendum
855 1981 1021 2082 estquod
1048 1983 1133 2059 fides
1158 1984 1279 2084 poscit.

168 2098 203 2170 Si
229 2112 342 2172 autem
367 2095 503 2199 aliquae
526 2096 683 2172 mulieres
700 2096 748 2172 its
766 2098 989 2198 posteriorum
1005 2100 1152 2174 rimrum
1169 2124 1285 2174 amore

169 2228 250 2287 suut
275 2228 414 2314 captae,
435 2226 473 2286 ut
488 2213 607 2287 malint
622 2212 679 2289 his
696 2212 894 2303 cohaerere,
914 2239 1017 2314 quam
1036 2213 1080 2287 ad
1096 2213 1283 2312 legitimum

171 2327 281 2403 redire
305 2328 527 2417 consortium,
548 2329 668 2403 merito
686 2345 767 2403 sunt
782 2330 969 2404 notandae:
991 2330 1039 2404 ita
1055 2345 1094 2403 ut
1109 2329 1210 2403 etism
1227 2356 1284 2405 ece

170 2441 361 2518 clesiastica
384 2443 619 2518 communione
643 2446 834 2544 prirentur,
856 2470 944 2545 quae
968 2443 1011 2517 da
1036 2470 1073 2518 re
1097 2442 1282 2519 excambili

169 2558 486 2634 contaminationem
512 2557 663 2633 criminis
688 2557 874 2656 elegerint3
902 2559 1117 2633 ostendentes
1147 2558 1285 2634 sibimet

169 2700 231 2775 pro
243 2701 307 2750 sua
318 2674 559 2751 incontinentia
575 2674 765 2775 placuisse,
785 2672 877 2774 quod
894 2674 984 2749 insta
1001 2675 1157 2749 remissio
1175 2675 1284 2774 potuit

170 2789 317 2888 expiare.
336 2790 485 2866 lledeant
509 2816 589 2892 ergo
614 2790 658 2865 ad
683 2816 783 2865 suum
808 2806 932 2865 statum
956 2790 1145 2866 voluntaria
1170 2789 1294 2864 redin-·

172 2906 355 3004 tegraticne
371 2908 539 3007 coniugia:
560 2934 670 3010 neque
686 2907 756 2983 ullo
772 2907 928 2983 modoad
942 2907 1160 3010 opprobrium
1173 2906 1282 2982 malsc

169 3019 351 3097 voluntatis
383 3023 539 3113 trabant,
571 3024 663 3125 quod
694 3024 843 3099 conditio
872 3024 1086 3099 necessitatis
1115 3024 1278 3100 extorsit:

169 3138 251 3239 qnia
277 3137 366 3211 sicut
386 3136 452 3213 hae
476 3139 653 3223 mulieres,
680 3165 772 3239 quae
794 3140 913 3214 reuerti
938 3140 980 3214 ad
1005 3140 1096 3217 viros
1122 3166 1203 3216 suos
1220 3166 1282 3216 no-

170 3251 263 3339 lunt,
292 3251 417 3353 impiae
440 3267 521 3328 sunt
549 3252 744 3340 habendne;
773 3254 821 3328 ita
847 3253 924 3329 illae
949 3281 1038 3355 quac
1063 3255 1097 3327 in
1122 3254 1281 3330 allectum

170 3390 210 3454 ex,
234 3367 305 3442 Deo
331 3366 450 3441 initum
476 3367 637 3456 redeunt,
664 3368 781 3444 merito
805 3388 887 3447 sunt
907 3369 1096 3447 laudabiles
1125 3359 1280 3445 iudicen-

170 3482 233 3558 duc
253 3485 391 3581 (mlo

241 3597 292 3671 llx
306 3599 361 3674 his
375 3601 537 3701 Stephani
552 3604 595 3677 ll.
608 3605 781 3704 responsis
800 3604 910 3678 medio
927 3619 1044 3679 octavo
1061 3600 1176 3677 seculo
1192 3599 1281 3674 datis

173 3711 207 3784 in
223 3710 340 3788 Galliis
357 3714 494 3792 biennio
511 3734 589 3818 post
605 3718 738 3794 concilii
755 3720 991 3795 vermeriensis
1008 3718 1277 3804 celebrationem,

172 3827 334 3903 discimus
352 3832 503 3906 eamdem
522 3833 832 3910 indissolubilitatis
849 3852 1015 3911 servatam
1032 3836 1137 3910 luisse
1158 3830 1281 3906 doctri·

172 3968 250 4014 nam
263 3945 350 4019 circa
364 3947 554 4025 firmitatem
568 3949 747 4039 connubii,
763 3978 851 4052 quae
863 3952 905 4026 ab
920 3951 1116 4025 lnnncentio
1128 3967 1162 4024 et
1172 3949 1282 4021 Leone

171 4056 292 4155 llagno
313 4057 370 4133 hic
392 4065 659 4139 commemoratis
685 4066 806 4140 tradita
832 4066 948 4142 fuerat.
971 4065 1144 4141 Coniicere
1160 4062 1282 4138 exinde
1363 4119 1368 4129 .

241 4244 310 4307 (tat)
323 4248 390 4297 Acts
402 4251 543 4301 ennltmd.
554 4253 615 4304 tom.
625 4254 669 4304 ΙΙΙ.
678 4253 726 4304 col.
741 4260 799 4305 tues
811 4265 880 4318 seqq.
894 4254 919 4304 et
929 4250 969 4304 ed.
980 4249 1096 4303 Ballerln.
1110 4254 1174 4317 epp.
1189 4266 1210 4304 s.
1220 4254 1279 4304 Leo·

171 4323 209 4375 nis
217 4337 257 4389 ep.
266 4326 350 4377 cmx.
363 4340 416 4391 cip.
429 4331 493 4381 Ην,
505 4332 553 4382 col.
567 4334 813 4399 scommaticum
823 4332 955 4385 occurrunt
969 4332 1033 4383 tuter
1042 4334 1174 4396 utrumque
1184 4334 1280 4384 textum

169 4404 291 4457 rarlsutes
306 4406 422 4457 lectiones
437 4408 529 4461 nulllus
544 4410 594 4460 lere
610 4412 734 4462 momenti.
