3234 5084
329 436 400 487 mr.
414 437 450 487 n.
463 438 503 489 nr
521 438 634 490 mrrss.
651 440 747 491 asra.
763 438 797 491 ru
809 438 900 491 erus.
917 439 1030 491 rrum.
1046 434 1178 493 raum.
1258 420 1327 493 ΜΒ

205 559 352 646 duxerit,
368 555 584 644 moechatur,
601 573 635 631 et
648 556 707 658 qui
729 557 906 633 dimissam
918 559 1069 646 duxerit,
1086 560 1327 649 moechatur-‚o

205 674 298 749 hand
325 674 479 774 potuisse
503 698 564 771 per
588 674 818 773 exceptionem
844 673 1075 749 lomioationis
1095 676 1271 771 restituere
1291 676 1330 750 li·

203 789 331 864 bellum
358 787 491 888 repudii
517 786 630 863 dando
654 787 868 879 facultatem,
897 789 959 864 illa
988 790 1261 879 interveniente,
1278 792 1331 865 di-

205 902 359 978 mittendi
380 928 518 977 uxorem
535 901 706 1002 aliamque
724 903 884 979 ducendi.
905 904 980 991 Qua
996 905 1034 977 in
1051 905 1232 1007 hypothesi
1249 933 1328 982 con-

203 1020 346 1091 trarium
370 1018 445 1117 ipse
471 1043 509 1090 se
532 1016 747 1116 praebuisset
771 1019 821 1091 illi
842 1020 1008 1107 firmitati,
1035 1046 1138 1119 quam
1164 1021 1208 1095 ab
1232 1022 1328 1097 initio

203 1135 297 1208 Deus
310 1134 346 1206 in
358 1134 515 1231 coniugio
536 1133 745 1222 instituerat,
766 1163 937 1236 quamque
959 1136 1027 1210 sibi
1045 1136 1233 1212 instaurare
1251 1165 1329 1238 pro-

205 1267 376 1350 posuerat.
401 1248 566 1336 Quocirca
588 1251 653 1325 hoc
674 1253 770 1351 ipso,
794 1252 885 1352 qaod
911 1251 1083 1351 pharisaei
1108 1252 1329 1351 interrogave-

202 1384 284 1440 runt
307 1364 480 1439 Christum
500 1366 544 1438 de
570 1367 795 1442 dissolutione
814 1367 963 1465 coniugii
986 1367 1100 1468 quoad
1129 1367 1326 1455 vinculum,

201 1480 238 1553 et
260 1482 394 1580 Moyses
415 1505 490 1553 eam
516 1478 625 1577 legem
651 1480 764 1580 quoad
790 1481 963 1555 vinculum
989 1480 1177 1555 indulserat
1195 1481 1238 1556 ob
1255 1508 1329 1557 eor-

200 1594 258 1669 dis
275 1595 457 1683 duritiam,
479 1594 546 1670 noa
566 1596 673 1695 potuit
690 1596 846 1671 Christus
872 1596 941 1671 illis
961 1596 1095 1671 verbis:
1124 1600 1193 1671 nisi
1207 1598 1246 1670 oh
1263 1599 1329 1696 for-

202 1712 417 1795 nicationem,
432 1710 600 1783 eiusmodi
620 1710 784 1807 llagitium
803 1727 974 1811 tamquam
987 1711 1171 1810 legitimam
1188 1738 1326 1786 oausam

201 1823 437 1899 dissolutionis
461 1825 587 1899 duculi
609 1826 798 1924 coniugalis
816 1828 1012 1926 assignare3
1038 1828 1188 1928 alioquin
1205 1844 1239 1902 et
1256 1828 1322 1902 sibi

204 1940 270 2041 ipsi
296 1938 419 2013 luisset
442 1940 630 2014 conuenae
656 1955 690 2013 et
714 1940 908 2040 primaevae
938 1942 1140 2016 institutioni
1172 1943 1320 2017 divinae.

205 2053 362 2128 Permisit
386 2054 502 2155 itaque
524 2053 568 2129 ob
593 2054 847 2129 fornicationem
872 2081 1009 2131 uxorem
1036 2056 1223 2145 dimittere,
1250 2058 1325 2130 rin-

198 2167 278 2243 culo
302 2184 415 2243 mmen
440 2168 589 2267 coniugii
614 2188 858 2269 permanente,
893 2198 955 2245 seu
980 2171 1134 2271 permisit
1160 2172 1328 2246 dimittere

201 2285 301 2358 unice
325 2284 439 2384 quoad
465 2301 575 2359 torum
603 2290 637 2358 et
660 2286 956 2360 cohabitationem.

273 2398 325 2471 hd
351 2397 437 2472 haee
461 2399 610 2488 accedit,
635 2400 727 2500 quod
753 2401 784 2474 si
802 2400 957 2475 Christus
977 2401 1020 2474 de
1041 2402 1233 2475 omnimoda
1248 2403 1324 2476 rin·
1430 2490 1437 2501 Δ

198 2512 267 2587 oali
280 2513 502 2587 dissolutione
517 2513 649 2588 locutus
668 2514 790 2589 fuisset
801 2515 838 2587 in
851 2516 961 2615 primo
977 2515 1135 2590 versiculi
1150 2518 1184 2589 9.
1207 2515 1322 2615 hemy·

198 2628 349 2702 stichio:
380 2627 585 2726 Quicumque
601 2627 766 2702 dimouit
790 2656 927 2703 onmem
953 2654 1069 2714 soom,
1096 2630 1165 2701 nisi
1192 2630 1231 2700 ob
1253 2630 1323 2728 sor-

199 2744 413 2826 oicotr'ooem,
440 2766 517 2815 oum
544 2741 580 2815 in
601 2741 666 2816 hae
692 2742 875 2843 hypothesi
893 2745 961 2818 iam
985 2741 1325 2843 comprehenderetur

200 2857 343 2932 houltas
365 2856 502 2931 alteram
524 2857 671 2932 ducendi
688 2885 845 2948 uxorem,
871 2859 1041 2960 superflue
1064 2857 1270 2933 addidisset:
1292 2872 1324 2930 ct

198 2975 304 3047 aliem
325 2974 484 3059 decenn
511 2999 591 3047 nam
622 2974 657 3047 id
683 2973 796 3074 ipsum
823 2975 891 3048 iam
912 2974 1055 3049 dixisset
1074 2975 1324 3075 aequivalenter

199 3089 371 3190 prioribus
393 3088 520 3162 uerbis.
541 3090 590 3162 Ne
613 3089 716 3187 igitur
737 3116 989 3191 supervacanea
1007 3090 1172 3165 eiusmodi
1193 3089 1324 3163 additio

197 3204 414 3292 admittatur,
442 3205 636 3279 necessario
661 3206 816 3306 sequitur
839 3207 950 3307 prima
975 3207 1079 3282 verba
1103 3204 1323 3304 intelligenda

197 3347 276 3396 esse
301 3320 345 3395 de
365 3320 553 3393 Mummio
571 3321 684 3420 quoad
700 3337 810 3395 torum
832 3338 866 3397 et
890 3321 1159 3409 habitationem,
1179 3347 1246 3395 non
1265 3348 1323 3395 au·

197 3453 266 3511 tem
291 3437 404 3537 quoad
431 3435 604 3509 vinculum
625 3439 714 3532 (tt).

272 3556 306 3626 3.
336 3554 462 3652 lleipsa
485 3577 679 3651 germanam
705 3552 793 3626 hanc
814 3577 892 3627 esse
915 3552 1040 3627 Christi
1060 3551 1260 3626 maantam
1278 3576 1320 3624 ex

199 3668 346 3757 ratione,
374 3694 443 3769 qua
466 3694 542 3741 eam
566 3666 800 3742 intellexerunt
823 3668 1001 3770 discipuli,
1027 3668 1242 3742 manifestum
1264 3666 1313 3740 fit.

199 3784 283 3856 Nam
307 3810 384 3857 cum
406 3783 578 3858 Christum
604 3784 670 3884 ipsi
694 3784 872 3859 audissent
891 3785 1077 3859 dicentem:
1104 3784 1319 3882 Quicumque

195 3896 299 3971 aliam
324 3898 458 3973 duxerit
475 3902 619 3971 'uxorem
645 3899 749 3997 priori
775 3898 943 3988 dimissa,
972 3915 1005 3972 et
1029 3898 1088 3998 qui
1110 3897 1244 3971 duxerit
1268 3896 1318 3968 di·

196 4014 337 4087 missam
354 4015 455 4088 etium
473 4014 517 4089 ob
539 4013 793 4089 iomicationem
808 4016 1002 4104 moechari,
1025 4015 1116 4088 illico
1137 4012 1250 4087 mirati
1269 4014 1319 4085 di·

196 4146 340 4204 xerunt:
371 4131 440 4203 «Si
466 4131 514 4204 ita
536 4148 589 4205 est
612 4157 717 4205 causa
741 4130 890 4205 hominis
910 4158 988 4205 eum
1014 4156 1137 4219 uxore,
1166 4157 1235 4206 non
1258 4156 1318 4205 ex·

273 4414 323 4480 (95)
339 4416 378 4468 cr.
391 4417 570 4469 salmerontum
588 4418 649 4468 tom.
665 4419 732 4468 vlu.
745 4416 818 4468 huot.
832 4406 941 4469 xnvru.
954 4415 993 4467 ed.
1006 4415 1048 4470 cit.
1061 4429 1116 4481 pag.
1130 4418 1184 4468 ⁸77.
