3234 5084
374 458 442 528 tos
518 479 636 529 unul.
654 478 739 528 sacr.
756 479 886 528 ιιιιιι.
902 479 943 528 uu
961 479 1071 529 rnnrss.
1089 479 1183 529 nuru.
1199 478 1322 529 cnarsr.

372 599 459 668 niter
475 613 700 695 exposuemnt
717 598 911 684 conventui,
929 614 1072 670 vetarem
1096 595 1337 697 rempublicam
1355 622 1473 696 semper

371 710 678 785 coniunctissimam
705 712 811 784 fuisse
830 712 1035 811 apostolicae
1051 711 1127 784 Sodi
1141 769 1148 795 ,
1169 728 1203 783 et
1217 711 1371 784 conciliis
1387 736 1473 784 oecu-

373 825 513 898 menicis
539 825 611 900 eius
632 826 829 899 auctoritate
853 825 1053 911 celebratis,
1074 826 1198 925 pioque
1220 850 1358 925 semper
1375 826 1473 899 studio

371 938 577 1036 complexam
602 965 642 1012 ac
664 958 854 1013 veneratam
871 941 1006 1013 decretu
1023 939 1284 1039 sanctionesque
1308 939 1387 1012 inde
1407 964 1474 1037 pro

372 1053 476 1140 lecta,
506 1068 619 1152 utpote
642 1054 793 1127 divinam
818 1054 976 1151 gloriam,
1007 1054 1195 1126 animorum
1229 1053 1395 1139 salntem,
1427 1078 1474 1151 pa

372 1194 511 1268 nemque
536 1168 793 1244 christianorum
821 1168 1061 1270 promoventia.
1089 1169 1210 1241 Verum
1235 1167 1280 1242 ab
1304 1195 1369 1255 eo,
1396 1165 1473 1266 quod

372 1285 514 1384 septimo
539 1309 667 1358 canone
691 1283 886 1384 parabatur,
908 1284 972 1358 nisi
991 1284 1219 1357 moderatione
1244 1283 1362 1383 aliqua
1385 1282 1473 1354 relor·
1562 1362 1563 1377 2

371 1414 537 1484 maretur,
566 1398 680 1471 inlerri
707 1424 806 1497 posse
834 1426 899 1472 non
927 1397 1091 1472 modicam
1111 1398 1333 1472 offensionem
1351 1394 1473 1471 orientis
1561 1384 1563 1429 ³

370 1513 552 1601 ecclesiae,
581 1515 776 1612 praesertim
794 1539 872 1587 vero
896 1530 1088 1587 venetorum
1107 1512 1252 1599 insulis,
1273 1512 1404 1595 Cretae,
1422 1509 1473 1608 (lv-

372 1654 449 1725 pro,
465 1627 647 1727 Corcyrae,
666 1629 850 1729 Zacyntho,
872 1627 1114 1727 cephaleniae,
1130 1642 1164 1700 ct
1175 1626 1254 1701 aliia
1269 1626 1397 1709 multis,
1418 1649 1472 1696 non

370 1742 480 1814 solum
505 1768 581 1815 cum
606 1741 761 1842 publicae
778 1743 923 1842 quietis,
951 1743 1017 1817 sed.
1029 1769 1106 1816 oum
1123 1742 1286 1815 ecelesiae
1302 1739 1472 1815 catholicae

368 1857 579 1930 detrimento.
608 1857 820 1957 Compertum
844 1884 920 1931 esse
945 1857 1120 1959 patribus,
1142 1858 1276 1950 tumetm
1297 1880 1413 1955 graeca
1427 1877 1472 1925 eo

369 1970 472 2045 olasia
496 1997 518 2043 a
536 1996 673 2044 romana
688 1997 729 2044 ex
751 1988 844 2071 parte
861 1970 1074 2058 dissentiret,
1096 1998 1162 2045 non
1180 1988 1295 2044 tamen
1312 1995 1353 2047 eo
1370 1967 1472 2064 dape

370 2088 508 2160 rationis
535 2087 713 2161 deventum
738 2114 836 2174 esse,
865 2106 902 2161 ιιι
925 2089 1064 2162 meliora
1088 2089 1216 2187 sperari
1242 2114 1308 2162 non
1323 2097 1468 2187 peuscnt;

370 2205 566 2300 praesertim
593 2230 668 2277 eum
691 2205 805 2301 graeci
833 2204 869 2277 in
894 2203 1054 2278 subiectis
1079 2202 1288 2303 reipublicae
1316 2201 1396 2277 locis
1422 2196 1471 2270 da

368 2336 507 2413 gentes,
536 2321 690 2419 quamvis
716 2321 782 2392 ritu
808 2346 869 2393 sno
893 2321 1067 2405 viverent,
1089 2337 1200 2393 tamen
1225 2316 1433 2418 praesulibus
1453 2336 1470 2382 t

368 2460 451 2508 rom.
483 2435 643 2532 pontifice
667 2436 852 2535 assumptis
877 2435 1156 2533 obtemperarent.
1180 2435 1230 2509 Ea
1254 2451 1388 2535 propter
1412 2444 1469 2501 tum

368 2575 478 2622 rerum
503 2549 755 2636 convenientia,
784 2567 854 2623 tum
879 2566 1049 2624 oratorum
1074 2573 1214 2622 munere
1238 2575 1278 2623 se
1302 2540 1468 2642 compelli,

369 2691 410 2738 ne
445 2665 510 2764 ipsi
538 2690 596 2739 eos
629 2666 771 2765 populos
806 2665 930 2765 percuti
962 2664 1111 2739 sinerent
1144 2663 1311 2738 eiusmodi
1345 2656 1469 2734 anathe-

367 2797 476 2867 mate,
503 2807 571 2881 quo
594 2781 861 2867 adtumultum,
895 2781 1124 2880 integramque
1149 2806 1170 2853 a
1191 2777 1273 2852 sede
1300 2770 1468 2878 apostolice

366 2896 593 2968 secessionem
620 2912 888 2994 provocarentur.
918 2896 1006 2968 Satis
1031 2910 1202 2980 constare,
1240 2896 1391 2969 inmore
1419 2909 1468 2984 pc

367 3008 469 3080 situm
499 3009 591 3107 apud
622 3012 780 3105 graecos,
810 3029 846 3083 ιιι
871 3037 1007 3084 uxorem
1031 3009 1220 3083 adulteram
1244 3009 1417 3087 deserant,
1441 3013 1468 3071 tl

366 3122 469 3196 aliam
481 3124 617 3212 ducant,
638 3126 848 3199 veterrimam
865 3127 1029 3199 maiorum
1046 3123 1344 3209 cousuetudinem,
1359 3137 1395 3193 ut
1409 3112 1465 3213 ἱροί

365 3237 499 3325 dicunt,
521 3239 649 3326 secuti;
668 3266 729 3313 nec
746 3241 871 3314 idcirco
890 3240 966 3314 illos
985 3240 1180 3325 damnatos,
1201 3256 1259 3313 ant
1271 3236 1468 3314 anathemato

366 3353 538 3451 perculsos
564 3353 670 3429 luisse
691 3354 735 3427 ab
758 3356 827 3429 ulla
853 3356 984 3456 synodo
1008 3355 1246 3441 oecumenica,
1274 3349 1403 3428 etiamsi
1426 3367 1468 3415 ro

365 3493 484 3541 manae
501 3485 535 3542 et
550 3470 736 3545 catholicae
753 3470 915 3543 ecclesiae
934 3468 1127 3543 huiusmodi
1146 3495 1219 3543 mos
1237 3468 1366 3568 liquido
1383 3464 1467 3534 inno

365 3582 495 3656 tuisset.
523 3584 723 3657 Existimare
740 3584 843 3681 igitur
858 3599 1007 3658 oratores
1025 3583 1079 3656 sni
1096 3608 1173 3656 csse
1190 3583 1357 3667 muneris,
1377 3594 1466 3675 qvam

364 3696 599 3770 efficacissime
632 3716 790 3798 possent,
820 3699 1015 3799 postulare,
1042 3715 1080 3772 ut
1105 3723 1203 3772 voces
1230 3697 1308 3771 illae
1340 3683 1465 3769 canonis

365 3811 450 3884 adeo
474 3813 642 3887 moderata
669 3813 871 3899 lenirentur,
900 3840 941 3887 ne
965 3816 1097 3912 graecis
1123 3812 1357 3887 detrimentum
1375 3803 1465 3878 infel*

364 3942 461 4011 rent,
489 3927 685 4025 praesertim
712 3928 874 4000 intentato
891 3929 1124 4014 anathemate;
1145 3928 1236 4027 quod
1253 3925 1389 3999 dubiam
1407 3937 1464 3988 11⁰ss

363 4059 434 4115 erat
458 4042 578 4116 confici
598 4070 715 4143 posse,
737 4068 802 4116 non
829 4042 938 4116 solum
958 4043 1049 4115 nulla
1071 4059 1166 4142 parta
1184 4042 1346 4116 ecclesiae
1362 4032 1464 4110 catho-

364 4155 448 4228 licae
462 4158 681 4255 indignitate,
698 4159 757 4232 sed
772 4158 1056 4231 sortasse'retenta
1074 4158 1293 4257 plurimorum
1306 4156 1461 4228 doctorum

365 4273 560 4346 reverentia.
578 4274 701 4355 Posse,
721 4290 883 4374 quantum
899 4271 964 4370 ipsi
984 4270 1156 4359 rebantur,
1177 4286 1211 4346 et
1227 4267 1365 4345 obtineri
1382 4251 1462 4361 quod

363 4388 514 4486 synodus
537 4389 749 4476 intendebat,
771 4405 803 4462 ct
820 4385 1026 4486 reipublicae
1044 4388 1223 4475 satisfieri,
1248 4408 1372 4462 canone
1386 4378 1462 4451 aius·
