3234 5084
304 462 373 514 mr.
390 462 426 514 rr.
442 462 482 513 ns
500 462 613 514 rtrum.
626 462 721 515 sura.
733 462 766 514 nr
779 463 870 514 ctus.
887 463 1000 515 monn.
1014 463 1151 563 *kt-53¹³·
1215 441 1289 515 tut·

171 605 259 682 qnae
271 577 416 655 babetur
428 579 551 660 Genea.
561 580 606 653 112
624 581 683 653 tt.
695 580 900 681 «Relinquat
911 579 1013 657 bomo
1024 564 1153 681 patrem
1165 602 1285 668 suum,

170 711 203 771 et
218 711 361 769 matrem
378 709 412 771 et
428 693 628 769 adhaerebit
645 695 741 769 uxori
758 720 860 782 suae,
879 710 914 770 et
928 709 1028 769 erunt
1043 694 1111 768 duo
1127 692 1163 767 in
1187 718 1290 768 carna

170 835 278 885 una.»
288 808 352 885 His
368 826 480 887 autem
497 807 611 883 verbis
634 807 860 908 significatam
877 834 956 884 asae
978 807 1290 885 indissolubilitutis

171 926 279 1025 legem
296 924 394 1001 docet
410 924 566 999 Christus
584 924 702 998 llatth.
719 925 811 1013 m,
826 924 908 999 dum
925 951 966 999 ex
978 924 1022 999 iis
1035 925 1151 1001 insert:
1163 924 1289 1012 «Quod

171 1066 251 1139 ergo
279 1040 371 1114 Deus
398 1037 588 1129 coniunxit,
618 1037 720 1114 homo
746 1062 814 1113 non
843 1054 1013 1139 separet.»
1026 1037 1065 1111 ld
1093 1063 1173 1113 vern
1198 1037 1290 1139 quod

172 1156 215 1231 dc
232 1155 307 1254 lege
320 1153 453 1256 repudii
467 1155 602 1255 hloyses
616 1153 748 1243 statuit,
765 1153 914 1229 ostendit
924 1153 1148 1251 permittentis
1161 1153 1287 1239 luisse,

174 1295 240 1345 uon
266 1268 506 1371 approbantia,
534 1267 730 1369 etquidem
756 1269 800 1343 ad
826 1267 987 1343 duritiam
1010 1267 1125 1349 cordis
1154 1294 1288 1358 eorum,

173 1386 299 1488 quibam
324 1384 377 1459 lex
402 1384 463 1459 illa
486 1385 565 1459 data
589 1384 672 1473 tuit,
699 1383 795 1459 selva
819 1402 931 1458 tamen
955 1383 1031 1483 lege
1059 1382 1289 1484 primordiali,

173 1528 277 1603 quam
301 1501 393 1575 Deris
411 1527 472 1601 per
487 1499 775 1601 dispensationem
792 1526 863 1574 non
879 1500 1066 1599 abrogavit.
1086 1499 1159 1576 Hoc
1179 1498 1291 1599 ipsum

174 1617 279 1717 igitur
302 1615 427 1691 Paulus
451 1615 551 1689 etiam
581 1615 769 1714 significat,
797 1615 880 1689 dum
913 1615 1084 1715 praelatus
1114 1640 1154 1689 se
1183 1613 1292 1712 legem

174 1730 362 1807 scientibus
379 1730 490 1831 loqui,
511 1730 657 1806 affirmat
674 1730 849 1805 mulierem
866 1731 939 1807 uiro
952 1755 1031 1818 suo,
1048 1730 1131 1805 dum
1144 1730 1176 1805 is
1187 1730 1289 1818 vivit,

174 1845 354 1943 obligatam
368 1867 516 1933 manera,
527 1871 589 1919 nec
603 1845 670 1920 nisi
684 1844 758 1919 eius
772 1861 878 1922 morte
887 1844 1159 1944 solrialegeviri
1175 1846 1288 1941 (lib).

175 1959 248 2035 Nisi
273 1959 365 2033 enim
383 1957 421 2033 id
437 1958 648 2047 admittatur,
669 1959 715 2033 uti
734 1962 801 2035 iam
818 1959 984 2047 diximus,
1005 1958 1099 2035 nulla
1116 1960 1292 2037 ioretcius

175 2073 396 2175 comparaim
418 2073 509 2173 quod
534 2073 610 2146 sine
633 2073 785 2173 Apostoli
811 2073 936 2148 iniuria
961 2074 1030 2147 dici
1055 2075 1185 2177 nequit.

249 2189 483 2289 Quapropter,
510 2192 574 2263 etsi
600 2188 759 2265 daremus
784 2188 984 2289 Apostolum
1009 2190 1129 2265 directe
1153 2190 1198 2266 ad
1220 2216 1296 2267 con

176 2305 270 2403 iugis
293 2303 463 2393 alludere,
491 2331 579 2405 quae
605 2330 709 2405 penes
738 2305 879 2381 iudaeos
907 2304 1179 2395 celebrabantur,
1211 2306 1297 2383 dioi-

176 2448 252 2497 mos
269 2439 382 2496 mmen
399 2446 477 2494 eum
494 2419 586 2519 loqui
604 2421 648 2494 ds
666 2421 710 2495 iis
727 2420 821 2497 iuxta
837 2421 946 2520 legem
964 2421 1169 2523 primitivam
1191 2423 1297 2498 omni·

177 2538 298 2612 modae
326 2535 653 2625 indissolubilitatia,
685 2552 785 2638 prout
809 2563 831 2610 a
855 2536 991 2611 Christo
1015 2535 1077 2611 lsx'
1098 2563 1139 2611 ca
1172 2537 1236 2610 luit
1264 2553 1298 2611 et

177 2652 347 2731 declama
381 2668 415 2726 et
447 2650 665 2738 confirmata,
702 2652 854 2752 adeoque
883 2650 1080 2751 Apostolum
1115 2649 1296 2725 allocutum

178 2768 286 2844 inisse
311 2767 431 2845 fideles
447 2790 493 2851 ,en
516 2768 685 2845 iudaismn
709 2793 911 2854 conversos,
941 2766 1166 2841 similitudine
1192 2766 1298 2868 petita

177 2912 219 2969 eu
243 2885 396 2972 notione,
423 2910 526 2984 quem
551 2884 596 2958 de
620 2884 834 2959 matrimonio
856 2881 1029 2957 hebebant
1053 2898 1123 2957 tum
1140 2907 1182 2956 en
1203 2881 1294 2979 lege,

181 3017 252 3075 tum
275 3027 317 3075 ex
342 3000 494 3088 Christo,
524 3016 561 3072 ut
584 2999 778 3076 ostenderet
793 2998 902 3098 legem
921 2998 1075 3074 rituaiem
1093 3024 1133 3073 ac
1153 2997 1298 3074 iudicia-

181 3115 244 3191 lem
270 3117 453 3191 mosaicam
479 3132 583 3190 morte
607 3116 734 3190 Christi
758 3141 927 3191 cessasse.

253 3230 345 3304 Haec
356 3255 436 3315 vero
448 3230 706 3319 confirmantur,
723 3230 752 3304 si
768 3230 854 3303 ratio
867 3228 1031 3304 habeatur
1042 3228 1296 3326 chronologiae,

180 3371 249 3446 qua
273 3358 421 3432 constat,
450 3342 626 3444 epistolam
653 3345 697 3418 ad
723 3368 882 3418 romanos
899 3342 943 3416 ab
960 3342 1119 3443 Apostolo
1139 3342 1299 3442 scriptam

182 3460 290 3535 fuisse
314 3460 428 3559 plures
453 3486 561 3534 annos
583 3474 762 3561 postquam
779 3460 913 3533 hlarcus
931 3458 966 3530 in
984 3483 1198 3532 romanorum
1223 3483 1300 3555 gra-

183 3577 263 3649 tiam
293 3602 393 3649 suum
418 3590 613 3649 armaverat
637 3574 865 3673 evangelium,
894 3574 929 3646 in
955 3597 1023 3673 quo
1039 3598 1080 3646 ex
1099 3572 1186 3646 Petri
1203 3598 1301 3673 prae-

182 3691 351 3765 dicatione
376 3688 533 3765 retulerat
557 3689 683 3764 Christi
708 3690 894 3764 doctrinam
921 3689 964 3762 de
981 3689 1129 3789 perlecta
1150 3687 1299 3786 coniugii

185 3805 484 3882 indissolubilitate
505 3809 620 3902 (116).
636 3806 721 3879 Cum
740 3806 883 3907 proinde
900 3805 1012 3881 iudaei
1031 3804 1149 3880 fideles
1171 3803 1301 3878 iamdiu

255 3988 323 4052 (itt)
338 3987 377 4039 ct.
393 3985 489 4037 Μαι·
503 3988 648 4037 comment.
659 3985 685 4037 tu
696 3988 768 4051 epist.
781 3988 813 4037 ad
829 3989 901 4038 Rom.
911 3989 966 4037 vlt.
981 3993 989 4038 t
1008 4000 1077 4051 sequ.

257 4072 278 4133 (ι
286 4070 323 4131 te)
338 4071 402 4119 Nam
413 4079 434 4118 s.
443 4068 637 4118 Petrusltomaor
650 4068 718 4118 uenit
727 4080 768 4117 an.
778 4068 923 4129 tt.ctaodtt,
935 4080 1022 4132 nonpe
1031 4080 1103 4118 uerae
1112 4065 1301 4130 entmuxmn

183 4151 223 4201 ret
239 4149 270 4201 ud
285 4159 410 4199 motmunt
427 4158 468 4195 un.
484 4146 529 4196 ΙΙΙ.
541 4145 656 4208 Claudii,
669 4159 741 4198 uerae
757 4146 963 4210 rntgmmxhttt.
977 4149 1075 4197 Marem
1087 4158 1147 4197 uero
1157 4158 1214 4196 eum
1226 4143 1302 4195 comt·

185 4231 252 4281 tatus
267 4229 293 4279 tu
307 4225 374 4278 Urbe
389 4225 543 4288 eremorum
559 4238 632 4277 uuum
650 4227 749 4291 scrtpdt
767 4231 900 4291 anuquurn
914 4225 1086 4277 Ateuudrtam
1102 4239 1118 4276 u
1134 4228 1206 4276 Petro
1222 4224 1302 4276 mitte·

184 4312 253 4362 retur
274 4311 331 4360 unte
350 4305 447 4357 obitum
468 4305 605 4371 Agrippae,
619 4307 715 4358 suited
729 4307 769 4358 ret
785 4307 915 4372 postcunts
930 4305 1055 4357 nimetbus
1068 4306 1125 4357 anui
1137 4305 1303 4370 taurulus·

186 4391 222 4441 riu
231 4392 305 4441 xhtt.
318 4388 356 4439 rel
371 4390 428 4439 ante
444 4386 552 4438 aredium
569 4388 626 4437 aaut
643 4387 794 4452 tutamentis
804 4390 891 4440 xtrtr.
902 4387 942 4440 ct.
951 4387 1081 4440 Patribus!
1095 4390 1133 4440 De
1148 4385 1301 4512 exsuperius.
