3234 5084
320 398 1162 505 Ισιι’.ιιι.υιοιιιειῦτιιΔι».οιι-ιιωιθο.ιιιτωτ.ιι.
1240 423 1313 497 868

189 569 333 647 duorum
357 565 542 642 excesserit
567 588 761 652 numeram,
790 563 897 664 quia,
925 561 994 637 nisi
1021 561 1056 635 in
1081 559 1215 643 duobus
1246 584 1313 637 non

188 684 316 785 geritur
341 683 458 780 iugum
479 681 627 777 (237).»

263 799 338 877 Huc
363 796 477 897 potius
500 810 630 895 spectat
647 793 738 894 quod
754 792 822 868 sub
839 792 1019 867 Zachariae
1036 792 1172 867 nomine
1190 791 1315 891 proler-

191 932 245 993 tur
265 914 456 989 decretum:
481 909 722 986 «concubuisti
735 935 812 984 oum
829 934 945 985 sorore
960 909 1076 983 uxoris
1089 906 1197 982 tuae?
1213 908 1248 981 Si
1267 908 1316 983 le-

189 1030 289 1117 cisti,
316 1042 471 1102 neutram
496 1025 647 1103 babeas:
667 1039 701 1098 et
726 1023 757 1098 si
781 1022 860 1112 illa,
889 1049 978 1125 quse
1002 1039 1167 1097 uxortua
1192 1020 1312 1111 luerit,

190 1145 329 1222 conscia
354 1142 492 1217 sceleris
517 1167 584 1216 non
609 1140 692 1227 luit,
714 1140 745 1213 si
768 1164 805 1213 se
825 1138 998 1214 continere
1013 1164 1080 1212 non
1103 1136 1191 1226 vult,
1211 1137 1319 1213 nubat

192 1262 228 1334 in
248 1259 412 1346 Domino,
440 1257 496 1333 cui
514 1255 607 1331 velit.
641 1257 691 1330 Tu
716 1271 828 1331 autem
848 1270 882 1329 et
898 1254 1051 1329 adultero
1068 1251 1144 1328 sine
1160 1279 1224 1353 spe
1240 1279 1318 1327 con·

192 1375 278 1472 iugii
299 1373 544 1472 permaneatis:
565 1388 599 1446 et
615 1370 779 1473 quamdiu
789 1369 961 1459 vixeritis,
985 1369 1078 1443 iuxta
1100 1385 1316 1468 praeceptum

192 1488 378 1566 sucerdotis
408 1488 647 1588 poenitentiam
672 1487 761 1586 agite
781 1488 928 1584 (mla
956 1484 1054 1560 Circa
1076 1484 1175 1559 cuius
1190 1483 1317 1558 decreti

194 1604 447 1702 intelligentiam
460 1605 496 1678 in
508 1604 622 1678 vanas
634 1603 820 1678 sentemias
833 1602 897 1676 viri
910 1600 1000 1677 docti
1015 1600 1183 1676 obierunt.
1203 1598 1318 1675 Sixtus

193 1720 350 1797 senensis
372 1735 524 1795 recenset
539 1720 605 1795 bac
630 1719 674 1793 de
698 1743 803 1793 causa
829 1716 1025 1793 Zachariam
1045 1717 1132 1791 inter
1147 1741 1206 1791 eos
1226 1714 1314 1816 «qui

194 1835 389 1910 huiusmodi
415 1835 559 1935 repudia
587 1835 835 1935 permiserunt,
865 1848 900 1906 et
921 1833 1091 1909 interdum
1116 1834 1315 1920 iusserunt,

193 1951 414 2051 promulgatis
432 1977 535 2051 snper
560 1952 643 2024 baec
658 1950 894 2025 sanctionibus
911 1967 945 2025 et
965 1950 1130 2037 decretis,
1153 1975 1222 2024 non
1238 1948 1317 2048 qui-

192 2068 270 2143 dem
284 2067 500 2166 generalibus
512 2084 546 2142 et
559 2068 746 2168 perpetuis,
767 2067 829 2142 sed
847 2067 891 2141 ad
904 2082 1040 2167 tempus
1056 2096 1065 2155 ;
1094 2066 1199 2167 idque
1218 2065 1320 2141 certis

187 2182 388 2256 nationibus
414 2207 454 2256 ac
477 2181 660 2280 gentibus,
688 2197 721 2254 et
747 2181 784 2253 in
808 2179 997 2256 incestibus
1030 2195 1188 2268 tantum;
1216 2194 1318 2279 atque

192 2296 272 2372 eliis
297 2296 503 2397 quibusdem
529 2295 700 2370 atrocibus
724 2295 884 2393 flagitiis,
912 2322 957 2368 ne
975 2294 1076 2393 longe
1093 2294 1229 2394 peiora,
1251 2310 1321 2368 tur·

195 2411 358 2511 pioraque
384 2424 657 2510 perpetrarentur
681 2409 724 2482 ab
750 2408 828 2499 bis,
857 2410 916 2508 qui
942 2424 1011 2483 tum
1041 2408 1140 2483 iceda
1163 2407 1322 2505 coniugia

194 2526 336 2602 tolerare
360 2552 427 2602 non
453 2541 608 2626 poterant
628 2527 783 2622 (239).»
812 2524 1034 2598 bellarminus
1060 2523 1197 2624 exponit
1218 2520 1322 2597 verba

193 2641 375 2718 hebetius
400 2641 542 2743 perinde
566 2667 607 2716 ac
627 2666 790 2715 cunonem
809 2640 863 2713 IV.
886 2637 1021 2714 oonoilii
1044 2637 1260 2712 triburiensis
1277 2635 1321 2710 de

193 2759 370 2857 coniugio,
386 2759 478 2858 quod
497 2758 583 2857 parti
601 2757 771 2831 innocenti
784 2755 980 2831 conceditur
993 2766 1225 2855 postmortem
1242 2776 1322 2827 con·

196 2873 287 2970 iugis
304 2874 428 2970 prioris
450 2876 565 2972 (ild).
588 2873 677 2947 Huic
698 2889 811 2948 numm
824 2871 1024 2973 expositioni
1039 2870 1099 2945 alii
1111 2883 1319 2970 repugnant,

196 3012 239 3062 eo
263 2987 355 3088 quod
379 2990 533 3088 componi
559 2988 653 3062 baud
679 2994 780 3089 posse
796 2989 952 3063 videatur
973 3013 1051 3062 cum
1069 2985 1250 3089 postremis
1265 2984 1324 3060 de-

198 3102 282 3176 creti
306 3099 445 3175 verbis:
475 3117 511 3175 tu
534 3117 643 3176 ostem
666 3118 697 3176 ct
719 3103 874 3178 odorltero
900 3105 973 3176 sios
994 3129 1052 3202 spe
1078 3102 1227 3200 oociuqir‘
1244 3124 1323 3199 per*-

196 3218 378 3303 moocotr'e,
407 3243 495 3316 quae
518 3231 733 3318 supponunt,
753 3218 868 3307 uxori,
887 3217 1003 3293 ndbuc
1018 3217 1152 3293 vivente
1168 3214 1324 3290 adultero

197 3332 293 3421 viro,
317 3331 348 3406 si
374 3330 546 3406 continere
563 3358 601 3406 se
627 3357 694 3407 uon
718 3333 848 3431 possit,
872 3331 957 3407 alias
981 3329 1119 3430 nuptias
1140 3329 1228 3402 inire
1248 3353 1325 3427 per·

198 3448 343 3524 missum
365 3447 474 3522 luisse
493 3448 607 3545 (ill).
638 3447 850 3548 Quapropter
869 3447 982 3523 verior
998 3445 1134 3521 illorum
1148 3467 1326 3545 responsio

273 3689 343 3754 (Μ)
358 3688 432 3754 Apud
449 3688 530 3740 ltsml
548 3691 609 3740 mm.
626 3690 682 3738 ΧΗ.
698 3701 753 3753 pag.
773 3696 830 3741 stc.

275 3771 341 3834 (sss)
357 3769 430 3834 Apud
453 3770 599 3821 Gratianum
619 3781 694 3819 musa
706 3770 793 3820 xxxi.
805 3784 832 3833 q.
847 3773 872 3821 7.
885 3783 909 3820 c.
925 3775 965 3821 ts.

277 3850 343 3912 (tus)
358 3849 485 3901 Btbltotte
497 3851 592 3901 sorrrtc
611 3848 655 3899 tio.
668 3850 710 3901 vl.
723 3850 807 3900 annot.
823 3851 932 3901 Lxxxl.
946 3851 1039 3900 Verum
1060 3848 1127 3899 bruc
1144 3846 1269 3897 aucmren
1281 3852 1323 3909 ps·

199 3940 256 3979 nm
275 3929 388 3981 criticum
408 3943 436 3981 se
454 3931 605 3994 prauum
629 3929 692 3980 alias
711 3929 914 3993 observavimus3
935 3931 961 3980 ot
982 3941 1042 3980 sane
1066 3941 1112 3992 pro
1133 3924 1325 3977 dissdnbtlltsts

201 4011 310 4059 renuet
328 4009 382 4060 sire
401 4010 524 4075 casulla,
544 4011 745 4075 obsecutores,
764 4010 809 4075 qni
830 4011 902 4075 louge
922 4010 1054 4061 aMoernnt
1073 4008 1105 4059 rb
1125 4006 1173 4058 linc
1193 4005 1323 4057 ments.

202 4090 255 4140 ttae
275 4088 400 4140 doceare
419 4091 574 4143 uouemus
593 4092 735 4144 echardus
755 4090 782 4142 ln
802 4092 858 4142 loeo
870 4104 928 4142 mox
949 4088 1142 4141 mdccldem
1156 4086 1248 4152 gratias
1263 4085 1323 4151 sgtt.

278 4168 345 4232 (2⁴0)
361 4171 400 4220 De
414 4173 531 4221 mutum.
553 4183 608 4235 rap.
630 4174 708 4223 xvn.
721 4172 747 4222 tn
768 4185 832 4235 resp.
845 4169 878 4220 sd
898 4170 987 4220 obuot.
1000 4171 1056 4221 xlt
1069 4167 1157 4220 wem
1178 4165 1254 4218 modo
1273 4176 1325 4231 quo

201 4248 714 4313 tmaprcsnratrorrurnomnuum
735 4249 1159 4315 lataperludcscltugoss.
1181 4245 1325 4298 Vlctoretn

200 4330 312 4380 smus
329 4330 486 4380 Μηίων.
502 4331 574 4381 tract.
588 4333 645 4382 Vll.

279 4407 348 4474 (stt)
363 4408 402 4461 ltu
421 4408 564 4463 &mdiu
582 4411 643 4464 bret
664 4407 815 4475 cerotum.
831 4402 1326 4472 rso.etteu.rerbenr2«1prcerrett
