3234 5084
325 387 395 459 tlt
468 409 530 461 nn.
552 408 599 461 ιιι.
621 407 709 460 sicr.
730 409 1039 463 mrimnnmnus.
1061 409 1157 464 nnn.
1174 408 1299 463 cucur.

323 528 426 603 bens:
450 526 562 601 «Ante
579 525 747 601 carnalem
760 526 917 626 copulam
935 553 1003 602 non
1021 543 1074 603 est
1089 527 1225 603 omnino
1238 529 1440 605 translatum

323 676 446 751 corpus
464 650 528 725 sub
545 666 709 750 potestate
725 651 883 739 alterim,
903 651 965 726 sed
982 650 1048 726 sub
1065 651 1273 742 conditione,
1298 654 1365 729 nisi
1389 655 1444 728 in-

323 782 414 841 terea
442 765 526 839 alter
548 765 729 865 coniugum
753 766 797 840 ad
824 765 953 862 frugem
977 764 1127 842 melioris
1155 766 1244 841 vitae
1272 769 1437 844 convolet.

322 880 389 955 Sed
405 908 466 981 per
481 879 648 955 carnalem
660 880 817 981 copulam
833 880 1020 982 completur
1035 881 1124 956 dicta
1141 881 1333 971 translatio,
1354 883 1440 983 quia

323 1011 405 1070 tunc
429 997 530 1070 intrat
553 1012 694 1097 uterque
718 996 754 1069 in
775 995 983 1096 corporalem
1006 996 1258 1096 possessionem
1281 996 1349 1071 sibi
1368 1013 1441 1072 tra·

321 1110 412 1186 ditae
433 1111 605 1212 potestatis
626 1113 752 1208 (36).»

407 1225 517 1301 Huius
542 1226 728 1301 sententiae
756 1226 889 1327 patroni
912 1251 989 1300 oum
1016 1250 1057 1301 ex
1082 1225 1159 1326 ipsa
1183 1226 1231 1300 rei
1260 1242 1382 1303 natura
1406 1245 1440 1302 et

322 1368 364 1416 ex
387 1342 543 1442 analogia
568 1342 646 1415 fidei
667 1356 864 1440 argumenta
879 1340 1048 1417 deducent
1066 1339 1110 1415 ad
1131 1341 1350 1417 evincendam
1366 1343 1441 1418 dis·

322 1457 561 1534 solubilitatem
575 1458 723 1557 coniugii
738 1458 820 1546 rati,
836 1457 984 1532 inierunt
999 1456 1091 1532 baud
1109 1482 1196 1557 opus
1212 1483 1290 1533 esse
1306 1458 1439 1534 adeius

320 1572 550 1673 probationem
575 1573 723 1674 prolerre
747 1572 940 1648 testimonia
960 1571 1034 1646 sive
1051 1570 1177 1645 biblica
1198 1571 1271 1646 sive
1289 1571 1440 1648 traditio

320 1687 425 1763 nalia.
455 1687 608 1763 Ecclesia
633 1689 760 1790 quippe
785 1687 834 1761 uti
860 1687 945 1761 iuris
970 1684 1135 1761 naturalis
1154 1685 1341 1785 interpres,
1360 1713 1442 1787 spe-

320 1818 409 1877 ctata
424 1804 601 1904 utriusque
612 1818 719 1878 status
731 1800 919 1900 coniugalis
932 1800 1122 1898 etreligiosi
1141 1800 1356 1899 perfectione,
1378 1801 1432 1877 iu·

318 1919 445 1995 dicavit
466 1918 554 1993 hauc
570 1917 621 1991 illi
638 1944 716 1992 esse
735 1916 1023 2017 anteponendam,
1043 1932 1144 2016 atque
1161 1916 1205 1989 ad
1218 1942 1292 1991 eam
1310 1916 1440 1993 editum

320 2048 436 2133 patere
462 2058 538 2107 cum
561 2024 709 2106 nondum
732 2030 983 2106 matrimonium
1002 2057 1099 2104 suam
1117 2029 1276 2130 adeptum
1293 2046 1346 2106 est
1361 2057 1440 2131 per-

319 2149 498 2223 lectionem
523 2175 583 2251 per
607 2174 747 2222 sexuum
773 2146 1055 2222 commixtionem.

392 2264 453 2338 llst
473 2289 540 2339 non
559 2262 758 2363 spernendis
776 2262 861 2337 baec
875 2263 1038 2362 premitur
1049 2261 1164 2363 opinio
1181 2260 1440 2337 difficultatibus

308 2378 384 2483 'sub
397 2395 540 2479 unoque
558 2393 783 2480 aspectuque
800 2394 852 2453 est
868 2377 1053 2480 proposita.
1068 2376 1242 2478 Siquidem
1256 2377 1324 2450 nisi
1342 2378 1439 2477 prius

317 2494 542 2569 constituatur
558 2520 598 2568 ex
615 2493 732 2568 divina
750 2492 947 2580 traditione,
964 2492 1168 2567 matrimonii
1181 2488 1354 2565 vinculum
1368 2512 1437 2565 non

316 2634 393 2684 esse
417 2635 557 2710 prorsus
583 2607 821 2684 indissolubile
849 2606 923 2682 iure
946 2606 1065 2681 diuino
1098 2606 1268 2706 positivo,
1297 2632 1337 2681 ex
1363 2605 1439 2681 sola

317 2724 445 2799 ratione
470 2724 553 2798 nihil
580 2724 755 2800 evincitur.
780 2725 865 2797 Nam
888 2722 919 2796 si
943 2722 1034 2797 Dens
1051 2721 1226 2797 constituit
1241 2722 1439 2820 coniugium

318 2838 353 2911 in
366 2864 488 2936 genere
499 2839 587 2913 inter
602 2838 807 2913 christianos
825 2862 964 2937 prorsus
985 2835 1243 2925 indissolubile,
1267 2835 1438 2937 quidquid

317 2978 359 3026 ex
383 2952 522 3027 rationis
547 2979 637 3052 penu
662 2967 848 3039 statuatur,
876 2965 968 3052 patet
991 2950 1118 3026 nullius
1145 2951 1276 3026 roboris
1301 2976 1392 3026 esse.

389 3067 456 3141 Neo
482 3065 566 3141 satis
583 3082 636 3141 est
652 3066 895 3167 professionem
913 3064 1106 3163 religiosam
1122 3090 1200 3140 esse
1217 3080 1341 3139 statum
1358 3090 1437 3164 per·

315 3181 505 3272 lectionem,
533 3183 577 3258 de
600 3209 669 3284 qno
694 3181 786 3257 nulls
810 3199 863 3257 ast
886 3181 1061 3282 quaestio,
1095 3181 1156 3255 sed
1185 3180 1432 3255 ostendendum

314 3315 487 3405 praeoerpe
511 3316 621 3388 esset,
645 3315 719 3401 post
743 3299 912 3375 sancitum
929 3297 1078 3373 solemne
1095 3296 1215 3373 loedns
1232 3295 1429 3394 coniugale,

315 3440 384 3516 qno
402 3415 597 3491 alteralteri
615 3416 670 3489 ius
686 3416 764 3490 lecit
783 3417 819 3488 in
839 3440 963 3515 eorpus
976 3439 1098 3502 suum,
1122 3412 1176 3487 las
1192 3439 1269 3488 esse
1285 3411 1435 3512 profiteri

314 3531 660 3629 statuunreligiosum
684 3532 759 3606 sinc
779 3530 919 3606 alterins
938 3529 1044 3604 libero
1063 3555 1244 3605 consensu.
1274 3528 1435 3628 Alioquin

314 3665 432 3748 posset
455 3647 577 3722 coniux
599 3663 713 3721 votum
734 3647 836 3721 etium
858 3645 1010 3722 emittere
1039 3645 1288 3731 continentiae,
1317 3666 1435 3718 saeros

314 3763 450 3838 ordines
477 3763 671 3862 suscipere,
687 3762 823 3861 aliaque
839 3760 1007 3835 eiusmodi
1027 3775 1197 3860 praestare
1218 3784 1307 3860 quae
1323 3758 1434 3857 perle-

284 3872 287 3877 ’
313 3878 418 3953 etiora
442 3893 521 3952 sunt
538 3852 627 3951 statis
644 3876 832 3975 coniugali3
861 3891 1009 3951 attamen
1027 3901 1125 3950 nemo
1138 3873 1379 3949 catholicorum
1396 3872 1432 3945 id

313 4019 474 4095 umquam
499 3991 690 4067 affirmavit.

385 4110 453 4185 Nec
469 4108 566 4184 obest
581 4108 691 4184 solum
708 4122 832 4183 statum
850 4108 1046 4207 religiosum
1063 4122 1203 4182 mortem
1221 4101 1432 4204 spiritualem

312 4248 352 4297 ac
375 4221 506 4298 civilem
531 4222 679 4311 efficere,
701 4249 790 4324 quae
805 4238 1019 4325 eomparatur
1039 4222 1136 4297 morti
1155 4218 1323 4310 naturali,
1343 4242 1432 4320 quae

387 4375 436 4437 (te)
451 4372 543 4440 suppl.
558 4375 653 4439 quaet
668 4380 707 4427 el.
721 4374 767 4425 art.
781 4380 805 4424 2.
817 4372 850 4425 ed
865 4380 888 4426 2.
