3234 5084
308 408 383 499 2th
452 430 515 480 ιιι.
532 428 579 480 ιιι.
597 428 685 480 secr.
701 428 833 485 ιιιιιι.
850 427 890 477 ns
907 427 1020 478 ιιιιιιι.
1037 426 1133 478 narr.
1151 424 1276 477 osmer.

304 577 371 625 uon
399 550 434 621 in
460 548 577 622 εοάειιι
601 548 697 633 loco,
723 573 883 621 nemore
909 545 1047 648 quidem
1074 546 1118 619 sit
1141 545 1193 619 eis
1215 543 1420 618 eommunis.

304 667 420 763 Neque
443 688 524 736 vero
543 661 595 735 lex
621 687 698 735 cum
724 660 907 759 Evangelio
931 677 1080 760 pugnat,
1108 660 1167 735 sed
1184 660 1216 733 ei
1233 659 1420 733 consentit:

216 766 218 772 '
304 778 425 879 quidni
438 776 529 851 enim
541 804 617 851 cum
633 778 678 851 sit
694 777 872 877 utriusque
884 803 975 851 unus
989 776 1220 876 suppeditator
1231 771 1423 848 Dominus?

304 894 399 981 Quae
424 893 514 965 enim
540 909 592 966 est
617 892 799 979 fornicata,
820 893 907 966 vivit
921 893 1059 992 quidem
1078 910 1230 993 peccato,
1251 891 1313 964 sed
1332 917 1422 967 mor-

304 1026 361 1082 tua
385 1024 439 1082 ast
463 1008 649 1081 mandatis:
670 1034 758 1108 quae
783 1024 894 1081 autem
921 1008 1022 1083 ducta
1046 1025 1099 1082 est
1124 1007 1350 1108 poenitentia,
1383 1021 1422 1080 ut

303 1123 462 1223 quaesit
488 1137 682 1220 regenerata
707 1149 767 1223 per
790 1124 880 1197 vitae
905 1123 1177 1211 conversionem,
1205 1122 1308 1195 habet
1331 1120 1420 1195 vitae

303 1239 616 1336 regenerationem,
650 1254 783 1311 mortua
814 1237 951 1339 quidem
981 1254 1091 1312 vetere
1119 1236 1349 1323 fornicatrice,
1382 1236 1419 1308 in

302 1357 406 1428 vitam
431 1369 542 1427 autem
569 1380 686 1427 rursus
711 1354 866 1453 ingressa
882 1380 935 1442 ea,
956 1380 1043 1455 quae
1060 1355 1171 1453 genita
1188 1369 1240 1428 est
1257 1379 1319 1452 per
1338 1377 1421 1452 poe-

303 1470 478 1544 nitentiam
500 1470 614 1565 (43).»

373 1585 453 1659 ldeo
465 1610 544 1659 nero
557 1584 723 1680 integrum
736 1582 815 1657 licat
825 1583 991 1683 prolixum
1000 1583 1164 1682 exscripsi
1178 1581 1418 1667 testimonium,

301 1700 384 1801 quia
408 1699 507 1800 plura
524 1699 559 1770 in
577 1725 617 1772 eo
634 1714 714 1771 sunt
730 1724 818 1798 quae
835 1698 878 1771 ad
896 1725 966 1771 rem
984 1714 1131 1774 nostram
1150 1698 1304 1797 apprime
1324 1696 1420 1771 colli·

302 1840 421 1913 gamus
446 1828 588 1913 oportet.
610 1814 660 1885 Er
684 1839 723 1888 eo
748 1812 838 1886 enim
868 1829 1000 1888 constat
1028 1818 1062 1886 1.
1085 1813 1311 1912 Scripturam,
1338 1811 1416 1885 nori

302 1928 431 2002 scilicet
461 1926 626 2014 foederis,
658 1952 843 2026 numquam
872 1926 1062 2028 permittere
1089 1944 1128 2000 ut
1149 1925 1351 2023 vconiugium
1375 1924 1417 1997 li-

301 2041 380 2115 bere
406 2041 526 2113 initum
556 2039 781 2127 dissolvatur,
801 2040 870 2114 imo
887 2041 921 2113 id
940 2039 1014 2139 lege
1029 2033 1150 2128 vetari3
1172 2041 1207 2113 2.
1229 2036 1416 2112 clausulam

301 2154 564 2254 exceptionalem
590 2154 633 2228 de
658 2155 876 2228 fornicatione
902 2153 1153 2253 intelligendam
1176 2180 1253 2228 esse
1277 2154 1320 2227 de
1344 2152 1417 2228 sola

301 2270 512 2370 separatione
544 2269 725 2366 coniugum
758 2269 833 2344 sine
864 2269 1088 2368 diremptione
1115 2269 1308 2367 coniungii,
1333 2266 1417 2341 alio-

302 2384 385 2485 quin
406 2410 472 2458 non
488 2385 573 2458 foret
589 2383 722 2458 adulter
740 2384 946 2485 quicumque
961 2384 1138 2458 dimissam
1155 2384 1300 2471 duxerit,
1318 2409 1417 2457 secus

301 2528 341 2575 ao
364 2500 519 2575 Clemens
544 2500 697 2575 absolute
721 2502 881 2589 affirmet,
908 2503 942 2573 3.
963 2500 1149 2575 adulteram
1175 2501 1352 2575 dimissam
1375 2526 1419 2574 ac

299 2615 525 2716 poenitentem
550 2614 594 2688 ad
619 2617 728 2688 cirum
751 2641 851 2688 suum
876 2640 978 2713 posse
1004 2615 1145 2702 reverti,
1173 2615 1325 2715 adeoque
1355 2641 1419 2714 per

299 2728 531 2804 dimissionem
564 2755 632 2802 non
662 2728 747 2803 solvi
773 2728 1040 2817 matrimonium,
1069 2728 1220 2829 alioquin
1243 2755 1311 2803 uon
1336 2753 1418 2828 pos-

299 2859 353 2918 set
377 2844 525 2944 amplius
551 2843 607 2916 ille
632 2869 653 2916 a
678 2869 746 2943 quo
770 2842 913 2917 dimissa
946 2860 999 2917 est
1027 2844 1140 2918 vocari
1165 2845 1219 2916 vir
1247 2870 1325 2916 sons
1353 2869 1415 2917 sau

300 2958 460 3045 maritus;
491 2960 524 3028 l.
546 2956 611 3030 hoo
640 2956 847 3030 intercedere
872 2957 960 3031 inter
983 2959 1102 3053 legem
1135 2973 1169 3031 et
1195 2956 1415 3055 Evangelium

299 3071 504 3159 discrimen,
534 3070 624 3171 quod
650 3097 712 3170 per
728 3072 847 3169 Legem
873 3086 979 3146 morta
1003 3069 1084 3144 reali
1110 3071 1248 3145 deberet
1263 3072 1414 3145 adultera

299 3186 427 3288 plecti,
464 3202 580 3259 contra
612 3212 691 3259 vcro
721 3186 757 3258 in
782 3185 964 3284 Evangelio
990 3203 1104 3287 utpote
1133 3186 1274 3274 mitiori,
1303 3185 1413 3259 solum

298 3318 403 3375 morta
427 3299 596 3399 spirituali
622 3326 661 3373 ac
686 3301 831 3401 mystica
856 3327 916 3400 per
932 3301 1190 3401 poenitentiam,
1211 3318 1250 3376 nt
1267 3302 1316 3376 sio
1334 3326 1414 3400 pos·

297 3416 342 3490 sit
358 3416 402 3489 ad
419 3416 528 3490 virum
547 3442 646 3494 suum
664 3416 801 3504 reverti,
819 3416 862 3489 ab
874 3443 984 3517 eoque
999 3417 1121 3516 recipi3
1139 3421 1173 3490 l.
1185 3417 1277 3491 hand
1294 3442 1409 3517 posse,

296 3530 401 3604 altero
432 3557 473 3605 ex
506 3531 706 3629 coniugibus
738 3531 889 3620 vivente,
917 3532 1091 3608 adnotes
1117 3534 1252 3634 nuptias
1283 3533 1413 3608 aditum

297 3663 423 3748 patere.

369 3761 461 3835 Haec
486 3760 571 3836 adeo
595 3762 776 3862 perspicua
801 3763 937 3837 suntin
964 3764 1065 3838 allato
1090 3778 1198 3853 tantu,
1226 3779 1264 3838 ιιι
1287 3765 1409 3838 mirum

294 3876 402 3951 videri
427 3875 567 3962 debeat,
595 3877 765 3976 quomodo
790 3877 959 3954 launoius
980 3880 1053 3975 (tl)
1070 3937 1077 3967 ,
1097 3879 1238 3979 eiusque
1260 3880 1413 3953 asseclae

295 3992 465 4091 potuerint
489 3989 692 4065 Clementem
716 3990 803 4066 alen.
825 3992 911 4067 inter
927 4010 1110 4070 assertores
1135 3994 1410 4069 dissolubilitatis

295 4105 455 4181 connubii
471 4120 607 4206 propter
623 4106 824 4181 adulterium
842 4108 976 4183 allerre.
997 4094 1104 4185 Unica
1120 4111 1227 4200 ratio,
1247 4134 1337 4212 quae
1352 4135 1415 4185 eos

368 4292 419 4357 (tr)
432 4291 479 4345 Ed.
491 4293 572 4345 mss
584 4298 654 4347 tott.
664 4307 720 4360 pag.
732 4298 780 4347 tat
789 4306 842 4358 reo.

366 4372 418 4438 (tt)
430 4372 584 4439 onolton
593 4377 667 4439 racto
677 4377 726 4426 etc.
736 4388 791 4440 pag.
804 4381 859 4427 aas.
