3234 5084
231 484 235 496 .
278 439 280 443 ·
316 416 389 489 teo
469 439 531 491 un.
552 438 600 493 ιιι.
621 437 709 491 sicr.
733 436 872 505 uram,
887 436 1169 490 animuum.
1190 436 1314 491 anum.

315 557 416 635 tenda
438 573 503 635 est
536 558 689 659 Cumque
717 583 759 633 ea
783 555 988 655 signifieatio
1022 555 1131 631 indita
1155 556 1201 633 sit
1223 557 1436 635 matrimonio

247 714 252 725 x
315 672 488 761 fidelium,
512 699 553 749 eo
574 673 651 772 ipso
676 672 767 774 quod
788 671 997 773 baptismum
1019 688 1261 773 susceperunt,
1281 689 1315 747 et
1331 700 1436 749 mem-

247 873 250 878 ,
316 788 378 863 hra
404 804 484 865 sunt
507 788 653 876 Christi,
674 788 753 862 inde
770 787 826 876 fit,
850 803 888 863 ut
905 788 1152 865 matrimonium
1171 788 1271 863 etiam
1297 789 1333 862 in
1358 789 1436 863 infi-

317 904 453 979 delitate
466 918 672 979 contractum
690 918 768 1002 post
784 903 966 1002 coniugum
983 904 1236 979 conversionem
1256 906 1331 977 sine
1351 930 1437 981 novo

315 1045 485 1097 consensu
509 1018 730 1092 extrinsecam
757 1019 881 1119 pariter
906 1019 995 1092 hano
1021 1019 1210 1093 firmitatem
1236 1018 1402 1119 acquirat.

397 1135 493 1222 Quod
519 1134 549 1209 si
577 1136 610 1207 l.
642 1134 789 1234 penitius
815 1135 916 1210 etiam
941 1135 1081 1211 maioris¹
1099 1135 1243 1210 huiusce
1268 1135 1437 1211 firmitatis

316 1250 402 1327 ratio
419 1265 619 1352 quaeratur,
640 1276 694 1325 res
714 1253 761 1325 ita
781 1250 903 1350 exponi
927 1266 1057 1351 potest,
1080 1267 1117 1325 nt
1134 1251 1218 1330 ratio
1238 1251 1439 1326 sacramenti

315 1381 349 1443 et
376 1364 580 1465 significatio
605 1363 851 1439 ooniunotionis
876 1362 1002 1445 Christi
1028 1390 1106 1438 oum
1132 1365 1277 1440 eeclesia
1300 1392 1369 1441 non
1395 1366 1441 1440 sit

316 1479 453 1581 proprie
477 1477 787 1553 indissolubilitatis
811 1502 932 1566 eausa,
959 1477 1020 1553 sed
1041 1479 1156 1579 potius
1183 1479 1319 1578 siguum
1336 1505 1436 1579 apo·
1545 1510 1548 1515 ¹
1611 1569 1613 1585 .

315 1595 464 1683 nteriori,
492 1619 560 1693 quo
584 1592 815 1690 intelligimus,
846 1611 1005 1694 suscepto
1030 1594 1214 1694 baptismo,
1236 1595 1304 1668 iam
1326 1594 1437 1670 locum

317 1737 385 1785 non
405 1709 535 1783 hahere
559 1734 636 1783 aum
661 1733 798 1796 casum,
827 1708 863 1782 in
889 1735 956 1810 quo
983 1736 1162 1810 supremus
1188 1737 1298 1784 rerum
1323 1711 1439 1785 Domi·
1542 1773 1545 1779 .

218 1918 221 1927 4
320 1852 386 1901 nus
403 1808 573 1927 disposuit
589 1823 841 1898 matrimonium
858 1824 1048 1898 infidelium
1070 1823 1210 1911 dissolvi
1232 1826 1268 1897 in
1289 1826 1437 1900 laveram

316 1940 495 2041 baptismi,
516 1938 654 2040 qnando
670 1938 755 2013 alter
777 1940 983 2027 conuertitur
1005 1955 1039 2013 et
1064 1938 1149 2015 alter
1173 1940 1314 2041 pacilioe
1336 1941 1440 2018 ooha·
1533 1957 1536 1961 ’
1611 1944 1613 1954 ⁴

318 2055 428 2129 bitere
452 2054 574 2128 renuit.
602 2053 658 2128 Sic
675 2053 777 2128 etiam
795 2080 902 2154 quum
920 2053 1171 2129 matrimonium
1190 2055 1341 2129 fidelium
1364 2082 1441 2130 oon-

317 2187 522 2247 summatum
548 2186 618 2260 est,
646 2187 759 2246 oesaat
782 2171 883 2245 etiam
904 2170 988 2245 alter
1006 2197 1107 2246 ossus
1124 2198 1165 2247 ex
1182 2171 1239 2251 his
1255 2172 1291 2246 in
1313 2173 1440 2273 quihus

316 2286 473 2362 Christus
498 2287 688 2388 disposuit,
713 2302 752 2360 ut
770 2286 965 2385 coniugium
983 2285 1244 2377 dissolveretur,
1265 2315 1386 2389 nempe
1404 2290 1439 2362 in

319 2401 466 2478 laveram
491 2419 601 2478 status
628 2401 789 2500 religiosi.
820 2403 911 2475 Haeo
938 2427 1036 2502 porro
1061 2404 1169 2477 maior
1193 2403 1441 2478 indissolubili·

318 2534 378 2599 tas,
391 2517 579 2592 extrinseca
602 2533 680 2605 est,
704 2542 816 2618 neque
839 2515 978 2590 aliunde
1003 2518 1136 2591 tandem
1153 2518 1276 2617 pandat
1300 2544 1441 2618 qnama

318 2632 442 2708 Christi
467 2632 648 2708 voluntate.
674 2632 764 2706 Licet
789 2633 879 2706 anim
901 2632 1151 2707 matrimonium
1169 2650 1438 2707 consummatum

320 2749 503 2849 perleotius
529 2747 688 2821 exhibeat
717 2747 986 2822 coniunctionem
1012 2747 1136 2848 Christi
1163 2774 1239 2822 oum
1268 2747 1436 2837 eeclesia,
1515 2811 1523 2823 .

317 2890 420 2965 quam
440 2864 690 2939 matrimonium
712 2879 842 2937 tantum
869 2879 997 2951 ratum,
1018 2879 1131 2938 amen
1153 2863 1183 2939 si
1209 2863 1365 2938 Christus
1382 2889 1457 2950 vo·

321 2977 464 3066 luisset,
494 2978 659 3077 potuisset
690 2992 778 3053 terte
801 2992 972 3066 statuere,
1000 2994 1037 3051 ut
1062 2978 1311 3053 matrimonium
1340 2981 1441 3054 etiam

319 3107 590 3170 consummatum
608 3090 758 3166 fidelium
775 3092 1015 3169 dissolveretur
1032 3093 1066 3168 in
1083 3094 1231 3169 lavarem
1249 3094 1436 3194 religionis,

321 3236 388 3286 non
413 3208 567 3285 obstante
592 3209 721 3284 ratione
750 3210 951 3283 sacramenti
984 3225 1017 3283 et
1041 3209 1130 3308 signi
1155 3210 1313 3310 perlecti,
1341 3225 1442 3311 prout
1469 3222 1472 3227 ’
1593 3291 1595 3294 Α

318 3353 360 3401 aa
385 3316 629 3403 nonobstante
646 3325 898 3400 matrimonium
916 3324 1067 3399 fidelium
1084 3351 1151 3400 non
1169 3343 1443 3413 consummatum,
1602 3363 1605 3368 ¹

319 3441 527 3529 dissolvitur.
549 3441 599 3514 Ea
612 3440 714 3539 igitur
726 3440 982 3516 sacramentalis
998 3441 1202 3539 significatio
1214 3456 1247 3515 et
1259 3441 1344 3517 ratio
1361 3442 1438 3541 ipsa
1483 3427 1487 3433 ⁴
1612 3454 1613 3461 ’

318 3556 519 3632 sacramenti
545 3581 613 3629 non
635 3555 741 3631 ellioit
766 3580 826 3654 per
851 3581 888 3629 se
914 3553 1267 3644 indissolubilitntem,
1296 3556 1357 3631 sed
1378 3579 1440 3653 po-

319 3673 388 3747 tius
417 3671 551 3769 signum
581 3686 632 3746 est
656 3697 678 3746 a
701 3670 879 3770 posteriori
904 3697 972 3771 quo
996 3669 1188 3782 oolligimus
1216 3672 1439 3746 extrinsecam
1568 3686 1572 3692 ’

320 3786 616 3863 dissolubilitatam
641 3786 778 3861 omnino
803 3811 971 3861 cessasse.

394 3902 467 3976 Hae
492 3902 622 3977 ratione
647 3904 682 3974 t.
710 3901 832 4002 exponi
858 3918 1000 4001 possunt
1020 3903 1063 3976 de
1080 3903 1268 3977 extr-insana
1285 3902 1442 3976 firmitate
1521 3903 1526 3911 '
1570 3999 1574 4005 ,

320 4032 392 4091 tum
418 4016 526 4090 saneti
552 4016 748 4114 Augustini,
777 4032 849 4089 tum
874 4016 1017 4114 Eugenii
1040 4016 1094 4089 lv.
1123 4017 1340 4106 testimonia,
1368 4030 1440 4090 tum
1477 4065 1481 4087 2

320 4131 388 4206 ulia
404 4148 538 4233 patrum
556 4148 590 4207 et
606 4131 824 4207 conciliorum
841 4131 958 4222 effatu,
987 4131 1113 4232 quihus
1133 4147 1168 4221 at
1184 4132 1441 4233 [matrimonium
1495 4209 1500 4218 ,

319 4274 382 4348 pa
405 4274 444 4323 a
469 4248 873 4336 retinentissimo,
902 4265 936 4322 a
959 4247 1062 4323 simui
1086 4249 1232 4325 maimo
1257 4248 1442 4325 eaasau-
1551 4336 1565 4363 .
1605 4210 1608 4216 “

320 4361 390 4438 hile
414 4364 598 4454 asseritur,
619 4364 701 4464 quia
725 4379 778 4439 est
801 4379 1062 4440 sacamentum.
