3234 5084
349 425 417 496 iit
469 446 530 498 nm.
547 444 596 497 m.
613 444 700 497 sacr.
717 428 854 499 raram.
870 449 910 499 nr
928 448 1041 501 rnorss.
1062 448 1157 502 aira.
1174 451 1296 505 enarer.

419 564 516 652 Quod
536 590 613 640 vero
635 566 753 640 attinet
773 566 817 640 ad
834 568 1038 668 principium
1063 568 1204 643 alterum
1226 571 1269 646 de
1294 597 1464 651 consensu

343 679 580 767 conditionali,
609 696 774 780 reponunt
803 681 1013 770 adversarii,
1042 685 1208 759 eiusmodi
1236 686 1464 763 conditionem

344 795 516 894 praesumi
538 796 650 895 potius
672 822 775 895 quam
800 795 947 897 probari.
971 799 1055 872 Nam
1076 798 1161 873 haec
1184 800 1331 876 conditio
1353 830 1466 904 neque

345 911 509 1011 implicite
533 938 595 986 seu
621 912 720 986 tacite
745 938 766 986 a
791 912 1065 987 contrahentibus
1092 915 1245 1014 ponitur,
1273 918 1331 1015 qui
1353 918 1465 993 inteu-

345 1026 432 1099 dunt
456 1027 543 1100 inire
568 1028 764 1125 coniugium
789 1026 916 1103 ratione
943 1046 1122 1117 consueta,
1149 1046 1189 1105 ut
1212 1031 1363 1106 fruantur
1391 1035 1466 1110 iure

344 1163 429 1228 suo;
448 1155 481 1214 et
502 1156 593 1242 patet
613 1167 654 1214 er
674 1142 855 1216 renitentia
874 1142 980 1242 partis
1002 1142 1192 1217 derelictae.
1213 1145 1279 1217 Sed
1296 1172 1407 1247 neque
1421 1174 1464 1222 ex

342 1270 437 1355 parte
460 1256 625 1330 ecclesiae
649 1257 814 1332 eiusmodi
840 1257 1021 1359 apponitur
1036 1258 1201 1347 conditio,
1222 1286 1298 1333 cum
1321 1288 1363 1336 ea
1379 1289 1463 1338 nus·

340 1371 433 1470 piam
459 1371 495 1444 id
520 1369 750 1448 declaraverit.
781 1376 888 1448 immo
912 1398 988 1448 oum
1014 1389 1133 1472 agatur
1156 1374 1201 1448 de
1227 1393 1458 1466 sacramento,

264 1536 270 1551 ·
340 1512 416 1560 eam
428 1486 593 1577 excindit,
608 1514 685 1563 cum
703 1514 770 1564 non
788 1491 898 1589 possit
911 1490 1111 1564 sacramenti
1125 1491 1265 1565 effectus
1278 1493 1458 1591 suspendi,

340 1616 374 1674 et
392 1600 473 1673 dum
498 1617 690 1676 contractus
710 1603 898 1702 coniugalis
923 1630 984 1704 per
1005 1629 1208 1679 consensum
1230 1604 1273 1678 de
1290 1607 1460 1704 praesenti

340 1715 535 1804 coniicitur,
556 1716 621 1791 hoc
638 1718 714 1817 ipso
730 1718 909 1794 coniicitur
925 1736 1190 1809 sacramentum,
1207 1721 1299 1820 quod
1316 1722 1460 1818 gratiam

340 1829 495 1929 producit
512 1856 552 1904 ex
573 1858 675 1931 opere
691 1850 849 1933 operato,
870 1860 1025 1935 quaeque
1042 1861 1104 1909 nec
1119 1861 1232 1909 moras
1254 1836 1380 1935 patitur
1396 1864 1460 1912 nec

339 1948 611 2048 suspensionem.
636 1949 793 2050 Alioquin
819 1952 855 2023 in
881 1950 958 2049 ipsa
982 1950 1130 2048 coniugii
1148 1952 1455 2040 consummatione,

339 2089 400 2163 per
411 2089 513 2163 quam
527 2062 745 2164 hypothetica
756 2064 904 2141 conditio
916 2064 1083 2165 expletur,
1107 2066 1327 2140 conficeretur
1342 2093 1458 2142 sacra-

337 2194 507 2268 mentum,
529 2181 897 2283 communicareturque
921 2183 1048 2281 gratia,
1077 2183 1168 2284 quod
1185 2197 1237 2256 est
1254 2181 1452 2256 absurdum.

336 2294 424 2367 Sane
435 2294 494 2395 qui
508 2295 543 2368 in
559 2295 707 2394 coniugii
725 2312 843 2370 mutuo
862 2282 1031 2371 consensu
1049 2295 1241 2396 praebendo
1258 2298 1455 2396 profiteren-

338 2427 391 2484 tur
407 2411 665 2500 continentiam,
693 2413 750 2486 isti
776 2439 962 2512 numquam
980 2427 1227 2486 sacramentum
1249 2414 1452 2512 reciperent,

336 2551 446 2626 neque
458 2526 600 2625 gratiam
615 2527 903 2603 sacramentalem.
922 2526 1006 2614 Quis
1019 2553 1119 2626 porro
1136 2526 1202 2601 hoo
1218 2526 1366 2601 dixerit?
1380 2530 1454 2602 Nou

335 2641 482 2743 denique
508 2643 598 2718 hanc
619 2644 844 2718 conditionem
865 2642 1017 2742 exposcit
1034 2659 1153 2716 natura
1171 2643 1247 2742 ipsa
1262 2659 1455 2718 contractus

334 2757 542 2856 coniugalis3
573 2758 655 2858 quia
680 2759 881 2858 reperiretur
905 2758 940 2831 in
966 2757 1123 2832 omnibus
1157 2759 1380 2834 matrimoniis
1410 2759 1456 2833 le·

334 2872 460 2969 gitimis
473 2873 592 2947 sivein
609 2899 689 2949 vera
705 2874 777 2948 sire
793 2874 830 2946 in
848 2873 933 2948 falsa
955 2872 1048 2946 initis
1065 2872 1239 2971 religione.
1259 2875 1343 2947 Nam
1360 2874 1454 2974 quod

335 2986 475 3060 insitum
496 3002 547 3061 est
573 2988 640 3086 ipsi
659 2988 707 3061 rei
725 3004 883 3087 naturae,
904 2990 1002 3062 toties
1021 2989 1160 3089 reperiri
1177 2988 1298 3077 debet,
1319 2989 1453 3088 quoties

334 3126 388 3175 res
418 3102 495 3200 ipsa
518 3101 694 3190 subsistit;
722 3102 878 3176 subsistit
911 3120 1167 3179 antemnarum
1200 3105 1450 3178 matrimonium

334 3217 436 3292 etiam
462 3218 551 3320 apud
571 3218 726 3294 infideles
752 3235 786 3293 et
811 3218 1019 3307 haereticos,
1048 3219 1139 3319 apud
1155 3245 1242 3320 quos
1264 3235 1376 3294 tamen
1405 3220 1452 3296 lo·

332 3359 409 3407 cum
431 3333 556 3408 habere
580 3360 646 3409 non
671 3350 782 3436 potest
806 3360 847 3407 ea
870 3333 1018 3408 conditio
1039 3336 1127 3430 (38).

405 3450 474 3523 Sub
499 3475 712 3551 quocumque
730 3450 833 3548 igitur
850 3466 1004 3549 respectu
1021 3450 1187 3524 sententia
1203 3448 1288 3523 haec
1305 3475 1451 3550 perpen-

331 3565 450 3654 datur,
474 3580 605 3640 constat
623 3592 697 3640 eam
721 3580 857 3652 nutare,
883 3590 946 3638 nec
967 3563 1107 3638 firmiter
1126 3563 1311 3639 consistere
1331 3566 1421 3661 (39).

330 3825 480 3890 etquidem
499 3840 557 3878 cum
573 3828 684 3891 apostolo
702 3828 793 3891 Paulo,
808 3841 882 3891 quem
896 3825 1001 3889 funesti
1020 3830 1118 3878 erroris
1136 3838 1250 3877 aecnmre
1273 3838 1323 3875 non
1348 3827 1447 3875 veretur

327 3919 360 3957 ne
372 3919 399 3957 se
415 3907 519 3970 turpiter
535 3919 617 3957 errare
630 3907 751 3958 sulcaturi
767 3907 834 3957 Talis
849 3909 887 3958 est
900 3908 1078 3958 haeretieorum
1094 3919 1151 3971 erga
1164 3905 1242 3956 Bibiia
1255 3904 1387 3955 veneratio.
1405 3906 1449 3954 Eo

327 3985 383 4037 dem
395 3986 489 4037 ratione
498 4000 526 4037 se
539 3988 646 4050 gessem
655 3988 766 4037 caecili.
778 3987 932 4038 ptolaemeus
941 3987 1077 4039 haereticus
1086 3985 1210 4050 gnosticus
1220 3988 1330 4049 respectu
1342 3982 1445 4046 Moysis.

401 4066 453 4129 (ts)
467 4067 534 4116 ilaec
554 4067 675 4130 postrema
692 4066 755 4116 ratio
772 4066 865 4118 nuliius
883 4066 999 4130 madoris
1017 4078 1070 4116 esse
1090 4064 1205 4129 ridetur3
1226 4066 1280 4114 tum
1297 4064 1357 4128 quie
1373 4076 1446 4113 nemo

328 4157 445 4208 umquam
460 4144 524 4196 dixit
530 4144 594 4194 hanc
608 4143 773 4196 conditionem
785 4144 912 4210 provenire
928 4159 958 4196 ex
973 4145 1027 4195 iure
1045 4144 1151 4195 naturali
1163 4143 1292 4204 absoluto,
1307 4141 1349 4193 sed
1361 4142 1443 4192 solum

327 4225 353 4274 in
374 4223 502 4288 hypothesi
520 4223 587 4289 quod
610 4226 676 4276 Deus
691 4225 846 4276 constituerit
859 4227 950 4276 statum
961 4224 1117 4288 perfectionis
1132 4223 1300 4288 evangelicam
1314 4224 1368 4273 urm
1384 4221 1444 4286 quta

327 4303 389 4354 haec
406 4302 516 4354 conditio
534 4302 559 4353 in
571 4303 633 4355 salsa
650 4303 768 4368 religione
785 4304 891 4368 supponi
907 4304 1000 4368 nequit.

399 4383 450 4446 (³9)
465 4382 504 4435 ci.
521 4385 610 4435 suarez
624 4386 663 4434 De
677 4382 802 4449 relicinae
817 4386 877 4434 tom.
890 4384 933 4434 lli.
952 4382 996 4435 lib.
1016 4386 1057 4435 lx.
1074 4396 1129 4448 cap.
1143 4389 1181 4438 2³.
1196 4382 1238 4433 ubi
1248 4382 1301 4434 luae
1317 4395 1371 4434 eam
1390 4394 1443 4446 per·

323 4461 444 4527 soluitur.
