3234 5084
325 432 1150 486 cmm.orsmsuram.ernntmsa.mrn.mr.r.
1237 413 1307 485 avt

261 552 313 627 En
338 552 490 627 his'iam
515 568 647 627 constat
670 552 830 651 coniugio
847 576 1048 652 quocumque
1066 552 1105 625 dc
1121 578 1242 638 cauea,
1268 579 1308 628 ac

191 668 335 770 proinde
351 668 395 742 ob
413 667 615 742 adulterium
632 668 817 768 dirempto,
839 694 879 741 ex
897 668 1099 743 Tertulliano
1118 668 1209 742 iuxta
1221 668 1310 743 saln-

190 802 296 859 tarem
323 783 562 883 disciplinam,
583 784 743 881 coniuges
761 784 1001 857 continentiam
1024 811 1085 858 seu
1106 783 1308 857 caelibatum

190 900 357 1001 pmiiteri,
386 902 470 1000 quin
495 900 628 1000 uspiam
647 900 699 974 vel
718 900 836 973 innuat
861 899 1012 1000 quidem,
1041 899 1155 973 alteris
1179 899 1309 999 nuptiis

103 1036 106 1089 ι
189 1016 389 1113 seiungere
414 1041 527 1114 posse.

262 1131 382 1203 Verum
405 1130 556 1228 apertius
574 1129 687 1203 adhuc
705 1128 930 1203 Tertullianus
955 1146 1100 1202 mentem
1125 1154 1222 1202 suam
1243 1128 1308 1203 hac

189 1269 293 1344 anper
304 1271 340 1317 re
353 1244 495 1344 aperuit,
512 1243 663 1318 scribens
677 1244 712 1316 in
725 1242 813 1318 libro
825 1244 874 1315 De
886 1244 1098 1341 monogamia
1111 1268 1187 1315 oum
1201 1242 1310 1317 divor-

191 1361 275 1433 tium
293 1361 327 1432 in
346 1386 450 1433 causa
468 1358 623 1433 adulterii
642 1374 878 1460 perageretur:
899 1390 916 1429 n
935 1358 1136 1434 Evolvamus
1158 1384 1310 1431 commu-

189 1475 246 1548 nia
264 1476 486 1548 instrumenta
509 1475 751 1574 scripturarum
777 1475 1007 1576 pristinarum.
1029 1474 1101 1548 Hoc
1119 1474 1231 1574 ipsum
1254 1473 1310 1547 de

190 1605 433 1665 monstratura
449 1589 567 1679 nobis,
589 1617 700 1692 neque
716 1616 858 1679 novam,
879 1617 989 1691 neque
1016 1606 1207 1665 extraneam
1232 1616 1310 1665 esse

190 1706 423 1804 monogamiae
436 1705 665 1806 disciplinam,
679 1707 747 1780 imo
760 1723 792 1780 et
804 1704 978 1808 antiquam
993 1723 1026 1780 et
1038 1705 1209 1807 propriam
1223 1704 1310 1779 chri·

191 1822 399 1909 stianorum3
420 1837 458 1895 nt
473 1819 681 1895 Paracletum
697 1822 933 1916 (Montanum)
956 1823 1179 1895 restitutorem
1197 1819 1311 1921 potius

191 1938 318 2012 sentias
331 1938 423 2026 eius,
439 1963 542 2038 quam
556 1937 818 2011 institutorem.»
830 1936 961 2010 Deinde
973 1936 1017 2010 ad
1031 1936 1183 2010 divinam
1195 1935 1311 2008 matri·

189 2053 295 2126 monii
320 2053 563 2127 institutionem
582 2053 822 2153 progrediens,
847 2052 894 2126 ita
910 2052 1145 2153 prosequitur:
1170 2052 1236 2122 «Si
1263 2050 1311 2126 ita

190 2166 316 2242 iactum
332 2183 385 2242 est
401 2194 422 2240 a
439 2166 643 2267 primordio,
666 2167 860 2241 invenimus
877 2193 939 2241 nos
958 2167 1001 2240 ad
1021 2167 1154 2241 initium
1171 2166 1272 2264 dirigi
1289 2192 1311 2240 a

188 2282 347 2359 Christo:
375 2284 464 2358 sicut
481 2284 516 2355 in
534 2284 731 2384 quaestione
752 2284 902 2384 repudii,
923 2284 1040 2357 dicens
1065 2283 1149 2356 illud
1174 2299 1312 2383 propter

188 2397 348 2472 duritiam
365 2398 517 2498 ipsorum
530 2425 550 2471 a
564 2399 679 2499 Moyse
696 2424 772 2472 esse
789 2399 1010 2499 permissum,
1028 2398 1072 2471 ab
1086 2398 1183 2472 initio
1197 2414 1310 2472 autem

190 2514 323 2587 nonita
345 2514 473 2601 [uisse3
501 2513 574 2586 sine
601 2512 704 2587 dubio
723 2512 768 2587 ad
786 2513 920 2587 initium
947 2531 1080 2588 revocat
1105 2513 1310 2588 matrimonii

190 2628 474 2703 individuitatem.
503 2628 650 2729 Ideoque
676 2656 764 2730 quos
790 2631 882 2703 Deus
901 2630 944 2703 ab
962 2629 1058 2703 initio
1076 2630 1250 2703 coniunxit
1275 2628 1310 2701 in

189 2772 293 2817 unam
309 2772 444 2819 carnem
461 2746 567 2834 duos,
588 2746 691 2820 hodie
713 2747 815 2828 homo
833 2773 901 2821 non
919 2747 1202 2847 separabit....Et
1225 2745 1311 2820 adeo

192 2859 230 2930 in
254 2858 387 2936 Christo
411 2862 525 2936 omnia
550 2877 749 2935 revocantur
773 2862 818 2936 ad
844 2863 994 2951 initium,
1022 2878 1119 2937 utet
1144 2860 1230 2936 tides
1256 2887 1310 2935 re·

190 3000 291 3049 versa
321 2976 366 3048 sit
390 3003 410 3049 a
434 2976 691 3050 circumcisione
723 2977 767 3050 ad
795 2979 1021 3076 integritatem
1050 2978 1162 3051 carnis
1192 2975 1308 3064 illius,

191 3090 281 3164 sicut
305 3091 353 3164 ab‘
374 3092 471 3166 initio
497 3092 578 3180 suit3
607 3108 640 3166 et
664 3094 868 3168 matrimonii
894 3093 1138 3181 individuitas,
1159 3093 1248 3167 sicut
1264 3092 1309 3165 ab

190 3206 286 3283 initio
310 3207 505 3281 fuit....Sed
531 3209 596 3283 hae
614 3210 922 3307 argumentationes
943 3210 1057 3309 potius
1078 3209 1312 3283 existimentur

188 3321 232 3395 de
255 3324 457 3397 coniecturis
482 3340 636 3412 coactae,
658 3325 688 3397 si
714 3352 780 3399 non
806 3341 839 3398 et
872 3325 1061 3399 sententiae
1091 3323 1305 3407 adstiterint,

189 3463 275 3537 quaa
305 3440 470 3514 Dominus
500 3440 616 3514 emisit
640 3441 675 3513 in
707 3441 841 3540 repudii
873 3456 1074 3529 retractatu,
1102 3439 1194 3538 quod
1232 3440 1309 3537 per-

189 3555 332 3628 missum
357 3555 543 3657 aliquando
568 3558 635 3629 iam
662 3557 837 3657 prohibet3
868 3558 903 3630 in
928 3557 1048 3658 primia
1073 3555 1155 3654 quia
1180 3554 1224 3628 ab
1249 3554 1312 3626 ini·

191 3668 237 3743 tio
254 3696 320 3744 non
339 3671 403 3745 tuit
419 3672 490 3759 sic,
511 3672 602 3746 sicut
618 3673 823 3746 matrimonii
841 3698 1026 3760 numeros;
1044 3687 1114 3744 tum
1128 3670 1209 3770 quia
1223 3695 1311 3770 quos

189 3782 281 3858 Deus
305 3786 499 3873 coniunxit,
527 3786 629 3860 homo
653 3812 721 3860 non
754 3787 943 3888 separabit3
966 3786 1096 3861 scilicet
1121 3812 1163 3859 ne
1194 3801 1311 3860 contra

190 3897 368 3974 Dominum
395 3902 508 3977 iaciat.
529 3903 627 3978 Solus
651 3905 742 3977 enim
769 3902 827 3977 ille
857 3902 1048 4003 separabit,
1076 3901 1135 4003 qui
1164 3917 1197 3976 et
1229 3927 1310 3975 eon-

191 4015 316 4105 iunxit3
338 4018 510 4120 separabit
533 4036 657 4110 autem,
678 4048 818 4121 conpar
845 4020 1005 4093 duritiem
1026 4019 1177 4119 repudii,
1203 4044 1307 4119 quam

189 4235 294 4288 muron
308 4241 373 4291 aret
386 4240 412 4290 in
427 4240 576 4292 walterium
593 4241 863 4306 impingam-adeoque
874 4254 918 4306 pro
927 4242 995 4291 cario
1005 4240 1082 4291 sumit
1091 4240 1240 4291 matrimonii
1251 4240 1305 4291 vin·

190 4317 275 4369 cuium
286 4332 330 4383 per
340 4320 490 4372 adulterium
499 4335 548 4372 non
559 4321 635 4385 solvi,
647 4322 758 4385 alioquin
770 4322 795 4372 in
809 4322 931 4374 eiusmodi
941 4324 1031 4373 statum
1044 4335 1087 4386 per
1099 4320 1167 4371 atiud
1180 4321 1305 4371 matrimo-

189 4396 259 4447 nium
275 4411 326 4450 nou
345 4399 496 4463 impelleret,
516 4400 559 4463 qui
576 4402 677 4452 dimissa
697 4402 827 4464 adultera,
848 4403 950 4453 aiteram
971 4401 1080 4451 duceret.
