3234 5084
313 394 382 465 338
461 414 524 464 mn.
540 409 588 463 ιιι.
603 410 690 462 tter.
711 410 841 462 ιιιιιιι.
862 410 902 462 ιιι
915 409 1027 462 motos.
1043 409 1137 461 ιιιιι.
1160 408 1283 463 onum,

311 557 428 608 omues
445 557 466 605 a
482 531 718 605 communione
739 528 890 604 fidelium
911 528 1130 604 abstinendos
1145 531 1284 626 (184).»
1302 531 1425 605 lterum

311 650 346 720 in
374 648 474 746 epist.
506 644 550 719 ad
573 645 766 719 Victrieium
791 660 1077 743 mtomngensem,
1108 670 1186 719 cnm
1211 647 1425 746 praemissis-

313 778 381 837 set:
406 764 516 836 sltem
534 787 623 861 quae
641 759 776 834 Christo
798 759 993 860 spiritaliter
1010 777 1216 859 nupserunt,
1236 777 1271 835 et
1287 761 1387 835 velari
1404 788 1425 835 a

312 878 485 953 sacerdote
502 892 713 963 meruerunt,
735 875 764 949 si
783 891 902 975 postca
926 873 979 949 vel
1005 874 1140 974 publice
1158 876 1353 976 nupserint,
1372 878 1424 951 vel

312 1019 350 1066 se
367 990 521 1065 clanculo
540 992 767 1090 corruperint,
789 1015 856 1063 non
874 1015 933 1063 eas
950 989 1173 1064 admittendas
1186 1016 1262 1065 esse
1273 991 1316 1064 ad
1329 1018 1427 1089 egeu-

312 1104 390 1178 dam
408 1104 666 1204 poenitentiam,
683 1104 750 1178 nisi
771 1104 815 1192 is,
838 1104 892 1177 eui
914 1130 952 1178 se
972 1104 1163 1192 iunxerant,
1183 1104 1227 1178 de
1243 1104 1359 1179 seculo
1375 1132 1426 1178 re-

311 1220 490 1306 cesserit»
506 1219 673 1294 eiusmodi
691 1220 836 1293 institnit
857 1219 1074 1293 Innocentius
1094 1235 1343 1318 argumentum:
1363 1221 1424 1292 «Si

312 1334 402 1407 enim
426 1333 471 1408 de
494 1333 652 1408 omnibus
677 1334 762 1408 haec
787 1333 873 1407 ratio
898 1333 1106 1422 custoditur,
1134 1350 1173 1408 ut
1196 1359 1426 1435 quaecumque

311 1450 443 1524 virente
467 1450 539 1524 viro
564 1435 658 1523 alteri
685 1449 863 1548 nupserit,
898 1447 1062 1523 habentur
1092 1448 1271 1537 adultera,
1307 1475 1369 1523 neo
1393 1450 1424 1523 ei

311 1564 461 1661 agendae
484 1563 708 1663 poenitentiae
727 1563 865 1637 licentia
886 1563 1106 1652 concedatur,
1128 1565 1193 1639 uisi
1212 1591 1300 1639 unus
1318 1591 1359 1638 ax
1376 1566 1425 1640 eis

312 1676 490 1752 defunctus
508 1677 629 1765 luerit;
654 1694 781 1778 quanto
805 1679 915 1776 magis
940 1678 984 1751 de
1008 1677 1067 1752 illa
1092 1678 1236 1753 tenenda
1252 1695 1319 1766 cst,
1339 1705 1426 1780 quae

313 1810 390 1867 ante
414 1792 593 1867 immortali
620 1820 658 1868 se
683 1819 808 1894 sponso
832 1794 1071 1881 coniunxerat,
1096 1809 1130 1868 et
1154 1812 1269 1894 postea
1293 1795 1336 1868 ad
1362 1796 1427 1869 hu-

312 1934 431 1983 manas
458 1909 595 2008 nuptias
621 1909 872 2006 transmigravit
887 1907 1028 2004 (ttoni

383 2026 434 2097 Ex
459 2023 514 2097 his
535 2022 667 2097 duabus
687 2021 841 2124 epistolis
859 2024 926 2097 duo
944 2022 1108 2097 habemus
1126 2023 1353 2098 ineluctabilis
1370 2025 1428 2099 do

312 2156 467 2215 cumenta
492 2140 535 2213 ad
561 2165 631 2213 rem
657 2156 818 2214 nostrum.
840 2137 1014 2240 Siquidem
1037 2139 1252 2213 lnuocentius
1270 2141 1305 2212 in
1322 2142 1422 2240 epist.

313 2256 356 2330 ad
382 2256 623 2356 Exsuperium,
644 2254 703 2355 qui
720 2281 797 2329 eum
816 2253 1076 2352 interrogaverat
1098 2255 1225 2328 directe
1243 2255 1308 2328 hac
1325 2280 1427 2355 super

312 2397 367 2459 re,
390 2371 565 2471 respondit
588 2370 719 2471 absque
743 2370 813 2444 ullu
838 2369 1033 2470 exceptione
1050 2369 1237 2446 adulterum
1256 2397 1333 2445 eum
1350 2397 1427 2445 esse

312 2485 519 2574 habendum,
528 2487 602 2587 qui,
617 2487 750 2562 vivente
763 2486 875 2561 adhuc
887 2486 990 2587 priori
1003 2511 1119 2575 uxore,
1132 2485 1270 2560 alteram
1279 2485 1423 2573 duxerit,

311 2601 460 2702 loquitur
478 2616 589 2675 autem
614 2617 785 2702 tamquam
812 2599 855 2674 de
881 2626 918 2674 re
941 2601 1211 2701 compertissima
1228 2625 1268 2676 ac
1285 2601 1426 2675 indubia

312 2715 449 2791 dicens:
482 2719 692 2816 manifestum
716 2731 775 2788 est.
808 2716 879 2788 lam
910 2740 990 2790 vero
1015 2716 1045 2790 si
1071 2741 1187 2790 meum
1216 2715 1261 2790 de
1286 2715 1428 2815 repudio

314 2848 453 2930 propter
468 2830 669 2904 adulterium
686 2830 849 2906 voluisset
870 2831 1041 2930 excipere,
1062 2830 1098 2903 id
1115 2855 1275 2930 expresse
1295 2832 1428 2929 signifi-

313 2969 390 3017 care
414 2942 609 3017 debuisset:
639 2959 740 3043 atque
756 2969 796 3018 eo
814 2945 922 3042 magis
939 2970 980 3018 ea
998 2946 1173 3045 responsio
1191 2945 1357 3043 generalis
1373 2945 1426 3017 di-

313 3056 420 3130 cenda
438 3073 491 3130 cst
507 3057 684 3131 excludere
708 3058 809 3131 etiam
835 3084 971 3133 causam
996 3058 1173 3149 adulterii,
1194 3059 1284 3161 quod
1301 3060 1345 3134 de
1361 3059 1427 3134 hoc

314 3171 424 3245 solum
441 3196 524 3245 casu
541 3171 666 3246 moreni
684 3173 829 3271 potuerit
846 3172 999 3246 dubium.
1013 3174 1097 3248 Cum
1114 3174 1252 3248 enimin
1266 3174 1428 3272 religione

313 3285 498 3360 christiana
515 3285 723 3385 exploratum
741 3303 851 3375 esset,
873 3302 1012 3387 excepta
1029 3287 1187 3362 udtdterii
1213 3313 1317 3362 causa
1330 3345 1339 3375 ,
1354 3287 1426 3360 nul

314 3401 381 3474 lam
407 3426 546 3500 prorsus
571 3401 644 3475 dari
670 3402 854 3501 legitimam
881 3402 1094 3478 dimissionis
1115 3429 1254 3490 causam
1278 3428 1354 3476 cum
1377 3401 1426 3474 sa·

315 3515 438 3590 cultate
465 3514 566 3590 aliam
590 3543 728 3591 uxorem
753 3516 919 3605 ducendi,
948 3518 978 3592 si
1003 3517 1095 3617 quod
1120 3516 1260 3589 dubium
1288 3514 1425 3589 excitari

314 3629 1425 3729 mmmmmmmmmmmfflwm

314 3744 401 3832 lam,
422 3770 511 3845 quae
527 3745 617 3846 apud
636 3772 665 3820 s.
678 3746 881 3820 llatthaaum
899 3745 1060 3832 occurrit,
1081 3770 1121 3819 ac
1138 3745 1279 3844 proinde
1295 3746 1338 3819 de
1359 3745 1425 3818 hoc

313 3858 423 3933 solum
449 3885 525 3933 eum
543 3860 650 3960 potuit
667 3859 873 3961 Exsuperius
890 3860 1094 3958 interrogare
1115 3858 1319 3959 pontificem.
1340 3857 1425 3932 (lum

314 3998 392 4047 vero
417 3972 474 4047 hic
498 3971 651 4047 absolute
674 3975 830 4074 quemvis
854 4000 969 4048 casum
998 3972 1194 4061 excluserit,
1223 3974 1426 4073 pronuncia·

195 4131 199 4140 ·
316 4087 427 4187 ritque
442 4113 520 4161 esse
533 4089 627 4161 reum
639 4086 814 4175 adulterii,
830 4088 903 4188 qui,
920 4089 1051 4164 vivente
1062 4087 1175 4164 adhuc
1186 4113 1307 4175 uxore,
1322 4087 1423 4161 aliam

387 4259 453 4335 (ris)
468 4273 616 4338 inrumpet.
629 4277 672 4325 vr.
684 4288 709 4326 n.
724 4283 760 4326 m.
771 4275 820 4325 cot.
832 4279 875 4326 ιιι
886 4289 938 4340 seq.

386 4353 452 4415 (tet)
469 4352 530 4404 lbid.
543 4353 619 4416 Epist.
631 4356 662 4404 ll.
673 4367 699 4404 ιι.
714 4359 749 4405 tt.
762 4353 810 4406 col.
821 4359 866 4407 ttt
877 4367 929 4419 teo.
