3234 5084
303 406 373 478 ΙΙΙ
448 430 510 479 nn.
531 429 580 479 ιιι.
601 428 687 479 srcr.
708 429 840 480 armna.
861 427 1284 481 remurmuremus.

302 564 371 621 tam
397 545 590 621 Tertulliani
616 562 787 633 menam,
815 546 873 645 qui
900 545 966 620 hoo
987 547 1023 618 in
1048 544 1121 620 loeo
1153 545 1197 621 de
1226 546 1422 644 exeeptione

301 661 474 750 adulterii,
499 661 543 734 de
566 687 635 762 qua
651 661 741 761 apud
759 660 966 735 Matthaeum
984 659 1128 735 nendum
1146 660 1348 734 mentionem
1370 660 1421 732 in-

301 777 444 864 iecerat,
472 777 531 852 sed
558 777 672 851 adbuc
697 776 845 851 instabat
870 775 974 850 textui
1004 777 1132 863 Lucae,
1162 789 1200 847 ut
1227 773 1421 849 ostenderet

299 892 500 965 adulterium
525 893 650 991 patrari
676 891 720 965 ab
745 919 802 979 eo,
831 891 890 993 qui
919 892 1036 965 illicite
1059 890 1229 964 dimensam
1245 917 1307 989 pro
1329 889 1419 962 iudi-

300 1008 402 1080 missu
423 1008 564 1092 duam,
587 1008 718 1080 adulter
741 1023 808 1092 est,
836 1007 960 1107 quibus
987 1006 1179 1080 immediate
1196 1005 1329 1080 subdit:
1348 1031 1420 1078 mo·

299 1138 353 1195 aet
372 1126 458 1195 euim
476 1126 738 1209 molemonium,
769 1123 855 1223 quod
878 1150 943 1196 nou
962 1126 1025 1196 rite
1046 1122 1241 1221 diremptum
1266 1136 1331 1206 ert,
1353 1146 1415 1194 seu

299 1238 389 1339 quod
418 1239 563 1312 solutum
592 1239 824 1312 tantummodo
847 1255 899 1312 est
922 1237 1035 1338 quoad
1052 1254 1161 1312 torum
1178 1252 1211 1310 et
1235 1235 1416 1309 habitatio-

298 1381 396 1441 nem3
418 1355 482 1428 hoc
502 1380 582 1429 uero
605 1356 825 1429 confirmatur
842 1381 884 1429 ex
902 1354 1161 1454 insequentibus
1184 1354 1259 1427 eius
1275 1351 1410 1427 verbis:

297 1485 443 1542 mouente
467 1472 694 1553 matrimonio,
721 1471 841 1543 nubere
859 1470 1060 1542 adulterium
1079 1485 1139 1542 eet.

372 1584 408 1656 Si
435 1585 550 1686 itaque
574 1585 799 1659 Tertullianus
826 1588 959 1686 quoties
978 1583 1023 1659 de
1046 1585 1258 1658 matrimonio
1282 1583 1417 1657 loeutus

297 1715 368 1788 est,
397 1700 496 1774 toties
521 1698 606 1772 illud
631 1699 833 1787 insolubile,
854 1726 916 1775 sou
946 1715 984 1773 ut
1015 1700 1090 1800 ipse
1114 1700 1187 1787 ait,
1206 1698 1416 1771 individuum

299 1815 492 1915 praedioat;
515 1816 544 1888 si
570 1816 706 1890 unicam
730 1815 942 1891 dimissionis
968 1842 1107 1890 eausam
1130 1815 1299 1911 assignat,
1320 1813 1417 1887 nimi·

297 1958 371 2004 rum
394 1931 616 2019 adulterium,
646 1932 897 2033 propterquod
925 1932 1122 2007 dimissione
1148 1931 1250 2005 etiam
1276 1944 1410 2017 secuta,

296 2045 444 2119 inculcat
461 2071 657 2144 permanere
674 2047 890 2145 coniugium:
912 2047 942 2120 si
961 2047 1112 2147 insuper,
1133 2073 1208 2120 enm
1227 2046 1312 2119 haee
1331 2045 1417 2118 sori-

296 2160 410 2247 beret‚
443 2161 510 2234 iam
535 2177 608 2234 erat
631 2161 837 2235 montanista
862 2161 1027 2250 allectus,
1063 2161 1216 2262 adeoque
1248 2158 1419 2236 contendit

295 2302 407 2375 neque
437 2291 682 2375 postmortem
716 2303 818 2377 posse
848 2277 961 2349 iterari
989 2278 1151 2376 nuptias,
1186 2277 1306 2349 mirum
1337 2300 1418 2375 pro-

295 2390 382 2464 lecto
399 2406 451 2465 est
471 2390 558 2464 velle
579 2409 695 2466 eontra
716 2391 965 2491 apertissimam
982 2392 1057 2465 eius
1076 2408 1221 2466 mentem
1238 2408 1272 2464 et
1292 2391 1417 2464 doetri-

293 2533 372 2579 nam
398 2505 640 2581 Tertullianum
666 2507 815 2607 prolerre
838 2525 1009 2608 umquam
1034 2508 1276 2609 approbantem
1300 2507 1414 2579 matri·

295 2622 444 2697 monium
471 2622 564 2724 quod
589 2639 668 2723 post
691 2624 888 2697 alterutrius
918 2624 1073 2721 coniugis
1102 2622 1305 2697 adulterium
1334 2648 1415 2696 oon-

292 2739 481 2813 traheretur
496 2741 585 2836 (tl).
597 2739 810 2839 Quapropter
826 2739 983 2812 omnibus
1001 2739 1066 2811 rite
1082 2738 1273 2839 perpensis,
1295 2737 1416 2810 merito

291 2878 353 2927 nos
378 2880 456 2932 euru
484 2854 571 2926 inter
597 2870 699 2927 testes
725 2871 759 2927 et
782 2870 967 2928 assertores
988 2852 1272 2954 locupletissimos
1296 2852 1412 2925 oatbo-

292 2967 379 3044 lioae
404 2969 577 3043 doetrinae
599 2968 643 3042 de
667 2970 966 3045 indissolubilitate
990 2970 1138 3069 coniugii
1157 2970 1192 3042 in
1219 2970 1293 3067 lege
1310 2994 1412 3045 evan-
1528 3008 1531 3014 Α

291 3081 400 3180 galina
426 3082 700 3158 adnumeremus.

363 3198 461 3271 Nune
486 3198 620 3273 tandem
648 3198 738 3273 addo
763 3226 831 3274 non
857 3201 965 3276 solum
992 3200 1254 3288 Tertullianum,
1279 3198 1409 3275 sedvel

288 3314 401 3412 ipsum
427 3315 628 3389 Marcionem
657 3331 772 3389 testem
800 3343 878 3391 esse
900 3317 1073 3391 doetrinae
1098 3318 1134 3390 in
1156 3316 1301 3390 eeclesia
1318 3342 1409 3389 rene-

287 3444 377 3529 ptae,
402 3456 505 3530 quam
519 3457 785 3530 propugnamus.
800 3434 883 3505 Nam
897 3434 927 3506 si
941 3433 1087 3506 Marcion
1109 3431 1281 3506 Christum
1300 3430 1408 3531 Moysi

286 3547 491 3620 eontrarium
517 3546 614 3620 ellert
641 3572 680 3619 er
705 3572 746 3620 eo
763 3548 893 3647 eapite,
914 3548 1005 3648 quod
1023 3547 1175 3622 Christus
1196 3545 1408 3647 prohibuerit

360 3732 412 3795 (tt)
425 3733 495 3790 Quae
505 3744 562 3781 oum
574 3731 608 3781 ita
620 3744 647 3782 re
656 3731 776 3794 liaberet,
786 3733 871 3783 mtrarl
882 3733 966 3783 subeat
976 3733 1101 3797 quomodo
1109 3734 1145 3782 lo.
1153 3731 1296 3782 Gerhardus
1306 3730 1404 3782 locuit.

285 3811 310 3875 §.
322 3816 377 3864 579.
388 3812 414 3861 in
429 3811 538 3862 medium
550 3812 625 3862 allato
636 3813 779 3864 testimonio
790 3828 819 3864 er
834 3814 877 3864 lib.
889 3816 931 3865 ΙΙΙ.
943 3814 1087 3864 Tertullianl
1102 3817 1188 3864 eontm
1205 3813 1355 3863 Marcione.
1364 3816 1404 3862 ta.

284 3904 300 3943 a
318 3891 389 3942 noble
399 3891 526 3952 decusso,
537 3891 644 3942 snubere
661 3895 783 3957 potuerit:
799 3893 970 3945 «Hulusdiett
980 3897 1058 3945 tento
1068 3896 1107 3944 ert
1122 3892 1272 3953 uoluuntur,
1282 3892 1408 3942 utSlrtns

284 3973 392 4021 semotis
405 3971 448 4021 ΙΙΙ).
457 3974 501 4021 ΙΙΙ.
513 3971 631 4022 Biblioth.
640 3972 725 4022 adnot.
739 3981 777 4024 81.
789 3974 1098 4037 sialandensium
1114 3973 1204 4023 referat
1215 3973 1240 4023 Ιιι
1250 3972 1408 4023 elmanen-

283 4064 352 4115 rum,
366 4052 410 4115 qul
425 4054 499 4103 certo
516 4056 543 4104 et
560 4054 715 4106 tndulttntu
731 4053 880 4104 odeerttone
894 4056 1035 4119 utrtuuque
1050 4053 1172 4118 repudtt,
1188 4053 1237 4105 hoe
1252 4056 1303 4114 art,
1315 4065 1333 4103 u
1345 4065 1407 4103 eon·

284 4131 405 4183 tumme
414 4135 440 4183 et
450 4146 468 4184 u
480 4134 611 4185 counubto
622 4134 756 4186 licentium
763 4135 939 4198 malarouta
950 4137 1026 4185 Porro
1035 4134 1120 4185 straus
1130 4137 1253 4197 senense,
1263 4147 1312 4185 non
1321 4136 1405 4183 umen

281 4224 313 4263 ex
331 4214 431 4277 propria
449 4213 586 4277 sonantia,
606 4227 669 4278 quae
688 4214 729 4264 hle
748 4214 885 4264 afferuntur
906 4215 1022 4278 protulit,
1040 4217 1066 4265 et
1080 4214 1180 4278 quidem
1192 4229 1241 4265 non
1253 4215 1405 4277 nnennma

281 4293 454 4357 hoesltattoue,
464 4295 493 4344 nt
507 4307 564 4345 anun
579 4294 668 4358 legent!
679 4294 780 4361 patebit.
792 4298 845 4347 Non
858 4295 932 4360 igitur
943 4309 975 4348 eu
986 4295 1121 4348 eotdentto
1132 4299 1258 4361 mumolus
1269 4298 1320 4359 est,
1330 4308 1408 4361 ιιιιιω

281 4373 304 4424 ei
314 4371 457 4426 Gerhardus
469 4372 573 4437 affingit.
