3234 5084
315 436 693 489 memorosum.
706 436 876 499 munros
889 431 1183 489 consumserit.
1240 417 1305 488 iat

267 558 316 629 Ex
340 555 396 628 his
421 553 520 628 suoile
544 570 597 629 est
612 553 769 652 colligere
786 580 895 654 neque
913 553 1002 628 hano
1018 556 1217 629 sententiam
1234 558 1307 631 suis

192 672 384 747 destitutum
418 695 496 745 esse
523 668 798 757 difficultatibus,
827 695 913 769 quos
939 667 1005 742 late
1029 685 1125 767 urget
1148 671 1304 758 Pontius,

191 786 251 887 qui
276 785 477 885 Vosquezii‚
500 801 754 885 oeterorumque
777 784 837 884 qui
862 782 973 856 eidem
995 784 1179 857 sententies
1203 785 1309 859 edeti-

192 899 298 999 puluti
323 915 403 973 sunt
426 898 566 973 discutit
588 923 630 972 ao
654 898 812 973 dissolvit
837 912 1034 995 argumente
1057 900 1130 993 (5⁰)
1152 916 1251 997 prout
1275 917 1308 973 et

190 1014 249 1088 alii
275 1014 479 1090 reoentiores
495 1013 747 1114 praestiterunt.

680 1236 719 1335 p.
747 1236 805 1308 ιιι.

229 1445 266 1494 lte
285 1442 384 1493 illorum
404 1442 573 1504 theologorum
588 1442 708 1492 aeolentm
722 1440 766 1505 qui
781 1441 929 1493 solutionem
944 1440 1041 1492 rineull'
1054 1440 1203 1492 matrimonii
1221 1443 1270 1493 rati

392 1521 424 1571 ob
438 1521 615 1585 molessmnem
631 1520 770 1584 religiosam
784 1523 898 1584 repetunt
912 1535 928 1571 a
942 1520 996 1572 tore
1010 1520 1104 1572 divino.

264 1708 366 1785 Hiaee
388 1707 573 1794 discussis,
602 1722 757 1807 superest
779 1722 818 1781 ut
842 1707 972 1781 tertiam
990 1707 1203 1806 exploremus
1229 1734 1306 1781 sen-

191 1822 347 1911 tentium,
368 1820 501 1895 illorum
526 1820 673 1909 soilioet,
703 1820 761 1921 qui
787 1822 841 1895 ius
867 1820 1001 1921 dequo
1027 1821 1160 1919 agimus
1186 1849 1206 1895 e
1232 1821 1305 1897 solo

188 1951 365 2012 aroessunt
389 1936 462 2010 iure
478 1935 594 2010 divino
611 1961 718 2037 eoque
738 1936 895 2036 positivo.
913 1936 1009 2011 Hono
1026 1936 1204 2012 adstruunt
1221 1938 1303 2010 San·

187 2051 270 2126 ohsz
299 2054 389 2149 (tt),
427 2051 565 2126 Pontius
593 2053 691 2148 (52),
720 2050 888 2152 Toumely
917 2054 1011 2149 (53),
1038 2050 1178 2126 Billuart
1203 2053 1301 2149 (ol),

187 2165 295 2240 Collet
321 2168 411 2261 (lt),
433 2164 559 2265 aliique
584 2165 655 2239 iere
677 2190 794 2240 omnes
819 2166 1019 2240 recentiores
1046 2166 1215 2241 communi
1240 2165 1305 2239 oel-

187 2279 285 2368 oulo,
314 2281 414 2381 sique
439 2280 596 2355 udheesit
619 2280 821 2355 Benedictus
845 2281 929 2355 liv,
952 2285 1041 2378 (io).

259 2397 344 2470 Eum
366 2421 466 2497 porro
489 2397 648 2470 evinouut
671 2412 740 2470 tum
766 2396 940 2493 negative,
970 2422 1032 2470 seu
1058 2423 1118 2495 per
1142 2394 1305 2471 exclusio·

188 2518 286 2599 nem,
307 2526 379 2586 tum
404 2511 560 2611 positive.
590 2510 750 2610 Negetiue
770 2511 926 2612 quidem,
947 2527 1113 2612 quatenus
1137 2510 1302 2585 eiusmodi

186 2627 241 2702 ius
265 2653 343 2702 oum
359 2632 428 2702 non
453 2626 562 2727 possit
581 2627 703 2702 deduci
728 2654 769 2701 ex
792 2627 868 2725 lege
886 2653 977 2700 mere
1003 2625 1167 2714 naturali,
1193 2651 1304 2725 neque

184 2768 227 2817 ex
250 2741 325 2841 lege
344 2741 592 2831 eeclesiastico,
614 2769 656 2817 eo
673 2742 806 2842 ipsoex
825 2742 900 2839 lege
915 2741 1031 2816 divine
1056 2741 1202 2840 positiva
1227 2767 1303 2840 pm-

186 2858 301 2931 renire
321 2857 503 2932 dioendum
533 2874 597 2932 est.
629 2858 705 2933 Duo
737 2858 850 2958 priore
882 2856 1090 2932 excludenda
1117 2883 1194 2931 esse
1218 2857 1301 2931 sotis

183 2986 316 3045 oonstet
338 2997 378 3044 ex
405 2970 660 3047 diffioultntibus
685 2971 812 3072 quibus
835 2972 1026 3072 superiores
1044 2972 1228 3046 sententiae
1244 2999 1302 3045 ur·

183 3100 325 3183 genter,
353 3112 508 3186 quosque
537 3112 600 3161 nos
624 3087 857 3187 exposuimus.

256 3199 401 3275 Positive
418 3217 529 3275 autem
546 3201 635 3276 idem
652 3203 812 3277 evincunt
828 3201 897 3275 illis
915 3201 1073 3276 omnibus
1093 3203 1299 3298 argumentis

182 3313 309 3415 quibus
334 3314 398 3389 hoo
424 3315 503 3390 fidei
526 3315 650 3414 dogma
675 3313 903 3390 adstruximus
923 3316 1088 3390 adversus
1112 3331 1300 3416 protestan-

182 3443 253 3520 tes,
276 3455 397 3532 nempe
421 3456 463 3504 ex
487 3430 666 3506 traditione
682 3431 903 3531 depromptis.
924 3431 974 3504 lix
991 3430 1061 3505 illis
1077 3431 1166 3504 euim
1192 3445 1300 3504 osten·

181 3544 272 3619 ditur
297 3545 419 3643 iugiter
444 3545 478 3618 in
504 3544 665 3635 eeclesia,
686 3546 770 3648 quin
795 3546 890 3644 origo
914 3547 1079 3644 assignari
1103 3545 1228 3646 possit,
1247 3544 1299 3618 ui-

179 3659 297 3755 geisae
319 3658 386 3735 hoo
417 3660 628 3749 institutum,
658 3677 694 3736 ut
718 3661 818 3736 etiem
846 3677 921 3762 post
952 3677 1138 3737 contrectas
1162 3659 1297 3761 nuptias

252 3905 302 3969 (to)
315 3909 355 3963 lla
363 3910 445 3960 noir.
457 3908 501 3960 litt.
515 3911 558 3960 lx.
573 3918 627 3974 oap.
641 3908 675 3961 ill
690 3922 761 3974 mou.

246 3984 297 4050 (at)
311 3986 365 4038 lte.
380 3990 412 4038 ll.
427 3987 491 4053 disp.
503 3991 568 4042 xlx.
581 4002 606 4040 n.
626 3995 648 4041 a.

251 4066 302 4129 (m)
317 4065 371 4117 lib.
384 4069 429 4121 lx.
442 4081 496 4135 uap.
510 4070 542 4121 V.

250 4146 302 4208 (ω)
317 4147 418 4205 osset.
430 4150 461 4199 v.
474 4152 521 4202 art.
535 4157 558 4202 a.

249 4223 301 4290 (al)
314 4224 385 4290 uiso.
399 4226 431 4277 V.
443 4230 490 4280 art.
504 4236 527 4281 t.
539 4229 563 4295 ς.
575 4235 598 4283 t.

249 4303 302 4368 (tt)
316 4306 377 4371 (lep.
390 4307 445 4358 vll.
458 4310 505 4359 ert.
520 4317 543 4363 a.
557 4314 616 4363 ieet
630 4320 655 4365 a.
668 4326 694 4363 u.
710 4320 763 4365 ass.

250 4383 300 4448 (to)
315 4386 416 4444 Qum
430 4385 474 4437 ott.

139 4472 141 4475 ’
260 4489 302 4547 ιιι
