3234 5084
341 453 409 523 llo
483 474 544 524 nr.
560 475 607 524 nr.
624 474 712 526 sacr.
728 478 858 528 rursus.
875 480 914 529 nn
927 480 1038 532 inorsa
1055 483 1150 532 narr.
1167 484 1291 535 ennnr.

339 610 449 665 tamen
462 615 597 680 eorum,
612 594 670 693 qni
688 593 960 685 adducebantur,
980 598 1048 672 alio
1065 625 1169 673 sensu
1187 601 1316 676 locutos
1335 604 1452 691 luisse,

338 704 429 803 qnod
450 704 506 779 ille
527 705 637 806 palam
663 707 741 781 lecit
764 734 881 783 eorum
907 711 1009 786 dictis
1033 715 1203 813 expensis.
1227 717 1269 787 Et
1286 740 1369 791 saue
1384 744 1455 792 cre-

337 820 446 894 ditum
471 839 547 908 est,
576 823 606 896 si
628 822 770 898 Cuestae
800 824 895 899 locus
921 826 1081 926 loquendi
1109 828 1196 902 inter
1220 831 1347 929 primos
1370 832 1456 907 obti-

336 934 463 1032 gisset,
488 936 577 1010 sicut
594 938 681 1011 inter
702 956 888 1037 postremos
912 940 1097 1015 debebatur
1121 944 1156 1014 in
1181 962 1362 1033 conventu,
1385 964 1457 1021 tan·

337 1067 406 1123 tum
431 1050 476 1124 ab
495 1077 536 1126 eo
560 1078 735 1127 numerum
760 1054 967 1128 asseclamm
992 1072 1195 1155 pertractum
1221 1059 1287 1145 iri,
1308 1078 1453 1159 quantus

336 1165 380 1237 ad
393 1165 610 1240 refellendam
623 1168 816 1267 petitionem
834 1171 918 1244 satis
937 1170 1070 1246 luisset.
1092 1173 1213 1246 Verum
1234 1175 1349 1274 reipsa
1360 1176 1453 1275 plura

335 1281 497 1380 suffragia
522 1302 783 1371 consenserant,
810 1303 849 1359 ut
872 1285 1062 1360 oratoribus
1089 1288 1278 1362 satisfieret.
1298 1321 1315 1359 r

411 1397 484 1466 «ln
510 1422 578 1496 quo
599 1397 717 1472 Suavis
744 1398 892 1494 (Paulus
918 1400 1083 1500 Sarpius)
1109 1400 1239 1500 duplici
1260 1401 1388 1477 laborat
1404 1406 1454 1477 vi·

335 1512 405 1599 tio,
426 1511 552 1610 primo,
573 1513 655 1613 qnia
671 1513 835 1587 describit
859 1532 996 1589 venetos
1016 1540 1082 1588 non
1100 1517 1235 1615 quidem
1254 1544 1357 1618 supra
1376 1518 1454 1591 alla·

335 1644 402 1700 tam
419 1651 538 1700 vocum
553 1627 769 1700 mutationem
784 1645 1030 1727 proponentes,
1048 1628 1109 1702 sed
1124 1630 1223 1728 qnasi
1238 1631 1452 1705 mutationem

333 1739 516 1839 qnamdam
542 1740 576 1812 in
597 1766 717 1838 genere
748 1741 977 1840 postulantes,
1005 1769 1074 1841 qua
1098 1744 1228 1839 graecia
1262 1745 1453 1820 consulere-

334 1873 399 1930 tur.
429 1856 516 1929 lliac
539 1881 619 1929 vero
643 1854 824 1943 audacior,
850 1856 1061 1956 progreditur
1085 1858 1128 1930 ad
1150 1860 1355 1957 carpendum
1374 1887 1453 1936 con-

332 1971 469 2059 cilium,
490 1972 589 2071 quasi
607 1971 818 2072 complexum
839 1971 1055 2046 mutationem
1074 1987 1227 2060 aeream,
1248 1991 1281 2049 et
1297 1975 1451 2049 utilitatis

332 2087 540 2187 effectusque
551 2113 692 2161 vacuam
707 2145 716 2173 ,
731 2086 814 2160 dum
838 2103 972 2173 narrat,
997 2115 1017 2161 a
1034 2088 1207 2190 plerisque
1221 2117 1288 2163 non
1305 2091 1450 2165 discerni

333 2201 415 2302 qnid
437 2201 524 2277 inter
547 2202 692 2301 priorem
715 2218 749 2275 et
765 2202 984 2301 posteriorem
1002 2201 1143 2276 sormam
1163 2204 1357 2291 interesset,
1382 2232 1450 2279 rem

332 2332 444 2388 nmen
470 2314 589 2390 maiori
616 2331 749 2414 patrum
774 2341 914 2390 numero
937 2315 1126 2391 remissam.
1154 2317 1220 2390 Sed
1246 2343 1313 2391 non
1343 2320 1451 2392 solnm

331 2456 446 2506 revera
471 2431 654 2505 discrimen
680 2431 811 2519 inerat,
840 2431 997 2533 quamvis
1023 2431 1200 2520 subtilius,
1231 2432 1291 2506 sed
1320 2435 1450 2508 etiamsi

331 2572 398 2620 non
424 2547 569 2633 inesset,
589 2547 844 2621 convenientius
866 2546 987 2621 luisset
1011 2547 1218 2646 reipublicae
1234 2549 1446 2635 satisfacere,

330 2687 404 2735 earn
428 2662 645 2737 mutationem
672 2664 815 2762 peanti,
836 2661 894 2734 ubi
924 2687 982 2762 per
1006 2688 1081 2735 earn
1103 2689 1215 2737 merus
1237 2690 1363 2751 sonus,
1385 2692 1449 2739 nou

330 2795 441 2852 autern
473 2778 676 2876 significatio
703 2779 891 2852 variaretur
928 2780 1054 2873 (32).»
1088 2779 1259 2853 Hactenus
1294 2780 1450 2854 historio-

331 2892 495 2990 graphas.

402 3007 453 3078 Ex
477 3034 546 3107 qua
570 3009 713 3082 historia
737 3010 902 3085 discimus
931 3010 1185 3084 tridentinornm
1211 3028 1343 3109 patrnm
1362 3037 1449 3084 men·

330 3138 395 3195 tem
420 3122 515 3222 prius
534 3123 640 3198 luisse
656 3123 799 3197 definire
816 3125 934 3197 directe
954 3125 1245 3201 indissolutionem
1261 3124 1447 3221 coniugalis

329 3236 453 3310 vinculi
481 3236 516 3308 in
544 3262 626 3310 casu
651 3237 832 3327 adulterii,
860 3238 984 3311 deinde
1008 3238 1052 3311 ad
1071 3254 1238 3313 oratorum
1256 3256 1447 3314 venetorum

328 3350 628 3451 expostulationem
655 3377 695 3426 ac
721 3378 838 3452 preces
869 3352 1020 3426 eamdem
1049 3380 1119 3427 rem
1149 3354 1303 3427 indirecte
1337 3372 1447 3454 patres

328 3465 536 3540 definivisse.
566 3467 654 3541 Satis
674 3488 758 3542 vero·
779 3493 841 3566 pro
866 3468 1000 3541 concilii
1025 3493 1127 3568 scopo
1143 3469 1315 3541 vennam
1338 3469 1383 3544 de
1401 3471 1449 3542 in·

327 3580 588 3656 dissolubilitate
617 3584 742 3658 vinculi
777 3585 1020 3659 interveniente
1047 3584 1212 3658 adulterio
1235 3585 1443 3659 definivisse.

326 3698 456 3796 Scopus
483 3700 614 3799 quippe
638 3700 771 3773 concilii
801 3717 875 3774 erat
902 3700 1054 3774 eamdem
1081 3700 1255 3774 adstruere
1285 3702 1447 3775 adversus

328 3830 501 3887 novatores
526 3840 595 3888 sec.
617 3817 699 3886 llVl.
729 3816 786 3916 qui
818 3842 884 3889 non
907 3818 1016 3890 solum
1033 3816 1236 3889 contrarium
1261 3815 1444 3899 docebant,

325 3953 440 4001 verum
467 3931 568 4002 etiam
597 3930 662 4003 hac
681 3930 727 4003 de
744 3956 848 4003 cansa
867 3930 1069 4032 impetebant
1085 3930 1247 4004 ecclesiae
1264 3930 1448 4004 catholicae

331 4043 539 4132 doctrinam,
554 4072 697 4147 eamque
711 4047 901 4148 tyrannidis
915 4047 1116 4121 incusabant
1131 4064 1164 4120 et
1179 4047 1315 4121 erroris.
1333 4049 1448 4145 Neque

327 4173 439 4231 tamen
465 4161 616 4259 pepercit
640 4161 820 4235 concilium
840 4187 1035 4257 graecorum
1061 4162 1177 4261 praxi,
1206 4187 1293 4262 qnae
1317 4162 1348 4233 ei
1374 4186 1448 4259 pro-

327 4272 412 4346 lecto
438 4293 612 4374 perspecta
639 4292 728 4362 erat,
758 4276 819 4350 sed
844 4302 918 4351 eam
939 4276 1041 4350 veluti
1071 4277 1284 4374 evangelicae
1307 4292 1341 4350 et
1365 4301 1448 4375 apo·

402 4426 450 4486 (32)
468 4428 537 4475 trist.
553 4438 624 4476 conc.
641 4426 704 4477 trad.
718 4426 761 4477 lllr.
778 4428 854 4476 xxlt.
871 4438 924 4489 cap.
939 4428 980 4476 lv.
996 4439 1020 4478 n.
1034 4431 1115 4478 aluo.
