3234 5084
321 438 391 510 152
465 460 527 510 nn.
548 460 597 511 ru.
619 456 705 510 sacr.
726 457 858 509 urent.
875 458 915 508 nn
933 458 1048 509 runrss.
1066 457 1162 510 narn.
1180 456 1302 510 cnmsr,

239 630 243 641 -
319 579 443 655 cludit:
467 580 588 654 «Hinc
606 579 748 654 insertur
768 577 997 654 omnimodam
1018 577 1349 653 indissolubilitatem
1368 603 1437 655 non

318 712 505 796 competere
531 695 743 770 matrimonio
768 710 1002 769 consummato
1025 720 1066 767 er
1091 708 1232 767 naturae
1256 694 1346 782 iure,
1374 694 1437 769 sed

318 838 360 885 ex
388 812 514 885 Christi
539 811 655 885 divino
676 826 852 912 praecepto
873 810 1017 911 positivo
1042 809 1129 909 qood
1152 811 1240 883 Deus
1266 812 1441 884 coniunxit

319 928 410 999 bomo
429 955 493 998 coo
518 941 661 1025 separet,
690 926 750 999 ubi
775 926 919 1000 elevavit
944 924 1195 998 matrimonium
1217 922 1260 996 ad
1278 951 1355 998 esse
1381 952 1441 999 sa·

319 1041 501 1129 coamenti,
523 1057 555 1114 et
571 1056 609 1113 ut
626 1056 893 1140 repraesentaret
917 1037 1188 1113 indissolubilem
1209 1037 1335 1112 Christi
1361 1065 1439 1114 cum

320 1155 464 1231 ecclesia
489 1182 551 1255 per
576 1182 711 1229 carnem
737 1155 896 1229 unionem
918 1153 1057 1251 (1111).»

393 1271 480 1344 Huic
509 1270 611 1345 etiam
637 1270 824 1345 sententiae
851 1268 1007 1366 energice
1037 1266 1259 1342 bellarminus
1284 1269 1438 1357 insistit,

319 1385 401 1458 dum
426 1384 573 1458 scribere
598 1411 665 1459 non
691 1383 838 1456 dubitat:
859 1381 954 1455 «Illa
972 1381 1165 1456 omnimoda
1189 1381 1439 1457 indissolubili·

317 1515 369 1575 tas
395 1500 431 1572 in
456 1501 535 1574 unis
561 1499 690 1599 nuptiis
716 1524 783 1572 non
808 1512 919 1599 potest
943 1498 1058 1571 referri
1086 1499 1122 1570 in
1149 1522 1287 1573 eausam
1311 1498 1441 1599 prima-

319 1614 417 1702 riam,
438 1631 470 1687 et
490 1614 724 1700 certissimam,
746 1612 812 1687 nisi
835 1613 871 1685 in
894 1613 1028 1711 signum
1050 1613 1294 1687 coniunctionis
1312 1613 1440 1686 Christi

318 1756 393 1803 oum
421 1728 585 1817 ecclesia,
611 1729 646 1799 in
676 1754 780 1828 quam
797 1754 936 1801 causam
954 1742 1118 1828 perpetuo
1132 1727 1343 1824 Augustinus
1356 1752 1433 1803 eam

322 1844 599 1919 insolubilitatem
625 1842 725 1916 refert
746 1845 885 1940 (1115).»

391 1961 433 2035 Et
458 1986 542 2033 sane
566 1987 595 2033 s.
617 1959 827 2057 Augustinus
853 1959 983 2059 passim
1008 1957 1097 2032 hano
1121 1956 1307 2033 doctrinam
1331 1957 1439 2033 incul-

317 2091 390 2163 oat;
413 2076 516 2150 sicin
541 2074 601 2148 hb.
623 2076 650 2147 l.
674 2076 721 2148 De
738 2075 882 2174 captiti:
907 2074 1108 2162 «Quoniam
1127 2099 1194 2147 non
1217 2089 1346 2147 tantum
1371 2072 1443 2149 loe-

317 2189 493 2278 cunditaS,
514 2190 611 2264 cuius
629 2190 758 2264 lmctus
778 2191 813 2262 in
833 2188 1005 2291 probast,
1026 2214 1089 2263 nec
1106 2205 1236 2263 tantum
1255 2187 1435 2289 pudicitia,

316 2305 414 2380 cuius
439 2305 611 2380 vinculum
639 2322 691 2380 est
722 2305 828 2393 fides,
851 2330 967 2380 rerum
999 2305 1101 2378 etiam
1126 2304 1297 2405 quoddam
1319 2331 1434 2379 saera·

315 2436 467 2494 mentum
481 2421 673 2522 nuptiarum
686 2420 939 2494 commendatur
953 2418 1111 2493 fidelibus
1124 2419 1326 2517 coniugatis,
1344 2416 1437 2492 unde

318 2535 401 2609 dicit
417 2535 616 2636 Apostolus:
643 2535 723 2620 Viri,
740 2534 870 2634 diliqite
888 2560 1009 2607 osores
1026 2549 1164 2620 amuco,
1179 2536 1264 2607 sicut
1282 2534 1435 2607 Christos

317 2649 437 2723 dilexit
460 2651 627 2723 ecclsiam
659 2651 803 2746 (1116).»
829 2649 960 2722 Deinde
980 2648 1113 2723 subdit:
1140 2648 1284 2722 «liuius
1314 2647 1435 2747 procul

320 2764 427 2839 dubio
453 2765 652 2839 sacramenti
679 2791 735 2837 res
763 2779 816 2838 est
843 2764 933 2861 (hoc
956 2780 1009 2838 est
1033 2764 1211 2861 effeetus),
1239 2770 1276 2836 ut
1301 2786 1373 2836 mas
1399 2779 1434 2839 et

317 2879 463 2954 foemina
480 2880 661 2986 connubio·
675 2880 840 2979 copulati,
864 2880 1027 2980 quamdiu
1048 2880 1181 2968 vivunt,
1202 2878 1439 2978 inseparabili-

316 3008 367 3066 ter
391 3010 622 3092 perseverent,
639 3019 701 3067 neo
722 2993 838 3082 liceat,
858 3011 997 3093 excepta
1022 3020 1125 3067 causa
1150 2992 1396 3082 fornicationis,
1417 3019 1439 3067 a

317 3107 460 3206 coniuge
484 3112 661 3206 coniugem
687 3109 813 3181 dirimi.
834 3109 906 3183 Hoc
925 3110 1017 3182 enim
1033 3109 1220 3183 custoditur
1245 3108 1279 3181 in
1303 3107 1439 3184 Christo

316 3239 350 3298 et
374 3224 535 3313 ecclesia,
555 3242 593 3298 ut
609 3225 727 3299 vivens
745 3252 823 3299 oum
848 3225 981 3299 vivente
1008 3224 1043 3298 in
1075 3243 1249 3298 aeternum
1271 3224 1364 3299 nullo
1390 3223 1440 3298 di-

314 3341 422 3414 vortio
452 3355 637 3439 separetur.
656 3340 761 3414 Cuius
783 3340 986 3414 sacramenti
1008 3356 1100 3414 tanta
1117 3339 1308 3415 observatio
1332 3340 1439 3415 estin

316 3455 453 3530 civitate
477 3456 538 3529 Dei
557 3457 680 3544 nostri,
705 3457 741 3528 in
760 3475 872 3531 monte
896 3470 1013 3531 sancto
1038 3456 1133 3544 eius,
1154 3455 1219 3529 hoc
1243 3470 1296 3529 ast
1319 3456 1357 3529 in
1383 3482 1440 3531 ec-

315 3569 421 3643 clesia
445 3569 590 3659 Christi,
623 3571 816 3672 quibusque
847 3571 1005 3644 fidelibus
1039 3570 1245 3669 coniugatis,
1277 3571 1336 3671 qui
1363 3570 1449 3646 sine*

315 3683 420 3760 dubio
438 3684 587 3758 membra
617 3702 695 3760 sunt
711 3686 860 3775 Christi,
880 3703 937 3776 ut,
957 3714 1034 3761 cunr
1049 3687 1194 3760 liliorum
1217 3688 1441 3787 procreando-

315 3825 390 3871 rum
408 3825 511 3873 causa
527 3798 578 3873 vel
597 3798 725 3873 nubant
742 3800 926 3889 foeminae,
946 3801 1001 3876 vel
1017 3802 1183 3876 ducantur
1206 3828 1345 3890 uxores,
1374 3828 1439 3877 uec

316 3914 466 3989 sterilem
491 3917 668 4014 coniugem
691 3917 789 3992 laoile
810 3919 857 3992 sit
882 3917 1092 4019 relinquere,
1121 3935 1158 3991 ut
1182 3919 1251 3993 alia
1272 3918 1439 3994 loecunda

315 4026 467 4105 dueatur.
490 4029 588 4116 Quod
604 4032 635 4106 si
652 4032 834 4132 quisquam
852 4033 987 4123 lecerit,
1007 4060 1074 4108 non
1091 4032 1165 4134 lege
1183 4034 1288 4111 huius
1310 4033 1435 4124 seculi,

392 4268 459 4331 (tot)
472 4268 606 4321 11111111.

387 4347 454 4409 (tot)
471 4350 509 4399 De
519 4352 601 4400 matr.
615 4352 727 4402 ο.111.ιι.
742 4357 766 4402 1.

386 4427 452 4491 (tot)
464 4430 525 4494 cop.
536 4434 566 4481 rt
577 4443 602 4482 n.
613 4437 648 4483 to.
659 4432 721 4495 Opp.
734 4430 774 4482 al.
785 4433 862 4482 Maur.
874 4434 933 4483 tom.
946 4436 976 4484 11.
