<?xml version="1.0" encoding="UTF-8"?>
<!DOCTYPE html PUBLIC "-//W3C//DTD XHTML 1.0 Transitional//EN"
    "http://www.w3.org/TR/xhtml1/DTD/xhtml1-transitional.dtd">
<html xmlns="http://www.w3.org/1999/xhtml" xml:lang="en" lang="en">
 <head>
  <title>
</title>
<meta http-equiv="Content-Type" content="text/html;charset=utf-8" />
  <meta name='ocr-system' content='tesseract 3.04.00' />
  <meta name='ocr-capabilities' content='ocr_page ocr_carea ocr_par ocr_line ocrx_word'/>
</head>
<body>
  <div class='ocr_page' id='page_1' title='image "./dematrimoniochr03perrgoog_0090.png"; bbox 0 0 3234 5084; ppageno 0'>
   <div class='ocr_carea' id='block_1_1' title="bbox 326 437 1243 508">
    <p class='ocr_par' dir='ltr' id='par_1_1' title="bbox 326 437 1243 508">
     <span class='ocr_line' id='line_1_1' title="bbox 326 437 1243 508; baseline -0.004 -1"><span class='ocrx_word' id='word_1_1' title='bbox 326 437 370 507; x_wconf 85' lang='lat'>88</span> <span class='ocrx_word' id='word_1_2' title='bbox 507 455 569 508; x_wconf 82' lang='grc' dir='ltr'>ιιι.</span> <span class='ocrx_word' id='word_1_3' title='bbox 587 454 635 506; x_wconf 93' lang='grc' dir='ltr'>ιιι.</span> <span class='ocrx_word' id='word_1_4' title='bbox 652 452 738 506; x_wconf 82' lang='lat' dir='ltr'>socr.</span> <span class='ocrx_word' id='word_1_5' title='bbox 754 453 777 505; x_wconf 95' lang='grc' dir='ltr'>ι.</span> <span class='ocrx_word' id='word_1_6' title='bbox 795 452 835 505; x_wconf 83' lang='grc' dir='ltr'>ιιι</span> <span class='ocrx_word' id='word_1_7' title='bbox 848 454 943 505; x_wconf 77' lang='lat' dir='ltr'>nuru.</span> <span class='ocrx_word' id='word_1_8' title='bbox 959 452 1082 506; x_wconf 80' lang='lat' dir='ltr'>cunm.</span> <span class='ocrx_word' id='word_1_9' title='bbox 1098 453 1243 507; x_wconf 79' lang='lat' dir='ltr'>onrrnre.</span> 
     </span>
    </p>
   </div>
   <div class='ocr_carea' id='block_1_2' title="bbox 306 572 1440 3434">
    <p class='ocr_par' dir='ltr' id='par_1_2' title="bbox 306 572 1440 2399">
     <span class='ocr_line' id='line_1_2' title="bbox 325 572 1437 671; baseline 0.001 -23"><span class='ocrx_word' id='word_1_10' title='bbox 325 576 523 649; x_wconf 89' lang='lat' dir='ltr'>innotescat.</span> <span class='ocrx_word' id='word_1_11' title='bbox 541 573 688 649; x_wconf 85' lang='lat' dir='ltr'>Omissis</span> <span class='ocrx_word' id='word_1_12' title='bbox 700 586 812 647; x_wconf 88' lang='lat' dir='ltr'>autem</span> <span class='ocrx_word' id='word_1_13' title='bbox 829 572 998 647; x_wconf 73' lang='lat' dir='ltr'>Clemente</span> <span class='ocrx_word' id='word_1_14' title='bbox 1020 572 1128 660; x_wconf 60' lang='lat' dir='ltr'>alex„</span> <span class='ocrx_word' id='word_1_15' title='bbox 1145 572 1309 671; x_wconf 81' lang='lat' dir='ltr'>Origene,</span> <span class='ocrx_word' id='word_1_16' title='bbox 1329 574 1437 650; x_wconf 84' lang='lat' dir='ltr'>l&#39;beo·</span> 
     </span>
     <span class='ocr_line' id='line_1_3' title="bbox 324 687 1437 790; baseline 0.002 -29"><span class='ocrx_word' id='word_1_17' title='bbox 324 690 419 790; x_wconf 89' lang='lat' dir='ltr'>philo</span> <span class='ocrx_word' id='word_1_18' title='bbox 442 689 661 789; x_wconf 84' lang='lat' dir='ltr'>antiocheno,</span> <span class='ocrx_word' id='word_1_19' title='bbox 685 688 828 775; x_wconf 85' lang='lat' dir='ltr'>basilio,</span> <span class='ocrx_word' id='word_1_20' title='bbox 854 687 1010 785; x_wconf 79' lang='lat' dir='ltr'>Gregorio</span> <span class='ocrx_word' id='word_1_21' title='bbox 1038 688 1262 776; x_wconf 79' lang='lat' dir='ltr'>nazianzeno,</span> <span class='ocrx_word' id='word_1_22' title='bbox 1291 688 1437 789; x_wconf 86' lang='lat' dir='ltr'>aliisque</span> 
     </span>
     <span class='ocr_line' id='line_1_4' title="bbox 324 801 1436 905; baseline -0.002 -27"><span class='ocrx_word' id='word_1_23' title='bbox 324 831 465 905; x_wconf 87' lang='lat' dir='ltr'>quorum</span> <span class='ocrx_word' id='word_1_24' title='bbox 478 805 581 879; x_wconf 80' lang='lat' dir='ltr'>uerba</span> <span class='ocrx_word' id='word_1_25' title='bbox 597 804 664 877; x_wconf 84' lang='lat' dir='ltr'>iam</span> <span class='ocrx_word' id='word_1_26' title='bbox 680 803 899 903; x_wconf 91' lang='lat' dir='ltr'>protulimus,</span> <span class='ocrx_word' id='word_1_27' title='bbox 916 801 1040 875; x_wconf 78' lang='lat' dir='ltr'><strong>Auctor</strong></span> <span class='ocrx_word' id='word_1_28' title='bbox 1057 802 1284 903; x_wconf 88' lang='lat' dir='ltr'>commentarii</span> <span class='ocrx_word' id='word_1_29' title='bbox 1306 802 1341 874; x_wconf 91' lang='lat' dir='ltr'>in</span> <span class='ocrx_word' id='word_1_30' title='bbox 1361 803 1436 903; x_wconf 87' lang='lat' dir='ltr'>epi-</span> 
     </span>
     <span class='ocr_line' id='line_1_5' title="bbox 324 916 1436 1017; baseline -0.004 -22"><span class='ocrx_word' id='word_1_31' title='bbox 324 919 428 995; x_wconf 89' lang='lat' dir='ltr'>stolas</span> <span class='ocrx_word' id='word_1_32' title='bbox 442 947 472 993; x_wconf 89' lang='lat' dir='ltr'>s.</span> <span class='ocrx_word' id='word_1_33' title='bbox 486 920 578 992; x_wconf 88' lang='lat' dir='ltr'>Pauli</span> <span class='ocrx_word' id='word_1_34' title='bbox 592 919 657 993; x_wconf 93' lang='lat' dir='ltr'>sub</span> <span class='ocrx_word' id='word_1_35' title='bbox 669 945 698 992; x_wconf 88' lang='lat' dir='ltr'>s.</span> <span class='ocrx_word' id='word_1_36' title='bbox 711 918 877 991; x_wconf 79' lang='lat' dir='ltr'>Ambrosii</span> <span class='ocrx_word' id='word_1_37' title='bbox 890 917 1036 1005; x_wconf 91' lang='lat' dir='ltr'>nomine,</span> <span class='ocrx_word' id='word_1_38' title='bbox 1049 916 1096 989; x_wconf 84' lang='lat' dir='ltr'>ita</span> <span class='ocrx_word' id='word_1_39' title='bbox 1104 916 1263 1017; x_wconf 90' lang='lat' dir='ltr'>loquitur:</span> <span class='ocrx_word' id='word_1_40' title='bbox 1278 916 1436 1003; x_wconf 75' lang='lat' dir='ltr'>«Quam-</span> 
     </span>
     <span class='ocr_line' id='line_1_6' title="bbox 325 1031 1435 1136; baseline -0.002 -28"><span class='ocrx_word' id='word_1_41' title='bbox 325 1061 427 1136; x_wconf 90' lang='lat' dir='ltr'>quam</span> <span class='ocrx_word' id='word_1_42' title='bbox 445 1062 466 1108; x_wconf 88' lang='lat' dir='ltr'>a</span> <span class='ocrx_word' id='word_1_43' title='bbox 488 1036 558 1108; x_wconf 87' lang='lat' dir='ltr'>Deo</span> <span class='ocrx_word' id='word_1_44' title='bbox 585 1035 712 1133; x_wconf 83' lang='lat' dir='ltr'>primae</span> <span class='ocrx_word' id='word_1_45' title='bbox 729 1034 866 1133; x_wconf 82' lang='lat' dir='ltr'>nuptiae</span> <span class='ocrx_word' id='word_1_46' title='bbox 883 1032 968 1119; x_wconf 89' lang='lat' dir='ltr'>sint,</span> <span class='ocrx_word' id='word_1_47' title='bbox 988 1031 1145 1103; x_wconf 84' lang='lat' dir='ltr'>secundae</span> <span class='ocrx_word' id='word_1_48' title='bbox 1169 1058 1241 1103; x_wconf 85' lang='lat' dir='ltr'>cero</span> <span class='ocrx_word' id='word_1_49' title='bbox 1254 1035 1435 1130; x_wconf 81' lang='lat' dir='ltr'>pcrmr&#39;ssce</span> 
     </span>
     <span class='ocr_line' id='line_1_7' title="bbox 324 1146 1435 1249; baseline -0.003 -24"><span class='ocrx_word' id='word_1_50' title='bbox 324 1164 412 1225; x_wconf 68' lang='lat' dir='ltr'>attat.</span> <span class='ocrx_word' id='word_1_51' title='bbox 428 1150 581 1249; x_wconf 88' lang='lat' dir='ltr'>Denique</span> <span class='ocrx_word' id='word_1_52' title='bbox 598 1150 726 1249; x_wconf 78' lang='lat' dir='ltr'>primae</span> <span class='ocrx_word' id='word_1_53' title='bbox 753 1149 890 1248; x_wconf 82' lang='lat' dir='ltr'>nuptiae</span> <span class='ocrx_word' id='word_1_54' title='bbox 916 1146 979 1220; x_wconf 91' lang='lat' dir='ltr'>sub</span> <span class='ocrx_word' id='word_1_55' title='bbox 1002 1146 1236 1220; x_wconf 90' lang='lat' dir='ltr'>benedictione</span> <span class='ocrx_word' id='word_1_56' title='bbox 1259 1149 1320 1220; x_wconf 82' lang='lat' dir='ltr'>llei</span> <span class='ocrx_word' id='word_1_57' title='bbox 1346 1149 1435 1222; x_wconf 90' lang='lat' dir='ltr'>cele-</span> 
     </span>
     <span class='ocr_line' id='line_1_8' title="bbox 325 1262 1434 1363; baseline -0.001 -26"><span class='ocrx_word' id='word_1_58' title='bbox 325 1264 465 1339; x_wconf 86' lang='lat' dir='ltr'>brantur</span> <span class='ocrx_word' id='word_1_59' title='bbox 494 1264 704 1339; x_wconf 85' lang='lat' dir='ltr'>sublimiter:</span> <span class='ocrx_word' id='word_1_60' title='bbox 732 1264 901 1339; x_wconf 88' lang='lat' dir='ltr'>secundae</span> <span class='ocrx_word' id='word_1_61' title='bbox 929 1277 1039 1335; x_wconf 88' lang='lat' dir='ltr'>autem</span> <span class='ocrx_word' id='word_1_62' title='bbox 1069 1262 1169 1335; x_wconf 88' lang='lat' dir='ltr'>etiam</span> <span class='ocrx_word' id='word_1_63' title='bbox 1205 1263 1434 1363; x_wconf 77' lang='lat' dir='ltr'>inpraesenti</span> 
     </span>
     <span class='ocr_line' id='line_1_9' title="bbox 306 1378 1433 1477; baseline -0.001 -24"><span class='ocrx_word' id='word_1_64' title='bbox 306 1462 309 1467; x_wconf 12' lang='lat' dir='ltr'>y</span> <span class='ocrx_word' id='word_1_65' title='bbox 326 1396 441 1453; x_wconf 86' lang='lat' dir='ltr'>carent</span> <span class='ocrx_word' id='word_1_66' title='bbox 456 1378 584 1477; x_wconf 78' lang='lat' dir='ltr'>gloria3</span> <span class='ocrx_word' id='word_1_67' title='bbox 600 1405 765 1453; x_wconf 75' lang='lat' dir='ltr'>concemce</span> <span class='ocrx_word' id='word_1_68' title='bbox 785 1394 862 1451; x_wconf 85' lang='lat' dir='ltr'>sunt</span> <span class='ocrx_word' id='word_1_69' title='bbox 886 1392 993 1450; x_wconf 82' lang='lat' dir='ltr'>cotem</span> <span class='ocrx_word' id='word_1_70' title='bbox 1004 1393 1138 1477; x_wconf 81' lang='lat' dir='ltr'>propter</span> <span class='ocrx_word' id='word_1_71' title='bbox 1150 1380 1433 1452; x_wconf 79' lang='lat' dir='ltr'>inconttirectiom:</span> 
     </span>
     <span class='ocr_line' id='line_1_10' title="bbox 325 1493 1435 1595; baseline 0.001 -27"><span class='ocrx_word' id='word_1_72' title='bbox 325 1511 358 1569; x_wconf 88' lang='lat' dir='ltr'>et</span> <span class='ocrx_word' id='word_1_73' title='bbox 382 1495 464 1595; x_wconf 86' lang='lat' dir='ltr'>quia</span> <span class='ocrx_word' id='word_1_74' title='bbox 489 1494 599 1569; x_wconf 85' lang='lat' dir='ltr'>solent</span> <span class='ocrx_word' id='word_1_75' title='bbox 631 1494 811 1567; x_wconf 85' lang='lat' dir='ltr'>viduarum</span> <span class='ocrx_word' id='word_1_76' title='bbox 835 1493 984 1567; x_wconf 85' lang='lat' dir='ltr'>iuniores</span> <span class='ocrx_word' id='word_1_77' title='bbox 1017 1494 1207 1581; x_wconf 80' lang='lat' dir='ltr'>incurrere3</span> <span class='ocrx_word' id='word_1_78' title='bbox 1231 1520 1271 1567; x_wconf 87' lang='lat' dir='ltr'>ac</span> <span class='ocrx_word' id='word_1_79' title='bbox 1292 1520 1353 1593; x_wconf 89' lang='lat' dir='ltr'>per</span> <span class='ocrx_word' id='word_1_80' title='bbox 1370 1496 1435 1570; x_wconf 91' lang='lat' dir='ltr'>hoc</span> 
     </span>
     <span class='ocr_line' id='line_1_11' title="bbox 324 1608 1436 1711; baseline -0.001 -27"><span class='ocrx_word' id='word_1_81' title='bbox 324 1610 479 1684; x_wconf 87' lang='lat' dir='ltr'>concedit</span> <span class='ocrx_word' id='word_1_82' title='bbox 502 1609 668 1684; x_wconf 89' lang='lat' dir='ltr'>secundas</span> <span class='ocrx_word' id='word_1_83' title='bbox 689 1610 803 1706; x_wconf 59' lang='lat' dir='ltr'>(lips</span> <span class='ocrx_word' id='word_1_84' title='bbox 820 1608 874 1683; x_wconf 84' lang='lat' dir='ltr'>Sic</span> <span class='ocrx_word' id='word_1_85' title='bbox 898 1609 996 1683; x_wconf 87' lang='lat' dir='ltr'>etiam</span> <span class='ocrx_word' id='word_1_86' title='bbox 1023 1608 1145 1682; x_wconf 76' lang='lat' dir='ltr'>Auctor</span> <span class='ocrx_word' id='word_1_87' title='bbox 1169 1610 1280 1708; x_wconf 91' lang='lat' dir='ltr'>operis</span> <span class='ocrx_word' id='word_1_88' title='bbox 1313 1610 1436 1711; x_wconf 91' lang='lat' dir='ltr'>imper-</span> 
     </span>
     <span class='ocr_line' id='line_1_12' title="bbox 326 1722 1436 1825; baseline 0.002 -28"><span class='ocrx_word' id='word_1_89' title='bbox 326 1725 402 1800; x_wconf 78' lang='lat' dir='ltr'>fecti</span> <span class='ocrx_word' id='word_1_90' title='bbox 427 1727 463 1798; x_wconf 94' lang='lat' dir='ltr'>in</span> <span class='ocrx_word' id='word_1_91' title='bbox 488 1724 691 1798; x_wconf 85' lang='lat' dir='ltr'>Matthaeum</span> <span class='ocrx_word' id='word_1_92' title='bbox 717 1722 894 1825; x_wconf 57' lang='lat' dir='ltr'>loquitur:⁸</span> <span class='ocrx_word' id='word_1_93' title='bbox 914 1722 1098 1824; x_wconf 70' lang='lat' dir='ltr'>«Apostoli</span> <span class='ocrx_word' id='word_1_94' title='bbox 1117 1740 1356 1825; x_wconf 85' lang='lat' dir='ltr'>praeeepenmt</span> <span class='ocrx_word' id='word_1_95' title='bbox 1381 1752 1436 1800; x_wconf 92' lang='lat' dir='ltr'>se·</span> 
     </span>
     <span class='ocr_line' id='line_1_13' title="bbox 327 1839 1436 1938; baseline -0.001 -23"><span class='ocrx_word' id='word_1_96' title='bbox 327 1839 456 1915; x_wconf 87' lang='lat' dir='ltr'>cundas</span> <span class='ocrx_word' id='word_1_97' title='bbox 471 1839 565 1914; x_wconf 85' lang='lat' dir='ltr'>adire</span> <span class='ocrx_word' id='word_1_98' title='bbox 578 1839 726 1938; x_wconf 80' lang='lat' dir='ltr'>nuptiae,</span> <span class='ocrx_word' id='word_1_99' title='bbox 738 1853 875 1938; x_wconf 78' lang='lat' dir='ltr'>propter</span> <span class='ocrx_word' id='word_1_100' title='bbox 886 1841 1151 1912; x_wconf 80' lang='lat' dir='ltr'>incontinentium</span> <span class='ocrx_word' id='word_1_101' title='bbox 1163 1840 1337 1913; x_wconf 72' lang='lat' dir='ltr'>bominum.</span> <span class='ocrx_word' id='word_1_102' title='bbox 1351 1843 1436 1914; x_wconf 86' lang='lat' dir='ltr'>Nem</span> 
     </span>
     <span class='ocr_line' id='line_1_14' title="bbox 326 1954 1435 2059; baseline -0.003 -28"><span class='ocrx_word' id='word_1_103' title='bbox 326 1956 508 2031; x_wconf 86' lang='lat' dir='ltr'>secundam</span> <span class='ocrx_word' id='word_1_104' title='bbox 533 1956 671 2055; x_wconf 90' lang='lat' dir='ltr'>quidem</span> <span class='ocrx_word' id='word_1_105' title='bbox 702 1955 871 2054; x_wconf 87' lang='lat' dir='ltr'>accipere,</span> <span class='ocrx_word' id='word_1_106' title='bbox 898 1954 1082 2059; x_wconf 88' lang='lat' dir='ltr'>secundum</span> <span class='ocrx_word' id='word_1_107' title='bbox 1108 1971 1319 2055; x_wconf 88' lang='lat' dir='ltr'>praeceptum</span> <span class='ocrx_word' id='word_1_108' title='bbox 1345 1956 1435 2057; x_wconf 75' lang='lat' dir='ltr'>Apo-</span> 
     </span>
     <span class='ocr_line' id='line_1_15' title="bbox 326 2069 1437 2158; baseline -0.002 -13"><span class='ocrx_word' id='word_1_109' title='bbox 326 2071 402 2145; x_wconf 87' lang='lat' dir='ltr'>stoli</span> <span class='ocrx_word' id='word_1_110' title='bbox 428 2087 498 2145; x_wconf 87' lang='lat' dir='ltr'>est:</span> <span class='ocrx_word' id='word_1_111' title='bbox 519 2071 704 2143; x_wconf 90' lang='lat' dir='ltr'>seeundum</span> <span class='ocrx_word' id='word_1_112' title='bbox 728 2085 839 2144; x_wconf 88' lang='lat' dir='ltr'>autem</span> <span class='ocrx_word' id='word_1_113' title='bbox 863 2070 1013 2143; x_wconf 85' lang='lat' dir='ltr'>veritatis</span> <span class='ocrx_word' id='word_1_114' title='bbox 1038 2069 1221 2158; x_wconf 84' lang='lat' dir='ltr'>rationem,</span> <span class='ocrx_word' id='word_1_115' title='bbox 1236 2095 1314 2144; x_wconf 82' lang='lat' dir='ltr'>vere</span> <span class='ocrx_word' id='word_1_116' title='bbox 1333 2070 1437 2145; x_wconf 83' lang='lat' dir='ltr'>iorni-</span> 
     </span>
     <span class='ocr_line' id='line_1_16' title="bbox 325 2182 1440 2286; baseline 0.002 -26"><span class='ocrx_word' id='word_1_117' title='bbox 325 2187 414 2260; x_wconf 85' lang='lat' dir='ltr'>eetio</span> <span class='ocrx_word' id='word_1_118' title='bbox 424 2201 493 2274; x_wconf 85' lang='lat' dir='ltr'>est;</span> <span class='ocrx_word' id='word_1_119' title='bbox 509 2185 571 2259; x_wconf 91' lang='lat' dir='ltr'>sed</span> <span class='ocrx_word' id='word_1_120' title='bbox 586 2187 668 2259; x_wconf 91' lang='lat' dir='ltr'>dum</span> <span class='ocrx_word' id='word_1_121' title='bbox 687 2187 898 2286; x_wconf 88' lang='lat' dir='ltr'>permittente</span> <span class='ocrx_word' id='word_1_122' title='bbox 914 2186 985 2259; x_wconf 88' lang='lat' dir='ltr'>Deo</span> <span class='ocrx_word' id='word_1_123' title='bbox 1002 2183 1134 2285; x_wconf 92' lang='lat' dir='ltr'>publice</span> <span class='ocrx_word' id='word_1_124' title='bbox 1147 2202 1181 2259; x_wconf 88' lang='lat' dir='ltr'>et</span> <span class='ocrx_word' id='word_1_125' title='bbox 1197 2182 1336 2258; x_wconf 84' lang='lat' dir='ltr'>licenter</span> <span class='ocrx_word' id='word_1_126' title='bbox 1347 2210 1440 2261; x_wconf 90' lang='lat' dir='ltr'>oom-</span> 
     </span>
     <span class='ocr_line' id='line_1_17' title="bbox 326 2294 1434 2399; baseline 0 -27"><span class='ocrx_word' id='word_1_127' title='bbox 326 2300 487 2387; x_wconf 87' lang='lat' dir='ltr'>mittitnr,</span> <span class='ocrx_word' id='word_1_128' title='bbox 511 2300 549 2374; x_wconf 85' lang='lat' dir='ltr'>lit</span> <span class='ocrx_word' id='word_1_129' title='bbox 574 2299 715 2374; x_wconf 82' lang='lat' dir='ltr'>honesta</span> <span class='ocrx_word' id='word_1_130' title='bbox 740 2299 915 2374; x_wconf 79' lang='lat' dir='ltr'>fornicatio</span> <span class='ocrx_word' id='word_1_131' title='bbox 934 2294 1038 2396; x_wconf 65' lang='grc' dir='ltr'>(43))Ῑι</span> <span class='ocrx_word' id='word_1_132' title='bbox 1057 2315 1096 2373; x_wconf 88' lang='lat' dir='ltr'>ut</span> <span class='ocrx_word' id='word_1_133' title='bbox 1112 2298 1197 2373; x_wconf 84' lang='lat' dir='ltr'>alios</span> <span class='ocrx_word' id='word_1_134' title='bbox 1216 2294 1434 2399; x_wconf 82' lang='lat' dir='ltr'>praeteream.</span> 
     </span>
    </p>

    <p class='ocr_par' dir='ltr' id='par_1_3' title="bbox 323 2410 1436 3434">
     <span class='ocr_line' id='line_1_18' title="bbox 398 2410 1436 2514; baseline 0.005 -28"><span class='ocrx_word' id='word_1_135' title='bbox 398 2414 469 2487; x_wconf 86' lang='lat' dir='ltr'>Hae</span> <span class='ocrx_word' id='word_1_136' title='bbox 492 2414 569 2514; x_wconf 89' lang='lat' dir='ltr'>ipsa</span> <span class='ocrx_word' id='word_1_137' title='bbox 593 2414 637 2487; x_wconf 89' lang='lat' dir='ltr'>de</span> <span class='ocrx_word' id='word_1_138' title='bbox 665 2440 768 2488; x_wconf 88' lang='lat' dir='ltr'>causa</span> <span class='ocrx_word' id='word_1_139' title='bbox 792 2415 916 2487; x_wconf 82' lang='lat' dir='ltr'>lactum</span> <span class='ocrx_word' id='word_1_140' title='bbox 941 2427 1011 2500; x_wconf 92' lang='lat' dir='ltr'>est,</span> <span class='ocrx_word' id='word_1_141' title='bbox 1039 2429 1076 2486; x_wconf 88' lang='lat' dir='ltr'>ut</span> <span class='ocrx_word' id='word_1_142' title='bbox 1100 2410 1268 2487; x_wconf 83' lang='lat' dir='ltr'>secundae</span> <span class='ocrx_word' id='word_1_143' title='bbox 1297 2415 1436 2514; x_wconf 80' lang='lat' dir='ltr'>nuptiae</span> 
     </span>
     <span class='ocr_line' id='line_1_19' title="bbox 325 2522 1436 2628; baseline 0.003 -27"><span class='ocrx_word' id='word_1_144' title='bbox 325 2529 361 2601; x_wconf 93' lang='lat' dir='ltr'>in</span> <span class='ocrx_word' id='word_1_145' title='bbox 397 2529 539 2602; x_wconf 85' lang='lat' dir='ltr'>ecclesie</span> <span class='ocrx_word' id='word_1_146' title='bbox 567 2555 686 2628; x_wconf 86' lang='lat' dir='ltr'>parum</span> <span class='ocrx_word' id='word_1_147' title='bbox 711 2530 916 2603; x_wconf 82' lang='lat' dir='ltr'>honorificae</span> <span class='ocrx_word' id='word_1_148' title='bbox 940 2524 1153 2602; x_wconf 79' lang='lat' dir='ltr'>haberentur.</span> <span class='ocrx_word' id='word_1_149' title='bbox 1181 2522 1354 2628; x_wconf 75' lang='lat' dir='ltr'>Siquidem</span> <span class='ocrx_word' id='word_1_150' title='bbox 1379 2556 1436 2604; x_wconf 90' lang='lat' dir='ltr'>ec·</span> 
     </span>
     <span class='ocr_line' id='line_1_20' title="bbox 325 2643 1435 2744; baseline -0.001 -25"><span class='ocrx_word' id='word_1_151' title='bbox 325 2643 429 2719; x_wconf 85' lang='lat' dir='ltr'>clesia</span> <span class='ocrx_word' id='word_1_152' title='bbox 447 2645 600 2742; x_wconf 84' lang='lat' dir='ltr'>digamos</span> <span class='ocrx_word' id='word_1_153' title='bbox 622 2672 642 2719; x_wconf 85' lang='grc' dir='ltr'>ιι</span> <span class='ocrx_word' id='word_1_154' title='bbox 661 2645 767 2720; x_wconf 87' lang='lat' dir='ltr'>saeris</span> <span class='ocrx_word' id='word_1_155' title='bbox 785 2644 961 2718; x_wconf 88' lang='lat' dir='ltr'>ordinibus</span> <span class='ocrx_word' id='word_1_156' title='bbox 979 2661 1138 2744; x_wconf 85' lang='lat' dir='ltr'>tanquam</span> <span class='ocrx_word' id='word_1_157' title='bbox 1155 2643 1356 2741; x_wconf 76' lang='lat' dir='ltr'>irregulares</span> <span class='ocrx_word' id='word_1_158' title='bbox 1372 2644 1435 2718; x_wconf 84' lang='lat' dir='ltr'>ad-</span> 
     </span>
     <span class='ocr_line' id='line_1_21' title="bbox 325 2757 1431 2859; baseline 0.001 -29"><span class='ocrx_word' id='word_1_159' title='bbox 325 2758 392 2832; x_wconf 90' lang='lat' dir='ltr'>buc</span> <span class='ocrx_word' id='word_1_160' title='bbox 417 2776 524 2833; x_wconf 86' lang='lat' dir='ltr'>ercet:</span> <span class='ocrx_word' id='word_1_161' title='bbox 554 2762 738 2859; x_wconf 87' lang='lat' dir='ltr'>antiquitus</span> <span class='ocrx_word' id='word_1_162' title='bbox 758 2775 870 2833; x_wconf 82' lang='lat' dir='ltr'>eutem</span> <span class='ocrx_word' id='word_1_163' title='bbox 897 2760 998 2833; x_wconf 84' lang='lat' dir='ltr'>etiam</span> <span class='ocrx_word' id='word_1_164' title='bbox 1026 2757 1252 2858; x_wconf 88' lang='lat' dir='ltr'>poenitentiae</span> <span class='ocrx_word' id='word_1_165' title='bbox 1274 2757 1431 2832; x_wconf 86' lang='lat' dir='ltr'>subiecit.</span> 
     </span>
     <span class='ocr_line' id='line_1_22' title="bbox 325 2871 1435 2948; baseline -0.001 -3"><span class='ocrx_word' id='word_1_166' title='bbox 325 2873 431 2946; x_wconf 82' lang='lat' dir='ltr'>Cuius</span> <span class='ocrx_word' id='word_1_167' title='bbox 455 2876 502 2946; x_wconf 91' lang='lat' dir='ltr'>rei</span> <span class='ocrx_word' id='word_1_168' title='bbox 528 2893 743 2948; x_wconf 87' lang='lat' dir='ltr'>monumenta</span> <span class='ocrx_word' id='word_1_169' title='bbox 766 2873 907 2947; x_wconf 88' lang='lat' dir='ltr'>indubia</span> <span class='ocrx_word' id='word_1_170' title='bbox 931 2888 1042 2948; x_wconf 86' lang='lat' dir='ltr'>extant</span> <span class='ocrx_word' id='word_1_171' title='bbox 1064 2872 1098 2945; x_wconf 91' lang='lat' dir='ltr'>in</span> <span class='ocrx_word' id='word_1_172' title='bbox 1112 2871 1289 2947; x_wconf 64' lang='lat' dir='ltr'>veteribus</span> <span class='ocrx_word' id='word_1_173' title='bbox 1307 2873 1435 2947; x_wconf 90' lang='lat' dir='ltr'>eonsti-</span> 
     </span>
     <span class='ocr_line' id='line_1_23' title="bbox 324 2986 1435 3088; baseline 0.001 -28"><span class='ocrx_word' id='word_1_174' title='bbox 324 2988 521 3061; x_wconf 88' lang='lat' dir='ltr'>tutionibus.</span> <span class='ocrx_word' id='word_1_175' title='bbox 542 2986 592 3061; x_wconf 89' lang='lat' dir='ltr'>De</span> <span class='ocrx_word' id='word_1_176' title='bbox 607 2989 651 3062; x_wconf 93' lang='lat' dir='ltr'>iis</span> <span class='ocrx_word' id='word_1_177' title='bbox 676 2989 736 3088; x_wconf 85' lang='lat' dir='ltr'>qui</span> <span class='ocrx_word' id='word_1_178' title='bbox 761 2988 804 3063; x_wconf 94' lang='lat' dir='ltr'>ob</span> <span class='ocrx_word' id='word_1_179' title='bbox 830 2988 1011 3085; x_wconf 80' lang='lat' dir='ltr'>bigamiam</span> <span class='ocrx_word' id='word_1_180' title='bbox 1036 3014 1057 3060; x_wconf 87' lang='lat' dir='ltr'>a</span> <span class='ocrx_word' id='word_1_181' title='bbox 1083 2988 1190 3060; x_wconf 73' lang='lat' dir='ltr'>moris</span> <span class='ocrx_word' id='word_1_182' title='bbox 1208 3003 1363 3060; x_wconf 86' lang='lat' dir='ltr'>areentur</span> <span class='ocrx_word' id='word_1_183' title='bbox 1379 3013 1435 3061; x_wconf 92' lang='lat' dir='ltr'>or·</span> 
     </span>
     <span class='ocr_line' id='line_1_24' title="bbox 323 3101 1431 3203; baseline 0 -28"><span class='ocrx_word' id='word_1_184' title='bbox 323 3101 460 3176; x_wconf 87' lang='lat' dir='ltr'>dinibus</span> <span class='ocrx_word' id='word_1_185' title='bbox 479 3119 727 3176; x_wconf 90' lang='lat' dir='ltr'>monumentum</span> <span class='ocrx_word' id='word_1_186' title='bbox 753 3119 843 3177; x_wconf 77' lang='lat' dir='ltr'>extet</span> <span class='ocrx_word' id='word_1_187' title='bbox 860 3103 895 3175; x_wconf 93' lang='lat' dir='ltr'>in</span> <span class='ocrx_word' id='word_1_188' title='bbox 913 3102 998 3203; x_wconf 90' lang='lat' dir='ltr'>ipsis</span> <span class='ocrx_word' id='word_1_189' title='bbox 1015 3102 1202 3176; x_wconf 82' lang='lat' dir='ltr'>canonibus</span> <span class='ocrx_word' id='word_1_190' title='bbox 1220 3101 1431 3200; x_wconf 78' lang='lat' dir='ltr'>apostolicis:</span> 
     </span>
     <span class='ocr_line' id='line_1_25' title="bbox 327 3217 1428 3319; baseline 0.003 -32"><span class='ocrx_word' id='word_1_191' title='bbox 327 3217 395 3290; x_wconf 78' lang='lat' dir='ltr'>«Si</span> <span class='ocrx_word' id='word_1_192' title='bbox 425 3218 502 3317; x_wconf 93' lang='lat' dir='ltr'>quis</span> <span class='ocrx_word' id='word_1_193' title='bbox 530 3218 835 3319; x_wconf 87' lang='lat' dir='ltr'>postbaptismum</span> <span class='ocrx_word' id='word_1_194' title='bbox 860 3218 1017 3292; x_wconf 88' lang='lat' dir='ltr'>secundis</span> <span class='ocrx_word' id='word_1_195' title='bbox 1042 3218 1170 3317; x_wconf 90' lang='lat' dir='ltr'>nuptiis</span> <span class='ocrx_word' id='word_1_196' title='bbox 1197 3217 1428 3316; x_wconf 87' lang='lat' dir='ltr'>copulatus...</span> 
     </span>
     <span class='ocr_line' id='line_1_26' title="bbox 324 3331 1429 3434; baseline 0.002 -29"><span class='ocrx_word' id='word_1_197' title='bbox 324 3356 391 3407; x_wconf 89' lang='lat' dir='ltr'>non</span> <span class='ocrx_word' id='word_1_198' title='bbox 416 3347 527 3433; x_wconf 88' lang='lat' dir='ltr'>potest</span> <span class='ocrx_word' id='word_1_199' title='bbox 550 3359 627 3407; x_wconf 90' lang='lat' dir='ltr'>esse</span> <span class='ocrx_word' id='word_1_200' title='bbox 647 3333 846 3433; x_wconf 86' lang='lat' dir='ltr'>episeopus,</span> <span class='ocrx_word' id='word_1_201' title='bbox 866 3332 1142 3434; x_wconf 79' lang='lat' dir='ltr'>conpresbyter,</span> <span class='ocrx_word' id='word_1_202' title='bbox 1162 3348 1221 3407; x_wconf 87' lang='lat' dir='ltr'>aut</span> <span class='ocrx_word' id='word_1_203' title='bbox 1244 3331 1429 3420; x_wconf 81' lang='lat' dir='ltr'>diaconus,</span> 
     </span>
    </p>
   </div>
   <div class='ocr_carea' id='block_1_3' title="bbox 320 3632 1435 4417">
    <p class='ocr_par' dir='ltr' id='par_1_4' title="bbox 322 3632 1432 3767">
     <span class='ocr_line' id='line_1_27' title="bbox 396 3632 1432 3702; baseline -0.002 -15"><span class='ocrx_word' id='word_1_204' title='bbox 396 3635 447 3699; x_wconf 75' lang='lat' dir='ltr'>(in)</span> <span class='ocrx_word' id='word_1_205' title='bbox 462 3635 559 3687; x_wconf 81' lang='lat' dir='ltr'>comm.</span> <span class='ocrx_word' id='word_1_206' title='bbox 575 3635 601 3687; x_wconf 90' lang='lat' dir='ltr'>ln</span> <span class='ocrx_word' id='word_1_207' title='bbox 619 3642 641 3688; x_wconf 90' lang='grc' dir='ltr'>ι.</span> <span class='ocrx_word' id='word_1_208' title='bbox 653 3637 711 3689; x_wconf 83' lang='lat' dir='ltr'>cor.</span> <span class='ocrx_word' id='word_1_209' title='bbox 723 3639 778 3688; x_wconf 85' lang='lat' dir='ltr'>vll.</span> <span class='ocrx_word' id='word_1_210' title='bbox 794 3640 834 3690; x_wconf 75' lang='lat' dir='ltr'>to.</span> <span class='ocrx_word' id='word_1_211' title='bbox 847 3639 875 3688; x_wconf 86' lang='lat' dir='ltr'>lu</span> <span class='ocrx_word' id='word_1_212' title='bbox 889 3634 992 3702; x_wconf 79' lang='lat' dir='ltr'>append.</span> <span class='ocrx_word' id='word_1_213' title='bbox 1008 3634 1105 3700; x_wconf 83' lang='lat' dir='ltr'>ndopp.</span> <span class='ocrx_word' id='word_1_214' title='bbox 1121 3648 1142 3685; x_wconf 81' lang='lat' dir='ltr'>o.</span> <span class='ocrx_word' id='word_1_215' title='bbox 1155 3632 1276 3686; x_wconf 72' lang='lat' dir='ltr'>embroeii</span> <span class='ocrx_word' id='word_1_216' title='bbox 1291 3633 1331 3685; x_wconf 91' lang='lat' dir='ltr'>ed.</span> <span class='ocrx_word' id='word_1_217' title='bbox 1352 3635 1432 3687; x_wconf 67' lang='lat' dir='ltr'>titur.</span> 
     </span>
     <span class='ocr_line' id='line_1_28' title="bbox 322 3715 556 3767; baseline -0.004 -2"><span class='ocrx_word' id='word_1_218' title='bbox 322 3716 383 3766; x_wconf 88' lang='lat' dir='ltr'>tom.</span> <span class='ocrx_word' id='word_1_219' title='bbox 395 3716 428 3766; x_wconf 84' lang='lat'>11.</span> <span class='ocrx_word' id='word_1_220' title='bbox 441 3715 489 3766; x_wconf 87' lang='lat' dir='ltr'>cot.</span> <span class='ocrx_word' id='word_1_221' title='bbox 503 3722 556 3767; x_wconf 78' lang='grc' dir='ltr'>ιιι.</span> 
     </span>
    </p>

    <p class='ocr_par' dir='ltr' id='par_1_5' title="bbox 320 3792 1435 4417">
     <span class='ocr_line' id='line_1_29' title="bbox 395 3792 1431 3861; baseline -0.001 -16"><span class='ocrx_word' id='word_1_222' title='bbox 395 3794 446 3857; x_wconf 75' lang='lat' dir='ltr'>(ts)</span> <span class='ocrx_word' id='word_1_223' title='bbox 460 3794 552 3845; x_wconf 79' lang='lat' dir='ltr'>floruit.</span> <span class='ocrx_word' id='word_1_224' title='bbox 573 3795 672 3846; x_wconf 79' lang='lat' dir='ltr'>xxxll.</span> <span class='ocrx_word' id='word_1_225' title='bbox 687 3795 712 3846; x_wconf 87' lang='lat' dir='ltr'>in</span> <span class='ocrx_word' id='word_1_226' title='bbox 730 3796 817 3847; x_wconf 71' lang='lat' dir='ltr'>matth.</span> <span class='ocrx_word' id='word_1_227' title='bbox 837 3796 862 3846; x_wconf 86' lang='lat' dir='ltr'>io</span> <span class='ocrx_word' id='word_1_228' title='bbox 875 3795 979 3861; x_wconf 81' lang='lat' dir='ltr'>append.</span> <span class='ocrx_word' id='word_1_229' title='bbox 995 3809 1052 3860; x_wconf 90' lang='lat' dir='ltr'>opp.</span> <span class='ocrx_word' id='word_1_230' title='bbox 1071 3808 1092 3845; x_wconf 84' lang='lat' dir='ltr'>e.</span> <span class='ocrx_word' id='word_1_231' title='bbox 1108 3792 1431 3858; x_wconf 66' lang='lat' dir='ltr'>incorporandam.</span> 
     </span>
     <span class='ocr_line' id='line_1_30' title="bbox 322 3873 1433 3939; baseline -0.001 -15"><span class='ocrx_word' id='word_1_232' title='bbox 322 3873 383 3924; x_wconf 82' lang='lat' dir='ltr'>tom.</span> <span class='ocrx_word' id='word_1_233' title='bbox 394 3875 437 3923; x_wconf 80' lang='lat' dir='ltr'>vl.</span> <span class='ocrx_word' id='word_1_234' title='bbox 453 3886 509 3937; x_wconf 76' lang='lat' dir='ltr'>pag.</span> <span class='ocrx_word' id='word_1_235' title='bbox 521 3876 650 3925; x_wconf 76' lang='lat' dir='ltr'>cmlv.</span> <span class='ocrx_word' id='word_1_236' title='bbox 663 3874 709 3925; x_wconf 81' lang='lat' dir='ltr'>cisi</span> <span class='ocrx_word' id='word_1_237' title='bbox 731 3875 772 3927; x_wconf 85' lang='lat' dir='ltr'>bic</span> <span class='ocrx_word' id='word_1_238' title='bbox 787 3878 872 3926; x_wconf 80' lang='lat' dir='ltr'>auctor</span> <span class='ocrx_word' id='word_1_239' title='bbox 887 3875 1008 3926; x_wconf 80' lang='lat' dir='ltr'>secundas</span> <span class='ocrx_word' id='word_1_240' title='bbox 1028 3873 1126 3939; x_wconf 82' lang='lat' dir='ltr'>nuptias</span> <span class='ocrx_word' id='word_1_241' title='bbox 1144 3874 1255 3925; x_wconf 79' lang='lat' dir='ltr'>absolute</span> <span class='ocrx_word' id='word_1_242' title='bbox 1271 3887 1321 3924; x_wconf 89' lang='lat' dir='ltr'>non</span> <span class='ocrx_word' id='word_1_243' title='bbox 1340 3873 1433 3938; x_wconf 81' lang='lat' dir='ltr'>impro-</span> 
     </span>
     <span class='ocr_line' id='line_1_31' title="bbox 323 3951 1434 4019; baseline 0.001 -16"><span class='ocrx_word' id='word_1_244' title='bbox 323 3951 456 4015; x_wconf 61' lang='lat' dir='ltr'>beblum</span> <span class='ocrx_word' id='word_1_245' title='bbox 477 3956 559 4004; x_wconf 81' lang='lat' dir='ltr'>tomen</span> <span class='ocrx_word' id='word_1_246' title='bbox 576 3955 703 4018; x_wconf 76' lang='lat' dir='ltr'>negaverit</span> <span class='ocrx_word' id='word_1_247' title='bbox 722 3956 802 4019; x_wconf 82' lang='lat' dir='ltr'>ipsum</span> <span class='ocrx_word' id='word_1_248' title='bbox 819 3958 911 4006; x_wconf 85' lang='lat' dir='ltr'>temere</span> <span class='ocrx_word' id='word_1_249' title='bbox 925 3954 1000 4006; x_wconf 83' lang='lat' dir='ltr'>decis</span> <span class='ocrx_word' id='word_1_250' title='bbox 1019 3954 1095 4005; x_wconf 78' lang='lat' dir='ltr'>iniere</span> <span class='ocrx_word' id='word_1_251' title='bbox 1110 3954 1220 4004; x_wconf 86' lang='lat' dir='ltr'>locutum</span> <span class='ocrx_word' id='word_1_252' title='bbox 1233 3953 1292 4003; x_wconf 89' lang='lat' dir='ltr'>dom</span> <span class='ocrx_word' id='word_1_253' title='bbox 1312 3953 1434 4004; x_wconf 71' lang='lat' dir='ltr'>emundas</span> 
     </span>
     <span class='ocr_line' id='line_1_32' title="bbox 322 4030 1435 4098; baseline 0.002 -18"><span class='ocrx_word' id='word_1_254' title='bbox 322 4030 421 4093; x_wconf 80' lang='lat' dir='ltr'>nuptias</span> <span class='ocrx_word' id='word_1_255' title='bbox 436 4031 566 4094; x_wconf 73' lang='lat' dir='ltr'>permlem</span> <span class='ocrx_word' id='word_1_256' title='bbox 582 4032 614 4083; x_wconf 85' lang='lat' dir='ltr'>ab</span> <span class='ocrx_word' id='word_1_257' title='bbox 633 4032 751 4097; x_wconf 79' lang='lat' dir='ltr'>Apostolo</span> <span class='ocrx_word' id='word_1_258' title='bbox 766 4036 892 4098; x_wconf 78' lang='lat' dir='ltr'>comparat</span> <span class='ocrx_word' id='word_1_259' title='bbox 909 4045 966 4084; x_wconf 88' lang='lat' dir='ltr'>eum</span> <span class='ocrx_word' id='word_1_260' title='bbox 983 4032 1142 4097; x_wconf 81' lang='lat' dir='ltr'>permissione</span> <span class='ocrx_word' id='word_1_261' title='bbox 1155 4032 1220 4083; x_wconf 81' lang='lat' dir='ltr'>lecta</span> <span class='ocrx_word' id='word_1_262' title='bbox 1239 4034 1337 4082; x_wconf 83' lang='lat' dir='ltr'>aliose</span> <span class='ocrx_word' id='word_1_263' title='bbox 1358 4031 1435 4082; x_wconf 79' lang='lat' dir='ltr'>dondl</span> 
     </span>
     <span class='ocr_line' id='line_1_33' title="bbox 322 4106 1435 4176; baseline 0.004 -19"><span class='ocrx_word' id='word_1_264' title='bbox 322 4106 434 4158; x_wconf 81' lang='lat' dir='ltr'>libellum</span> <span class='ocrx_word' id='word_1_265' title='bbox 454 4109 558 4173; x_wconf 85' lang='lat' dir='ltr'>repudii.</span> <span class='ocrx_word' id='word_1_266' title='bbox 574 4112 625 4162; x_wconf 72' lang='lat' dir='ltr'>Nee</span> <span class='ocrx_word' id='word_1_267' title='bbox 643 4111 747 4175; x_wconf 68' lang='lat' dir='ltr'>mirum</span> <span class='ocrx_word' id='word_1_268' title='bbox 767 4112 807 4161; x_wconf 86' lang='lat' dir='ltr'>hic</span> <span class='ocrx_word' id='word_1_269' title='bbox 828 4111 894 4162; x_wconf 84' lang='lat' dir='ltr'>enirn</span> <span class='ocrx_word' id='word_1_270' title='bbox 920 4113 1007 4162; x_wconf 87' lang='lat' dir='ltr'>auctor</span> <span class='ocrx_word' id='word_1_271' title='bbox 1026 4113 1111 4176; x_wconf 87' lang='lat' dir='ltr'>utpote</span> <span class='ocrx_word' id='word_1_272' title='bbox 1132 4111 1231 4161; x_wconf 80' lang='lat' dir='ltr'>orionus</span> <span class='ocrx_word' id='word_1_273' title='bbox 1250 4114 1275 4161; x_wconf 91' lang='lat' dir='ltr'>et</span> <span class='ocrx_word' id='word_1_274' title='bbox 1300 4124 1435 4162; x_wconf 78' lang='lat' dir='ltr'>anomaeus</span> 
     </span>
     <span class='ocr_line' id='line_1_34' title="bbox 320 4185 1430 4256; baseline 0.005 -20"><span class='ocrx_word' id='word_1_275' title='bbox 320 4185 347 4237; x_wconf 86' lang='lat' dir='ltr'>ln</span> <span class='ocrx_word' id='word_1_276' title='bbox 364 4188 446 4253; x_wconf 82' lang='lat' dir='ltr'>plures</span> <span class='ocrx_word' id='word_1_277' title='bbox 461 4201 556 4241; x_wconf 81' lang='lat' dir='ltr'>errores</span> <span class='ocrx_word' id='word_1_278' title='bbox 571 4190 655 4256; x_wconf 83' lang='lat' dir='ltr'>lapsus</span> <span class='ocrx_word' id='word_1_279' title='bbox 675 4194 722 4243; x_wconf 82' lang='lat' dir='ltr'>est.</span> <span class='ocrx_word' id='word_1_280' title='bbox 733 4194 799 4243; x_wconf 85' lang='lat' dir='ltr'>inter</span> <span class='ocrx_word' id='word_1_281' title='bbox 813 4205 876 4255; x_wconf 81' lang='lat' dir='ltr'>quoe</span> <span class='ocrx_word' id='word_1_282' title='bbox 895 4192 920 4242; x_wconf 91' lang='lat' dir='ltr'>et</span> <span class='ocrx_word' id='word_1_283' title='bbox 933 4191 973 4241; x_wconf 84' lang='lat' dir='ltr'>bic</span> <span class='ocrx_word' id='word_1_284' title='bbox 989 4192 1127 4243; x_wconf 80' lang='lat' dir='ltr'>recensetur</span> <span class='ocrx_word' id='word_1_285' title='bbox 1147 4190 1178 4242; x_wconf 90' lang='lat' dir='ltr'>de</span> <span class='ocrx_word' id='word_1_286' title='bbox 1193 4190 1308 4242; x_wconf 77' lang='lat' dir='ltr'>secundis</span> <span class='ocrx_word' id='word_1_287' title='bbox 1327 4191 1430 4256; x_wconf 80' lang='lat' dir='ltr'>nnpuu.</span> 
     </span>
     <span class='ocr_line' id='line_1_35' title="bbox 320 4264 1431 4338; baseline 0.004 -21"><span class='ocrx_word' id='word_1_288' title='bbox 320 4264 359 4318; x_wconf 81' lang='lat' dir='ltr'>ci.</span> <span class='ocrx_word' id='word_1_289' title='bbox 375 4267 525 4320; x_wconf 80' lang='lat' dir='ltr'>Diutrtbcm</span> <span class='ocrx_word' id='word_1_290' title='bbox 542 4269 578 4322; x_wconf 83' lang='lat' dir='ltr'>cd</span> <span class='ocrx_word' id='word_1_291' title='bbox 598 4284 664 4336; x_wconf 78' lang='lat' dir='ltr'>opor</span> <span class='ocrx_word' id='word_1_292' title='bbox 685 4270 913 4338; x_wconf 72' lang='lat' dir='ltr'>imperfectorum</span> <span class='ocrx_word' id='word_1_293' title='bbox 928 4271 1095 4322; x_wconf 67' lang='lat' dir='ltr'>Meliboeam</span> <span class='ocrx_word' id='word_1_294' title='bbox 1111 4268 1182 4336; x_wconf 68' lang='lat' dir='ltr'>osted</span> <span class='ocrx_word' id='word_1_295' title='bbox 1203 4269 1377 4334; x_wconf 70' lang='lat' dir='ltr'>chrysostomi</span> <span class='ocrx_word' id='word_1_296' title='bbox 1387 4283 1431 4321; x_wconf 81' lang='lat' dir='ltr'>nc·</span> 
     </span>
     <span class='ocr_line' id='line_1_36' title="bbox 322 4348 1431 4417; baseline 0.005 -21"><span class='ocrx_word' id='word_1_297' title='bbox 322 4348 392 4397; x_wconf 76' lang='lat' dir='ltr'>ortae</span> <span class='ocrx_word' id='word_1_298' title='bbox 405 4348 597 4412; x_wconf 70' lang='lat' dir='ltr'>mrcurosertrrr</span> <span class='ocrx_word' id='word_1_299' title='bbox 611 4365 628 4404; x_wconf 74' lang='lat' dir='ltr'>a</span> <span class='ocrx_word' id='word_1_300' title='bbox 642 4352 749 4406; x_wconf 76' lang='lat' dir='ltr'>urum.</span> <span class='ocrx_word' id='word_1_301' title='bbox 760 4352 867 4417; x_wconf 82' lang='lat' dir='ltr'>editore,</span> <span class='ocrx_word' id='word_1_302' title='bbox 887 4350 1073 4415; x_wconf 69' lang='lat' dir='ltr'>uoniam-nnio,</span> <span class='ocrx_word' id='word_1_303' title='bbox 1083 4351 1217 4416; x_wconf 77' lang='lat' dir='ltr'>praemiosa</span> <span class='ocrx_word' id='word_1_304' title='bbox 1229 4349 1277 4402; x_wconf 88' lang='lat' dir='ltr'>loc.</span> <span class='ocrx_word' id='word_1_305' title='bbox 1288 4349 1330 4403; x_wconf 85' lang='lat' dir='ltr'>cit.</span> <span class='ocrx_word' id='word_1_306' title='bbox 1342 4363 1396 4417; x_wconf 76' lang='lat' dir='ltr'>pag.</span> <span class='ocrx_word' id='word_1_307' title='bbox 1411 4351 1431 4402; x_wconf 86' lang='lat' dir='ltr'>i.</span> 
     </span>
    </p>
   </div>
   <div class='ocr_carea' id='block_1_4' title="bbox 0 0 1622 5084">
    <p class='ocr_par' dir='ltr' id='par_1_6' title="bbox 0 0 1622 5084">
     <span class='ocr_line' id='line_1_37' title="bbox 0 0 1622 5084; baseline 0 1"><span class='ocrx_word' id='word_1_308' title='bbox 0 0 1622 5084; x_wconf 95' lang='lat' dir='ltr'> </span> 
     </span>
    </p>
   </div>
  </div>
 </body>
</html>
