3234 5084
371 417 440 468 err.
457 416 489 465 v.
511 415 551 470 ns
565 415 674 469 mnus.
691 417 819 471 rumas.
834 418 930 473 mna.
947 419 1018 473 rnr.
1037 420 1073 475 tr.
1217 399 1281 475 itt

165 538 344 623 dixerunt,
372 548 410 608 ut
435 533 486 609 sic
510 532 673 609 inferrent
696 535 794 612 toties
819 551 948 613 veteres
974 537 1103 615 locutos
1133 558 1211 618 esse
1243 541 1287 613 de

164 651 331 727 solutione
344 648 458 750 quoad
471 648 667 738 vinculum,
687 651 822 750 quoties
838 652 882 727 de
899 652 1045 750 coniugii
1064 653 1288 753 diremptione

163 769 414 853 disseruerunt,
433 765 505 839 sire
521 765 565 838 o'b
583 764 857 856 fornicationem,
879 768 952 844 sive
967 768 1011 843 ab
1028 767 1129 843 aliam
1146 794 1286 845 causam

164 906 414 986 quamcumque
429 883 518 978 (tt).
536 881 597 954 Ast
610 909 784 983 perperam
796 882 881 958 haec
894 886 1081 982 excogitata
1093 909 1170 959 esse
1188 884 1287 959 facile

164 1014 218 1072 est
237 997 433 1083 ostendere,
455 995 484 1069 si
505 996 590 1071 ratio
616 995 782 1071 habeatur
802 1012 873 1071 tum
898 999 1038 1073 intimae
1059 999 1106 1073 rei
1124 1016 1281 1087 naturae,

165 1130 237 1188 tum
267 1114 541 1187 documentorum
570 1138 659 1212 quae
692 1138 733 1185 ex
766 1113 966 1214 antiquitate
996 1114 1155 1189 univerae
1186 1114 1285 1189 nobis

165 1241 368 1328 suppetunt,
392 1242 461 1301 tum
490 1228 673 1324 generatim
698 1253 819 1301 sensus
845 1228 1069 1305 traditionalis
1099 1228 1286 1305 catholicae

165 1343 349 1429 ecclesiae,
378 1341 502 1442 quibus
523 1343 681 1418 certiores
708 1342 875 1417 efficimur
896 1343 1018 1442 iugiter
1037 1370 1058 1417 a
1080 1343 1287 1418 christianae

167 1457 215 1530 rei
241 1456 435 1556 primordiis
458 1480 532 1531 eam
553 1456 739 1531 doctrinam
764 1471 798 1531 et
823 1459 954 1556 praxim
979 1457 1177 1533 obtinuisse.
1209 1458 1285 1530 Sin-

165 1573 247 1672 gula
272 1572 533 1673 perpendamus.
584 1585 620 1629 's

240 1689 350 1763 Primo
374 1690 464 1763 enim
490 1688 642 1763 intimam
668 1690 805 1790 reique
830 1689 873 1764 de
897 1688 1028 1789 agimus
1055 1706 1208 1765 naturam
1225 1716 1282 1764 ex-

166 1826 305 1904 poscere
337 1802 583 1902 separationem
609 1803 682 1879 sive
706 1818 955 1906 temporaneam
988 1805 1060 1879 sive
1088 1820 1284 1906 perpennam

165 1919 368 2017 coniugum,
396 1916 555 1992 ineolumi
581 1918 785 1994 matrimonii
804 1919 961 2008 uinculo,
982 1935 1115 1995 constat
1132 1922 1165 1994 l.
1185 1947 1226 1995 ex
1243 1946 1285 1995 eo

165 2034 257 2135 quod
282 2034 329 2109 sit
353 2034 388 2107 in
413 2033 594 2131 coniugum
619 2033 755 2110 arbitrio
775 2035 812 2108 in
833 2036 1037 2111 continentia
1053 2036 1182 2124 uivere;
1205 2036 1285 2112 lieet

167 2150 378 2227 indiuiduam
403 2150 493 2224 vitae
517 2151 794 2227 consuetudinem
820 2153 1004 2226 retineant:
1038 2161 1106 2252 quo
1134 2153 1170 2225 in
1201 2161 1285 2226 casu

167 2264 311 2339 hahetur
334 2263 470 2364 quidem
496 2265 665 2364 separatio
683 2291 705 2339 a
727 2281 818 2353 toro,
844 2266 983 2340 minime
1006 2290 1085 2341 vero
1106 2265 1285 2366 diremptio

167 2378 351 2455 avincule.
374 2379 500 2480 Ecquis
522 2406 621 2481 porro
641 2379 704 2455 ibit
725 2379 857 2455 inficias
879 2381 915 2452 in
933 2382 1114 2478 coniugum
1130 2404 1207 2456 esse
1223 2407 1284 2481 po-

165 2510 285 2570 testate
304 2496 356 2573 ¹ita
382 2521 420 2571 se
444 2522 580 2594 gerere,
607 2496 708 2572 immo
725 2520 804 2571 sero
822 2495 866 2569 ad
883 2493 971 2570 hanc
987 2495 1032 2570 ab
1048 2522 1114 2570 usu
1134 2497 1289 2594 coniugii¹

165 2612 401 2687 eminentem
417 2624 494 2688 rote
511 2614 613 2686 etiam
630 2638 669 2687 se
684 2611 924 2711 obstringere?
942 2612 1047 2687 Nemo
1064 2627 1176 2687 autem
1194 2612 1284 2687 dicet

165 2726 290 2803 liberos
306 2727 473 2802 'eiusmodi
490 2728 652 2826 coniuges
677 2752 754 2801 esse
778 2726 822 2800 ad
848 2751 970 2802 novum
996 2726 1180 2801 ineundum
1203 2751 1285 2803 con-

168 2841 309 2939 iugium.
331 2843 447 2943 ltaque
467 2842 533 2918 hac
553 2844 590 2917 in
614 2840 797 2943 hypothesi
814 2840 957 2917 habetur
971 2841 1154 2916 divortium
1170 2839 1281 2941 quoad

169 2971 289 3046 torum,
316 2957 454 3033 minime
476 2983 556 3033 vero
580 2957 692 3057 quoad
710 2955 894 3032 vinculum.
916 2956 1005 3056 Ergo
1021 2957 1070 3030 rei
1093 2956 1203 3058 ipsius
1221 2982 1282 3033 ua-

167 3087 242 3145 tum
268 3071 434 3171 postulat,
461 3088 498 3146 ut
521 3072 688 3146 eiusmodi
713 3073 880 3174 separatio
899 3072 1104 3147 admittatur.
1223 3138 1228 3149 .

241 3187 275 3258 l.
296 3185 435 3261 Constat
449 3211 491 3261 ex
506 3211 589 3261 casu
604 3187 696 3262 haud
714 3187 915 3289 infrequenti
936 3187 1066 3287 gravis,
1086 3187 1278 3274 diuturnae,

168 3326 208 3376 ac
230 3325 311 3377 vero
335 3300 435 3377 etiem
460 3315 641 3401 perpetuae
672 3302 876 3378 infirmitatis
910 3302 1102 3377 altemtrius
1129 3301 1283 3400 coniugis

11 3519 19 3530 ο
53 3496 55 3501 ι
168 3415 203 3488 in'
229 3441 297 3516 quo
320 3414 457 3489 abusu
488 3414 636 3512 coniugii
659 3414 819 3493 cohibere
842 3442 881 3491 se
904 3416 1047 3506 dehent,
1074 3432 1117 3493 'et
1149 3416 1282 3490 interim

168 3545 320 3605 mutuum
347 3529 414 3605 sibi
439 3530 600 3605 auxilium
625 3530 786 3632 praebere
811 3533 846 3606 in
872 3560 908 3608 re
932 3532 1108 3620 familiari,
1129 3546 1230 3631 atque
1247 3531 1283 3603 in

168 3643 295 3719 sobolis
314 3645 443 3721 iamdiu
462 3662 652 3746 procreatae
669 3647 888 3724 institutione.
910 3648 961 3722 En
978 3649 1098 3722 iterum
1115 3645 1284 3747 quomodo

168 3775 286 3834 nutura
310 3760 457 3860 postulet
480 3761 724 3861 separationem
748 3764 861 3864 quoad
886 3781 994 3839 torum
1011 3763 1145 3862 vigente
1165 3763 1283 3838 coniu-

166 3874 233 3971 gali
250 3876 397 3952 viuculo.
417 3877 592 3979 Siquidem
609 3904 672 3952 nec
696 3878 732 3953 hi
759 3896 902 3979 possunt
922 3904 1025 3956 noras
1043 3880 1130 3954 inire
1145 3880 1283 3980 nuptias

167 3990 272 4065 altero
295 3993 407 4069 adhuc
431 3996 466 4069 in
491 3994 578 4071 viris
599 4011 728 4094 agente.

242 4221 293 4284 (17)
309 4222 345 4273 lfa
360 4235 446 4276 omnes
462 4225 613 4291 antiquiores
633 4226 749 4279 humetlci
765 4240 831 4280 saec.
842 4229 907 4279 xvi.
923 4229 1047 4281 liudierus
1065 4230 1093 4281 iu
1103 4229 1147 4282 lib.
1159 4234 1197 4283 Dc
1209 4232 1279 4296 capt.

166 4297 259 4364 Bubul.
274 4313 329 4366 esp.
340 4305 379 4354 De
398 4306 514 4356 matrim.
528 4305 617 4372 Philip.
631 4307 786 4363 Melanthios
803 4308 831 4359 in
840 4308 899 4360 loc.
913 4307 1024 4376 theclae.
1037 4309 1074 4362 fit
1087 4313 1131 4377 ⁸De
1144 4313 1279 4374 contusio,

166 4378 319 4432 (themnttius
339 4383 365 4432 in
387 4386 418 4433 tt.
432 4388 495 4448 pert.
510 4386 635 4437 neumis.
647 4400 717 4439 conc.
729 4387 788 4440 trid.
801 4388 895 4453 titique
914 4389 1014 4454 pssum
