3234 5084
288 507 416 559 meru.
429 506 470 557 ur
487 505 584 557 seusu
601 506 694 557 rme.
710 504 773 559 err.
790 506 1150 561 murmurmurmur.
1222 489 1291 560 389

174 627 301 704 seculis
318 626 437 702 eadem
450 625 592 700 invaluit
602 625 756 700 doctriua
768 652 829 700 seu
843 626 955 726 potius
972 626 1175 728 corruptela.
1194 629 1297 704 Porro

174 744 323 844 idipsum
337 743 486 844 proiecto
499 741 697 840 contigisset
713 740 837 816 seculis
852 743 1031 831 anteactis;
1048 744 1078 818 si
1094 745 1233 847 quidem
1245 772 1298 820 es·

173 859 252 934 dem
277 858 430 934 doctrine
455 858 491 930 iu
516 857 660 932 ecclesia
685 856 891 932 obtinuisset
918 857 1098 934 catholice.
1119 860 1191 933 lam
1215 886 1297 935 vere

176 990 306 1049 tuntum
331 972 450 1055 abest,
474 987 513 1046 ut
537 974 653 1073 praxis
678 972 846 1047 eiusmodi
873 973 908 1045 in
934 973 1101 1048 catholiea
1130 974 1297 1050 introduci

175 1090 322 1167 ecelesia
346 1089 508 1190 potuerit,
529 1107 568 1163 ut
584 1115 661 1163 cum
680 1091 907 1190 potentissimi
926 1091 1118 1191 principes,
1139 1118 1235 1190 reges
1259 1118 1299 1166 sc

179 1209 400 1308 imperatores
424 1206 605 1279 divortium
636 1206 840 1307 quaudoque
869 1206 1154 1307 pertentaverint,
1187 1210 1299 1281 statim

180 1320 251 1395 illis
277 1320 405 1395 romani
437 1320 615 1419 pontifices
644 1336 677 1394 et
708 1321 851 1394 coucilia
882 1320 1103 1409 obstiterunt,
1137 1321 1185 1394 uti
1215 1322 1301 1396 inter

176 1452 290 1512 cetera
316 1435 462 1510 Lotharii
491 1434 665 1535 exempla,
702 1435 850 1536 Philippi
885 1435 1052 1535 Augusti,
1085 1435 1301 1536 aliorumque

182 1577 306 1650 magno
330 1576 470 1626 numere
495 1551 725 1626 demonstrent
744 1552 858 1648 (287).
883 1551 957 1625 lluo
973 1550 1179 1626 colliduntur
1195 1577 1300 1652 quae·

186 1692 332 1769 eumque
343 1665 512 1742 launoius
524 1691 602 1740 cum
619 1664 761 1740 asseclis
778 1666 852 1740 suis
870 1681 962 1741 unte
980 1664 1095 1743 labore
1111 1666 1292 1765 congessit.

604 1958 785 2019 OAPU'I'
818 1961 883 2016 lv.

252 2210 293 2260 Mi
318 2208 507 2261 GRAECOBU!
533 2209 624 2259 Pllffl
650 2209 752 2269 uncus
777 2208 902 2260 CANONE
927 2209 1116 2260 retundente
1142 2209 1233 2263 oinct

370 2324 699 2375 ruurssouuururrrreu
724 2323 902 2374 ceelsrlm
927 2324 1113 2375 levemont!

559 2437 593 2487 ΙΝ
618 2437 715 2487 CAUSA
741 2438 919 2487 noceretur.

618 2644 827 2701 ARTlCULUS
846 2645 869 2700 l.

221 2863 264 2922 lte
282 2870 386 2923 nature
405 2870 435 2923 et
453 2864 565 2940 origine
584 2875 721 2920 erroneae
739 2876 879 2937 praeseus
900 2875 1068 2938 graecorum
1086 2860 1263 2922 dissolvendi

325 2960 365 3020 ob
381 2959 553 3022 adulterium
573 2961 724 3036 conlugtl,
744 2958 838 3035 deque
857 2957 996 3019 scelestae
1019 2974 1157 3020 remanes

451 3056 507 3117 hec
526 3059 557 3116 tu
578 3072 610 3117 re
630 3073 699 3133 erge
718 3071 839 3134 graecos
858 3058 1038 3117 oeconomia.

260 3280 344 3355 Cum
370 3280 414 3355 de
438 3307 632 3379 graecorum
658 3308 750 3357 more
774 3308 816 3357 sc
837 3284 933 3383 praxi
952 3283 1042 3358 circe
1064 3281 1309 3357 dissolubilite-

185 3416 253 3472 tem
267 3396 500 3495 coniugiorum
513 3415 649 3497 propter
665 3396 868 3472 adulterium
884 3398 1105 3489 disserimus,
1123 3423 1190 3472 uon
1207 3396 1308 3471 modo

184 3538 323 3612 meos
347 3511 391 3586 ab
415 3510 580 3586 ecelesiae
603 3511 788 3587 catholicae
805 3515 934 3588 unitate
951 3513 1172 3600 dissociatos,
1192 3538 1309 3586 verum

184 3629 286 3703 etiam
304 3654 443 3727 graecos
461 3628 497 3700 in
518 3654 559 3702 ee
575 3628 704 3702 unitate
721 3630 946 3704 consistentes
962 3627 1226 3729 complectimur.
1244 3627 1310 3700 llx-

187 3742 351 3844 ploratum
381 3743 472 3818 euim
496 3760 549 3818 est
572 3769 630 3818 eos
655 3769 676 3817 a
701 3742 855 3843 pluribus
880 3744 1006 3819 seculis
1030 3743 1248 3818 consuevisse
1274 3742 1309 3815 in

185 3857 342 3933 adidterii
367 3886 451 3935 cusu
475 3860 523 3933 ite
547 3858 706 3932 dirimere
730 3859 907 3958 coniugia,
935 3876 974 3934 ut
997 3885 1074 3933 cum
1098 3857 1176 3932 aliis
1197 3884 1311 3959 respe-

185 3973 273 4048 ctive
296 3975 380 4049 viris
405 3992 465 4050 aut
487 3974 644 4051 foeminis
669 4001 707 4050 se
733 3976 831 4050 novis
858 3976 988 4076 nuptiis
1014 3974 1183 4075 copulent.
1219 3974 1311 4048 Haec

258 4152 325 4215 (287)
340 4154 421 4206 Huius
434 4155 546 4220 exempla
561 4155 726 4220 oppositionis
741 4155 800 4206 suut
814 4153 1118 4220 cupientissimus
1132 4152 1310 4217 td.,1ttccluil.

184 4235 213 4285 et
227 4232 351 4298 tertull,
367 4234 478 4299 Gregorii
493 4238 525 4288 v.
542 4238 569 4288 et
585 4235 704 4299 nubent,
720 4234 854 4288 Alexandri
870 4237 914 4287 ΙΙΙ.
924 4236 950 4286 et
965 4234 1065 4287 fleurtci
1076 4234 1120 4285 111.
1132 4233 1226 4285 Urbani
1239 4235 1271 4284 11.
1283 4235 1310 4284 et

185 4312 294 4377 Philippi
310 4315 329 4364 1.
344 4315 426 4365 catere
442 4315 523 4366 recole
537 4314 602 4381 apud
619 4317 685 4367 Beni
698 4319 734 4367 De
753 4313 897 4380 Theolootc.
909 4312 1013 4381 dttotpl.
1030 4316 1092 4366 tour.
1102 4315 1147 4365 lv.
1157 4313 1190 4365 ab
1201 4326 1242 4365 uu.
1253 4317 1308 4364 cto.

184 4392 218 4443 sd
230 4399 349 4446 enlm.
364 4394 410 4445 etr!
426 4393 547 4447 luteam
562 4408 612 4447 nou
628 4396 712 4448 omnia
724 4394 847 4447 eiusmodi
869 4395 978 4449 divortia
998 4395 1046 4447 snb
1065 4395 1168 4447 obtentu
1192 4392 1308 4446 motuni
