3234 5084
332 456 403 507 err.
421 454 456 506 ιι.
472 453 513 506 os
531 453 644 507 morsa.
661 455 756 506 ιιιι.
776 454 810 509 tn
828 453 918 509 crue
935 452 1049 507 macr.
1064 457 1135 511 rar.
1149 457 1186 509 rr.
1258 437 1327 509 tii

285 574 373 647 Sane
397 572 433 645 in
458 597 562 647 eausa
580 571 713 647 xxxii.
730 599 771 648 ex
793 572 918 648 Christi
943 572 1055 648 verbis
1080 574 1197 649 hlattb.
1214 574 1251 648 i.
1269 578 1327 649 it.
1383 620 1386 633 ι

211 705 247 761 et
268 687 355 763 xlx.
379 690 413 759 i.
438 685 626 761 declaratur
651 713 753 788 posse
776 690 934 765 maritum
951 704 1085 788 propter
1105 688 1331 787 [emicationis

211 830 360 889 marom,
380 803 432 880 vel
458 804 493 877 in
519 831 620 878 conec
642 805 870 905 fornicationis
896 832 1033 879 uxorem
1059 805 1248 893 dimittere,
1270 831 1331 881 neo

209 919 315 994 aliam
327 919 480 1007 interim,
497 918 650 994 adultera
660 921 811 1007 vivente,
826 920 950 994 ducere
966 922 1149 1018 (ldiltem
1162 921 1196 993 in
1213 920 1332 997 eadem

211 1060 317 1109 causa
333 1034 622 1135 qu.V.oapp.1ii.
639 1037 699 1109 si.
716 1037 775 1110 22.
797 1032 967 1133 (mineo
984 1062 1052 1111 non
1064 1036 1328 1113 causaXXXlll.

112 1236 117 1243 ,
212 1162 345 1249 quaest.
371 1151 398 1222 i.
424 1174 501 1249 oap.
526 1151 554 1222 l.
577 1150 856 1225 ldem'statuitur
885 1151 920 1224 in
950 1150 1010 1225 iii».
1031 1152 1083 1225 iv.
1109 1150 1332 1227 Decretalium

212 1262 364 1362 Gregorii
389 1264 445 1336 ix.
471 1265 521 1338 tit.
543 1265 571 1337 Ι.
595 1291 671 1365 cap.
688 1267 723 1337 i.
749 1265 880 1340 titii.
905 1292 981 1365 cap.
999 1268 1033 1338 8.
1050 1264 1109 1337 ubi
1136 1266 1252 1339 lnnoo.
1269 1267 1318 1338 iii

212 1407 244 1455 o.
262 1379 449 1455 Gendernnt
472 1380 517 1455 ad
542 1381 785 1456 adstruendum
813 1406 883 1455 non
902 1381 1004 1457 licere
1021 1382 1135 1482 plures
1153 1381 1255 1456 simul
1273 1381 1334 1455 ha·

212 1496 293 1571 bere
313 1521 436 1570 uxores
456 1495 587 1597 inquit:
607 1497 726 1569 «Sene
741 1496 890 1572 veridica
914 1496 999 1571 haec
1024 1496 1192 1573 sententia
1212 1494 1333 1595 proba·

212 1626 268 1685 tur
290 1610 393 1686 etiam
417 1610 461 1684 de
486 1610 678 1685 testimonio
701 1611 857 1686 Veritatis
884 1611 1039 1687 testamis
1063 1612 1099 1685 in
1116 1609 1329 1708 Evangelio:

213 1725 415 1825 Qatbnmqne
438 1724 600 1799 dimiserit
631 1752 767 1801 onorem
789 1753 906 1812 onom,
939 1727 978 1801 ob
1004 1728 1274 1827 fornicationem,
1302 1740 1334 1799 et

213 1841 319 1915 client
347 1838 500 1925 donarit,
531 1841 729 1915 molietur.
753 1843 787 1914 Si
818 1868 898 1940 ergo
926 1867 1030 1917 uxore
1059 1842 1224 1929 dimissa,
1253 1840 1332 1914 duci

212 1956 281 2031 alia
302 1955 347 2030 de
371 1956 446 2031 iure
469 1966 536 2031 non
561 1970 690 2058 petest,
719 1958 839 2032 lortius
856 1973 890 2031 ei
905 1958 981 2058 ipsa
1002 1970 1167 2033 retenta»
1182 1954 1246 2030 Ubi
1264 1956 1335 2031 eri·

213 2073 299 2147 dens
316 2086 370 2146 est
383 2070 615 2147 Innocentium
633 2098 749 2147 rocem
765 2074 993 2174 [ornicctionie
1009 2073 1054 2146 de
1069 2099 1149 2148 vero
1170 2071 1335 2147 adulterio

213 2188 383 2287 accipere.
412 2186 464 2261 Ex
489 2213 593 2263 sensu
619 2188 721 2286 igitur
745 2203 779 2262 et
802 2189 955 2263 doctrina
983 2188 1175 2276 ecelesiae,
1208 2186 1334 2261 Christi

214 2302 318 2378 rerba
342 2327 411 2377 non
435 2302 478 2376 de
502 2302 649 2403 simplici
675 2304 914 2392 fornicatione,
934 2303 997 2378 sed
1014 2303 1057 2378 de
1073 2330 1153 2379 vero
1170 2302 1335 2377 adulterio

214 2418 357 2516 intelligi
391 2417 533 2505 dehent,
562 2419 653 2519 qued
681 2436 864 2519 perpetues
889 2446 910 2492 a
934 2435 1007 2494 toro
1031 2436 1065 2494 et
1088 2419 1335 2494 cohabitatione

214 2533 419 2634 separationi
444 2532 569 2607 iuatam
593 2558 733 2607 causam
752 2535 838 2635 parti
855 2534 1026 2609 innocenti
1049 2533 1177 2607 tribuit.
1198 2533 1271 2607 Hac
1288 2532 1335 2604 in·

196 2648 452 2747 xterpretatione
469 2647 624 2737 sublata,
649 2648 779 2723 nullum
805 2649 872 2723 iam
898 2649 978 2723 huic
1001 2649 1174 2724 doctrinae
1190 2664 1223 2720 et
1241 2647 1335 2747 praxi

215 2761 472 2836 fundamentum
497 2763 647 2863 suppetit
664 2766 753 2860 (iii).

173 2924 177 2933 ·
288 2877 373 2952 dum
393 2894 566 2978 praeterea
578 2879 614 2951 in
628 2879 746 2953 eodem
760 2879 834 2953 iure
846 2877 1027 2967 canonico,
1042 2904 1083 2953 en
1096 2877 1212 2953 relatis
1223 2904 1255 2953 s.
1267 2877 1336 2951 hu·

214 2993 346 3092 gustini
378 2993 587 3094 mniumque
615 3010 747 3095 parrum
776 2994 999 3083 estimoniis,
1034 2994 1152 3069 decent
1178 2994 1336 3067 maritum

215 3108 312 3184 mori
339 3134 422 3184 suae
445 3109 655 3210 delinquenti
689 3113 864 3209 ignoscere
887 3132 1031 3213 eamque
1058 3112 1169 3211 potins
1194 3111 1334 3185 coctine-

291 3409 343 3480 (ii)
359 3416 397 3467 ct.
413 3418 558 3468 Gratianum
575 3418 602 3467 in
620 3420 723 3468 Deerat.
735 3432 788 3482 par.
801 3420 833 3469 ii.
842 3431 918 3469 causa
931 3420 1030 3469 xxxii.
1043 3431 1069 3481 q.
1082 3420 1137 3470 vii.
1148 3418 1192 3468 ubi
1202 3431 1226 3470 c.
1242 3426 1251 3468 r
1265 3430 1334 3479 seqq.

217 3497 302 3562 piures
310 3496 470 3548 mercentur
479 3497 637 3548 auctoritates
646 3510 675 3547 er
688 3497 798 3561 patribus
806 3499 833 3549 et
838 3496 959 3561 conchiis,
969 3497 994 3547 in
1004 3496 1094 3561 quihus
1101 3497 1134 3548 ad
1144 3494 1278 3548 bostertus
1287 3508 1339 3559 pro·

215 3578 339 3641 nocitum
356 3577 499 3643 premetur
510 3590 653 3643 reroupp.
667 3585 688 3630 t.
704 3584 727 3629 t.
739 3581 764 3629 t.
776 3584 802 3631 e.
815 3583 839 3630 7.
855 3584 891 3631 io.

291 3658 343 3720 (ii)
357 3655 421 3707 ibid.
1123 3706 1129 3725 x

293 3737 344 3801 (75)
360 3737 406 3787 iiis
417 3735 476 3787 addi
488 3738 569 3801 potest
579 3736 647 3801 qnod
657 3737 733 3787 etiam
744 3736 771 3786 in
782 3734 965 3800 capitularibus
974 3733 1058 3786 caroli
1068 3736 1102 3785 it.
1109 3734 1212 3798 egitur:
1226 3733 1343 3785 «Placuit

217 3816 248 3867 ut
261 3817 315 3868 nin
329 3814 628 3880 ccucsomtcuttcnir,
644 3828 697 3868 aon
711 3817 749 3868 att
763 3828 836 3867 nnor
849 3813 997 3867 cacumen
1011 3815 1119 3867 iimntni
1130 3814 1292 3867 rotatim
1301 3813 1341 3867 di·

218 3897 368 3962 arumde,
383 3898 427 3950 κά
444 3898 528 3963 potios
544 3898 765 3950 sustinenda-lib.
777 3900 820 3949 Vi.
833 3910 887 3962 cap.
903 3904 958 3949 215.
971 3896 1041 3947 iuxta
1059 3896 1253 3947 emendationem
1269 3897 1341 3947 cote·

218 3976 282 4028 terii
291 3977 332 4029 ct.
343 3979 401 4029 cnr.
412 3976 507 4029 seiten.
519 3976 620 4028 Baurdi
637 3978 835 4028 conmentario
848 3981 877 4027 in
895 3979 938 4028 ins
953 3975 1043 4028 sacten
1055 3977 1131 4026 nnio.
1148 3974 1251 4026 Taurini
1269 3978 1338 4025 risi.

218 4058 279 4108 tom.
290 4059 334 4109 ur.
344 4057 493 4122 captioni
503 4057 605 4109 emit:
617 4077 630 4102 ι
638 4060 676 4108 iix
686 4055 944 4121 carais(dirsoirendi
953 4056 1140 4107 matrimonium
1149 4053 1233 4118 quoad
1241 4053 1341 4105 miehi·

217 4136 355 4201 tatim)
368 4138 422 4202 tene
437 4138 666 4202 probatis...i>rimn
680 4139 718 4188 est
735 4150 808 4189 causa
822 4136 957 4200 aduiterii,
975 4135 1076 4200 quodsi
1089 4134 1179 4185 muner
1197 4133 1339 4196 admiserit,

220 4217 400 4281 poteritrriro
412 4218 497 4282 repetii
508 4219 577 4269 iuxta
592 4217 759 4282 mancatione
774 4217 882 4282 reputor
893 4215 1195 4279 detruncationum
1210 4214 1258 4265 bac
1269 4216 1340 4279 perte

217 4295 318 4348 diroesa
331 4298 370 4348 est
384 4296 470 4347 uxoris
484 4296 613 4361 mnditio,
628 4298 714 4361 utpote
730 4304 795 4361 quae
805 4309 821 4347 a
830 4296 886 4347 riro
902 4296 1002 4360 prepter
1016 4294 1065 4346 viri
1081 4294 1230 4346 anuinium
1244 4293 1340 4357 seiungi

217 4387 248 4426 se
259 4374 314 4428 inre
329 4374 466 4442 postulabit
478 4387 535 4428 ean.
550 4382 587 4428 it.
601 4381 640 4428 io.
651 4376 677 4429 et
688 4381 728 4428 it.
740 4388 807 4427 ears.
820 4381 859 4427 ti.
870 4387 898 4440 q.
910 4380 945 4439 ts
956 4385 1010 4426 ean.
1026 4378 1049 4427 t.
1059 4375 1085 4427 st
1101 4380 1124 4426 ⁵.
1136 4386 1205 4426 enos
1214 4378 1287 4437 inq.
1299 4378 1339 4425 tn·
