3234 5084
331 408 399 482 48!
474 430 535 480 nm.
549 429 597 480 ιιι.
614 427 700 479 osor.
717 426 848 478 raram.
864 428 904 477 nr
921 427 1034 478 mores
1051 427 1147 478 arm.
1162 426 1287 480 osarsr.

328 567 406 625 ante
424 573 602 647 corporum
624 545 913 633 commixtionem,
943 570 1091 644 sponsus
1116 561 1175 619 aut
1199 570 1326 646 sponsa
1346 549 1449 648 proti·

329 666 390 739 teri
409 680 548 766 possent
559 662 813 750 continentiam,
829 662 1032 762 acbeparori
1049 660 1205 750 invicem,
1222 661 1325 737 altero
1341 666 1447 740 etiam

329 780 445 854 invito.
466 778 619 854 Ecclesia
643 794 753 852 autem
779 803 963 877 numquam
988 777 1036 850 ita
1051 803 1090 851 se
1106 794 1259 875 gerentes
1276 781 1386 877 coegit
1401 783 1445 855 ad

329 893 610 968 cohabitationem
627 908 660 966 et
677 909 797 966 torum.
820 889 955 964 Nullum
973 890 1090 965 saltem
1109 892 1144 964 in
1162 908 1231 966 tota
1247 895 1446 994 antiquitate

329 1008 532 1082 contrarium
556 1006 793 1079 documentum
812 1006 974 1105 suppetit.
1004 1004 1166 1092 Quamvis
1184 1022 1295 1080 autem
1316 1009 1443 1108 passim

328 1122 364 1196 in
381 1121 491 1195 allatis
508 1121 670 1220 exemplis
684 1146 750 1195 non
769 1119 899 1218 legatur
915 1119 1109 1194 derelictum
1123 1122 1298 1220 coniugem
1317 1124 1361 1197 ad
1378 1125 1445 1199 alia

327 1252 405 1312 vota
432 1235 627 1323 transiisse,
661 1235 728 1308 imo
758 1235 801 1307 de
833 1233 1036 1334 quibusdam
1063 1237 1266 1310 contrarium
1293 1237 1442 1337 legatur,

329 1369 474 1427 attamen
499 1352 686 1453 potuissent
710 1366 798 1424 certe
816 1350 852 1422 id
870 1350 1000 1439 lacere,
1021 1352 1305 1451 quemadmodum
1332 1356 1447 1454 reipsa

328 1466 363 1539 id
388 1465 530 1554 iecisse,
552 1464 685 1538 nemine
700 1464 969 1554 contradicente,
992 1465 1147 1539 novimus
1168 1467 1362 1565 Ecglridum
1380 1470 1447 1543 An-

327 1581 416 1680 gliae
440 1607 571 1679 regem,
601 1581 660 1681 qui
690 1580 867 1654 lldildrida
893 1607 995 1654 uxore
1019 1582 1094 1655 eius
1118 1584 1358 1657 monasterium
1392 1585 1445 1659 in·

327 1721 463 1795 gressa,
490 1695 629 1769 alteram
651 1695 746 1769 duxit
769 1721 905 1770 uxorem
927 1695 1244 1794 Ermenmburgem,
1266 1716 1366 1797 prout
1386 1727 1446 1774 su-

327 1813 442 1913 perius
468 1811 643 1886 retulimus
666 1838 707 1886 ex
730 1811 821 1885 Beda
844 1829 879 1885 et
902 1810 1031 1886 Thema
1054 1811 1181 1887 Elieusi
1199 1815 1289 1911 (bl).

402 1926 511 2015 Quam
537 1926 750 2001 traditionem
776 1942 943 2000 sectantes
973 1953 1056 2000 rom.
1079 1928 1255 2027 pontifices
1278 1930 1444 2005 eiusmodi

328 2040 584 2117 dissolutionem
609 2041 752 2115 decretis
775 2042 847 2115 suis
873 2040 1075 2140 probavere,
1101 2043 1295 2142 profitentes
1317 2071 1356 2119 se
1380 2045 1445 2120 hac

329 2157 365 2229 in
390 2182 426 2231 re
443 2173 612 2255 permotos
629 2156 736 2231 luisse
753 2171 944 2230 sanctorum
968 2157 1151 2258 exemplis,
1172 2184 1212 2232 ac
1227 2158 1331 2234 verba
1347 2160 1446 2233 Chri·

328 2272 392 2346 sti:
420 2270 496 2347 Noa
522 2272 596 2345 licet
624 2274 695 2345 ciro
727 2299 863 2345 scoram
884 2298 979 2346 mum
1006 2275 1075 2345 nisi
1093 2300 1194 2347 causo
1217 2276 1445 2375 smnicutioois

327 2387 509 2472 dimittere,
531 2386 574 2462 de
599 2388 813 2463 matrimonio
845 2406 1078 2463 consummato
1108 2389 1314 2491 interpretati
1341 2410 1441 2481 sunt,

327 2518 366 2578 nt
380 2502 529 2577 uidimus
546 2501 671 2576 lactum
688 2529 765 2578 esse
783 2503 826 2576 ab
843 2503 1031 2577 Alexandro
1050 2504 1109 2576 ΙΙΙ.
1123 2508 1202 2603 cap.
1223 2505 1281 2578 Ere
1292 2508 1440 2605 publico,

330 2618 371 2691 ds
395 2644 538 2692 concers.
566 2620 730 2718 coniuent.
757 2635 791 2692 et
818 2617 862 2691 ab
893 2619 1087 2693 Innocentio
1105 2620 1165 2691 111.
1198 2619 1295 2693 ouius
1320 2622 1446 2720 pariter

326 2735 430 2810 verba
453 2734 620 2809 dedimus.
647 2735 730 2809 Cum
758 2736 860 2833 igitur
881 2735 916 2808 hi
942 2734 1117 2836 pontifices
1141 2735 1227 2808 nihil
1249 2738 1326 2811 novi
1352 2738 1444 2812 intu-

327 2851 445 2940 lerint,
474 2852 535 2926 sed
559 2851 650 2951 quod
675 2851 801 2924 iamdiu
829 2870 998 2953 receptum
1022 2869 1093 2926 erat
1120 2853 1219 2926 unice
1246 2854 1440 2941 sanxerint,

327 2966 447 3038 merito
469 2964 613 3038 rinfertur
636 2991 676 3039 ex
701 2966 842 3065 antiqua
863 2967 1061 3055 traditione,
1083 2993 1191 3067 eaque
1214 2967 1348 3056 divina,
1378 2969 1446 3044 hoc

327 3078 541 3181 privilegium
568 3080 603 3151 in
625 3079 770 3154 levorem
790 3081 1010 3182 professionis
1032 3083 1229 3181 religiosae,
1253 3110 1315 3158 seu
1337 3086 1444 3185 perle-

326 3194 448 3269 ctionis
471 3193 684 3292 evangelicae
702 3195 749 3268 ad
775 3222 838 3272 nos
865 3223 974 3296 usque
999 3196 1188 3272 devenisse.
1268 3200 1271 3205 ’

399 3310 438 3382 ld
460 3311 567 3407 magis
592 3336 634 3385 ex
661 3337 701 3386 eo
725 3310 961 3399 confirmatur,
982 3312 1075 3413 quod
1102 3330 1220 3411 agatur
1245 3314 1288 3388 de
1313 3341 1350 3388 re
1374 3341 1443 3389 ma·

326 3425 408 3500 rimi
425 3425 605 3513 momenti,
625 3452 714 3526 quac
735 3427 836 3501 fidem
854 3453 1033 3528 moresque
1056 3429 1208 3527 attingit3
1230 3429 1274 3504 de
1295 3456 1331 3504 re
1354 3457 1444 3530 quae

326 3532 371 3614 ab
388 3534 645 3616 immemorabili
663 3543 698 3615 in
715 3540 860 3617 ecclesia
876 3544 1034 3618 universa
1050 3544 1215 3633 obtinuit,
1240 3572 1348 3646 eaque
1365 3574 1444 3646 pro-

325 3656 427 3731 bante
452 3673 552 3757 utque
577 3658 763 3745 sanciente,
785 3656 867 3757 quin
893 3658 983 3733 nllus
1008 3661 1141 3758 uspiam
1166 3688 1235 3761 qua
1260 3661 1326 3734 late
1349 3679 1445 3761 patet

327 3771 532 3846 christianus
558 3771 670 3860 orbis,
696 3772 936 3848 reclamaverit.
966 3774 1131 3860 Quocirca
1155 3775 1271 3849 divina
1296 3779 1443 3850 auotori-

328 3902 395 3960 tate
416 3887 462 3960 ita
479 3887 585 3962 luisse
605 3889 823 3962 constitutum
841 3889 977 3964 concedi
997 3889 1148 3976 deberet,
1172 3892 1305 3964 etiamsi
1322 3916 1444 3966 monu-

328 4018 440 4076 menta
464 4002 641 4090 deessent,
664 4003 756 4078 iuxta
781 4004 1020 4079 inconcussum
1043 4004 1125 4078 illud
1151 4004 1331 4107 Augustini
1349 4006 1445 4106 prin·

395 4225 445 4287 (ot)
460 4226 499 4276 ct.
512 4225 571 4289 Pagi
588 4226 613 4275 in
633 4227 684 4277 not.
702 4226 735 4276 ad
747 4228 879 4279 Bamuinm
897 4241 938 4279 an.
957 4233 1011 4281 att.
1028 4241 1054 4279 n.
1074 4236 1112 4280 ιι.
1132 4229 1180 4281 Ubi
1201 4228 1336 4281 nomdurn
1354 4231 1392 4280 est
1410 4230 1445 4280 ab

327 4302 407 4355 Eddlo
425 4305 548 4370 Stephano
568 4305 594 4356 in
613 4305 666 4356 rita
683 4320 704 4357 s.
723 4307 850 4367 wilfridi,
871 4308 1011 4372 ecgfridum
1030 4311 1146 4361 vocatum
1167 4323 1221 4362 esse
1241 4310 1323 4361 rtrum
1345 4309 1443 4373 religio·

326 4395 397 4447 sura,
417 4396 461 4435 nee
476 4383 507 4434 ab
525 4384 576 4435 ullo
598 4384 672 4436 lutus
702 4386 871 4438 insimulatum
892 4387 925 4439 ob
944 4387 1065 4440 moundm
1081 4389 1114 4439 ab
1130 4403 1160 4441 eo
1179 4388 1253 4441 initas
1272 4388 1377 4454 meua.
