<?xml version="1.0" encoding="UTF-8"?>
<!DOCTYPE html PUBLIC "-//W3C//DTD XHTML 1.0 Transitional//EN"
    "http://www.w3.org/TR/xhtml1/DTD/xhtml1-transitional.dtd">
<html xmlns="http://www.w3.org/1999/xhtml" xml:lang="en" lang="en">
 <head>
  <title>
</title>
<meta http-equiv="Content-Type" content="text/html;charset=utf-8" />
  <meta name='ocr-system' content='tesseract 3.04.00' />
  <meta name='ocr-capabilities' content='ocr_page ocr_carea ocr_par ocr_line ocrx_word'/>
</head>
<body>
  <div class='ocr_page' id='page_1' title='image "./dematrimoniochr03perrgoog_0200.png"; bbox 0 0 3234 5084; ppageno 0'>
   <div class='ocr_carea' id='block_1_1' title="bbox 308 372 1255 484">
    <p class='ocr_par' dir='ltr' id='par_1_1' title="bbox 308 372 1255 484">
     <span class='ocr_line' id='line_1_1' title="bbox 308 372 1255 484; baseline -0.005 -1"><span class='ocrx_word' id='word_1_1' title='bbox 308 411 379 483; x_wconf 76' lang='lat'>1⁹8</span> <span class='ocrx_word' id='word_1_2' title='bbox 430 432 479 483; x_wconf 81' lang='lat' dir='ltr'>um</span> <span class='ocrx_word' id='word_1_3' title='bbox 508 431 557 483; x_wconf 85' lang='lat' dir='ltr'>ru.</span> <span class='ocrx_word' id='word_1_4' title='bbox 574 429 661 482; x_wconf 80' lang='lat' dir='ltr'>scer.</span> <span class='ocrx_word' id='word_1_5' title='bbox 678 430 810 482; x_wconf 75' lang='lat' dir='ltr'>numm.</span> <span class='ocrx_word' id='word_1_6' title='bbox 827 429 868 483; x_wconf 85' lang='lat' dir='ltr'>os</span> <span class='ocrx_word' id='word_1_7' title='bbox 885 429 998 484; x_wconf 77' lang='lat' dir='ltr'>murm.</span> <span class='ocrx_word' id='word_1_8' title='bbox 1020 431 1115 482; x_wconf 80' lang='lat' dir='ltr'>nra.</span> <span class='ocrx_word' id='word_1_9' title='bbox 1132 372 1255 483; x_wconf 71' lang='lat' dir='ltr'>carisr&#39;.</span> 
     </span>
    </p>
   </div>
   <div class='ocr_carea' id='block_1_2' title="bbox 295 548 1510 3762">
    <p class='ocr_par' dir='ltr' id='par_1_2' title="bbox 304 548 1424 1229">
     <span class='ocr_line' id='line_1_2' title="bbox 306 548 1424 651; baseline 0.001 -26"><span class='ocrx_word' id='word_1_10' title='bbox 306 551 514 650; x_wconf 79' lang='lat' dir='ltr'>intelligitur,</span> <span class='ocrx_word' id='word_1_11' title='bbox 531 550 620 624; x_wconf 89' lang='lat' dir='ltr'>sieut</span> <span class='ocrx_word' id='word_1_12' title='bbox 636 548 819 651; x_wconf 91' lang='lat' dir='ltr'>loquuntur</span> <span class='ocrx_word' id='word_1_13' title='bbox 831 549 1034 649; x_wconf 82' lang='lat' dir='ltr'>Scripturas.</span> <span class='ocrx_word' id='word_1_14' title='bbox 1050 549 1214 624; x_wconf 81' lang='lat' dir='ltr'>Dominus</span> <span class='ocrx_word' id='word_1_15' title='bbox 1233 548 1323 624; x_wconf 91' lang='lat' dir='ltr'>enim</span> <span class='ocrx_word' id='word_1_16' title='bbox 1340 551 1424 626; x_wconf 85' lang='lat' dir='ltr'>dicit</span> 
     </span>
     <span class='ocr_line' id='line_1_3' title="bbox 306 665 1424 765; baseline 0.001 -25"><span class='ocrx_word' id='word_1_17' title='bbox 306 669 339 740; x_wconf 91' lang='lat' dir='ltr'>in</span> <span class='ocrx_word' id='word_1_18' title='bbox 357 667 562 765; x_wconf 81' lang='lat' dir='ltr'>Evangelio,</span> <span class='ocrx_word' id='word_1_19' title='bbox 584 665 784 765; x_wconf 81' lang='lat' dir='ltr'>Quicumque</span> <span class='ocrx_word' id='word_1_20' title='bbox 810 665 973 739; x_wconf 75' lang='lat' dir='ltr'>dimiserit</span> <span class='ocrx_word' id='word_1_21' title='bbox 997 691 1132 739; x_wconf 70' lang='lat' dir='ltr'>nomem</span> <span class='ocrx_word' id='word_1_22' title='bbox 1155 691 1268 751; x_wconf 84' lang='lat' dir='ltr'>snum,</span> <span class='ocrx_word' id='word_1_23' title='bbox 1288 682 1424 765; x_wconf 83' lang='lat' dir='ltr'>eccepto</span> 
     </span>
     <span class='ocr_line' id='line_1_4' title="bbox 305 780 1424 883; baseline 0.001 -26"><span class='ocrx_word' id='word_1_24' title='bbox 305 809 405 857; x_wconf 75' lang='lat' dir='ltr'>coroa</span> <span class='ocrx_word' id='word_1_25' title='bbox 425 783 671 882; x_wconf 71' lang='lat' dir='ltr'>fornicationis,</span> <span class='ocrx_word' id='word_1_26' title='bbox 699 782 783 882; x_wconf 66' lang='lat' dir='ltr'>facit</span> <span class='ocrx_word' id='word_1_27' title='bbox 807 808 879 855; x_wconf 87' lang='lat' dir='ltr'>eom</span> <span class='ocrx_word' id='word_1_28' title='bbox 902 782 1076 855; x_wconf 79' lang='lat' dir='ltr'>nwccbori.</span> <span class='ocrx_word' id='word_1_29' title='bbox 1093 780 1157 855; x_wconf 88' lang='lat' dir='ltr'>llic</span> <span class='ocrx_word' id='word_1_30' title='bbox 1181 781 1299 883; x_wconf 88' lang='lat' dir='ltr'>utique</span> <span class='ocrx_word' id='word_1_31' title='bbox 1323 783 1424 882; x_wconf 79' lang='lat' dir='ltr'>sorni·</span> 
     </span>
     <span class='ocr_line' id='line_1_5' title="bbox 305 895 1424 998; baseline 0.001 -28"><span class='ocrx_word' id='word_1_32' title='bbox 305 900 463 972; x_wconf 80' lang='lat' dir='ltr'>actionem</span> <span class='ocrx_word' id='word_1_33' title='bbox 489 895 694 997; x_wconf 86' lang='lat' dir='ltr'>appellavit,</span> <span class='ocrx_word' id='word_1_34' title='bbox 726 897 756 969; x_wconf 91' lang='lat' dir='ltr'>si</span> <span class='ocrx_word' id='word_1_35' title='bbox 780 922 858 969; x_wconf 92' lang='lat' dir='ltr'>cum</span> <span class='ocrx_word' id='word_1_36' title='bbox 883 895 952 970; x_wconf 88' lang='lat' dir='ltr'>alio</span> <span class='ocrx_word' id='word_1_37' title='bbox 977 912 1109 998; x_wconf 54' lang='lat' dir='ltr'>meoet,</span> <span class='ocrx_word' id='word_1_38' title='bbox 1130 922 1218 998; x_wconf 86' lang='lat' dir='ltr'>quae</span> <span class='ocrx_word' id='word_1_39' title='bbox 1235 895 1345 971; x_wconf 82' lang='lat' dir='ltr'>virum</span> <span class='ocrx_word' id='word_1_40' title='bbox 1362 896 1424 971; x_wconf 87' lang='lat' dir='ltr'>ba·</span> 
     </span>
     <span class='ocr_line' id='line_1_6' title="bbox 304 1010 1424 1114; baseline 0.002 -27"><span class='ocrx_word' id='word_1_41' title='bbox 304 1012 379 1101; x_wconf 85' lang='lat' dir='ltr'>bet,</span> <span class='ocrx_word' id='word_1_42' title='bbox 408 1013 500 1114; x_wconf 88' lang='lat' dir='ltr'>quod</span> <span class='ocrx_word' id='word_1_43' title='bbox 524 1028 576 1087; x_wconf 83' lang='lat' dir='ltr'>est</span> <span class='ocrx_word' id='word_1_44' title='bbox 601 1010 775 1101; x_wconf 88' lang='lat' dir='ltr'>moechia,</span> <span class='ocrx_word' id='word_1_45' title='bbox 804 1012 840 1085; x_wconf 92' lang='lat' dir='ltr'>id</span> <span class='ocrx_word' id='word_1_46' title='bbox 869 1028 921 1086; x_wconf 87' lang='lat' dir='ltr'>est</span> <span class='ocrx_word' id='word_1_47' title='bbox 945 1011 1159 1086; x_wconf 80' lang='lat' dir='ltr'>adulterium.</span> <span class='ocrx_word' id='word_1_48' title='bbox 1189 1011 1311 1088; x_wconf 87' lang='lat' dir='ltr'>Omnis</span> <span class='ocrx_word' id='word_1_49' title='bbox 1344 1039 1424 1112; x_wconf 79' lang='lat' dir='ltr'>ergo</span> 
     </span>
     <span class='ocr_line' id='line_1_7' title="bbox 305 1127 1336 1229; baseline -0.001 -27"><span class='ocrx_word' id='word_1_50' title='bbox 305 1129 460 1203; x_wconf 88' lang='lat' dir='ltr'>moechia</span> <span class='ocrx_word' id='word_1_51' title='bbox 483 1129 585 1204; x_wconf 89' lang='lat' dir='ltr'>etiam</span> <span class='ocrx_word' id='word_1_52' title='bbox 612 1127 788 1203; x_wconf 79' lang='lat' dir='ltr'>fornicatio</span> <span class='ocrx_word' id='word_1_53' title='bbox 814 1128 849 1200; x_wconf 92' lang='lat' dir='ltr'>in</span> <span class='ocrx_word' id='word_1_54' title='bbox 875 1128 1056 1229; x_wconf 88' lang='lat' dir='ltr'>Scripturis</span> <span class='ocrx_word' id='word_1_55' title='bbox 1081 1127 1204 1203; x_wconf 87' lang='lat' dir='ltr'>dicitur</span> <span class='ocrx_word' id='word_1_56' title='bbox 1219 1130 1336 1227; x_wconf 61' lang='grc'>(11).»</span> 
     </span>
    </p>

    <p class='ocr_par' dir='ltr' id='par_1_3' title="bbox 304 1243 1422 1459">
     <span class='ocr_line' id='line_1_8' title="bbox 376 1243 1422 1345; baseline 0 -29"><span class='ocrx_word' id='word_1_57' title='bbox 376 1243 507 1318; x_wconf 77' lang='lat' dir='ltr'>lithos</span> <span class='ocrx_word' id='word_1_58' title='bbox 534 1244 688 1336; x_wconf 85' lang='lat' dir='ltr'>attulisse</span> <span class='ocrx_word' id='word_1_59' title='bbox 714 1243 881 1331; x_wconf 85' lang='lat' dir='ltr'>sufficiat;</span> <span class='ocrx_word' id='word_1_60' title='bbox 910 1269 987 1318; x_wconf 90' lang='lat' dir='ltr'>nam</span> <span class='ocrx_word' id='word_1_61' title='bbox 1012 1243 1080 1317; x_wconf 88' lang='lat' dir='ltr'>ulia</span> <span class='ocrx_word' id='word_1_62' title='bbox 1105 1270 1154 1321; x_wconf 86' lang='lat' dir='ltr'>ss.</span> <span class='ocrx_word' id='word_1_63' title='bbox 1171 1257 1304 1345; x_wconf 91' lang='lat' dir='ltr'>patrum</span> <span class='ocrx_word' id='word_1_64' title='bbox 1329 1243 1422 1318; x_wconf 89' lang='lat' dir='ltr'>testi·</span> 
     </span>
     <span class='ocr_line' id='line_1_9' title="bbox 304 1357 1073 1459; baseline -0.007 -24"><span class='ocrx_word' id='word_1_65' title='bbox 304 1360 418 1435; x_wconf 89' lang='lat' dir='ltr'>monia</span> <span class='ocrx_word' id='word_1_66' title='bbox 442 1360 478 1432; x_wconf 94' lang='lat' dir='ltr'>in</span> <span class='ocrx_word' id='word_1_67' title='bbox 503 1359 593 1434; x_wconf 88' lang='lat' dir='ltr'>bane</span> <span class='ocrx_word' id='word_1_68' title='bbox 618 1385 709 1447; x_wconf 91' lang='lat' dir='ltr'>rem,</span> <span class='ocrx_word' id='word_1_69' title='bbox 738 1373 856 1459; x_wconf 90' lang='lat' dir='ltr'>postea</span> <span class='ocrx_word' id='word_1_70' title='bbox 880 1357 1073 1433; x_wconf 72' lang='lat' dir='ltr'>asseremus.</span> 
     </span>
    </p>

    <p class='ocr_par' dir='ltr' id='par_1_4' title="bbox 300 1471 1422 2611">
     <span class='ocr_line' id='line_1_10' title="bbox 376 1471 1421 1572; baseline -0.003 -25"><span class='ocrx_word' id='word_1_71' title='bbox 376 1473 546 1549; x_wconf 79' lang='lat' dir='ltr'>Hactenus</span> <span class='ocrx_word' id='word_1_72' title='bbox 572 1501 639 1548; x_wconf 90' lang='lat' dir='ltr'>nou</span> <span class='ocrx_word' id='word_1_73' title='bbox 659 1473 761 1549; x_wconf 91' lang='lat' dir='ltr'>modo</span> <span class='ocrx_word' id='word_1_74' title='bbox 785 1472 915 1548; x_wconf 88' lang='lat' dir='ltr'>nullum</span> <span class='ocrx_word' id='word_1_75' title='bbox 942 1472 1054 1547; x_wconf 84' lang='lat' dir='ltr'>inveni</span> <span class='ocrx_word' id='word_1_76' title='bbox 1072 1499 1113 1548; x_wconf 81' lang='lat' dir='ltr'>cn</span> <span class='ocrx_word' id='word_1_77' title='bbox 1130 1471 1297 1548; x_wconf 71' lang='lat' dir='ltr'>vemmbus</span> <span class='ocrx_word' id='word_1_78' title='bbox 1320 1497 1421 1572; x_wconf 84' lang='lat' dir='ltr'>expo·</span> 
     </span>
     <span class='ocr_line' id='line_1_11' title="bbox 305 1585 1419 1689; baseline -0.002 -27"><span class='ocrx_word' id='word_1_79' title='bbox 305 1588 468 1664; x_wconf 89' lang='lat' dir='ltr'>sitoribus</span> <span class='ocrx_word' id='word_1_80' title='bbox 494 1613 534 1662; x_wconf 89' lang='lat' dir='ltr'>ae</span> <span class='ocrx_word' id='word_1_81' title='bbox 559 1615 608 1663; x_wconf 88' lang='lat' dir='ltr'>ss.</span> <span class='ocrx_word' id='word_1_82' title='bbox 625 1587 796 1689; x_wconf 87' lang='lat' dir='ltr'>patribus,</span> <span class='ocrx_word' id='word_1_83' title='bbox 826 1587 885 1688; x_wconf 91' lang='lat' dir='ltr'>qui</span> <span class='ocrx_word' id='word_1_84' title='bbox 911 1588 965 1662; x_wconf 86' lang='lat' dir='ltr'>vel</span> <span class='ocrx_word' id='word_1_85' title='bbox 991 1587 1197 1686; x_wconf 81' lang='lat' dir='ltr'>suspicando</span> <span class='ocrx_word' id='word_1_86' title='bbox 1222 1585 1419 1674; x_wconf 83' lang='lat' dir='ltr'>asseruerit,</span> 
     </span>
     <span class='ocr_line' id='line_1_12' title="bbox 301 1701 1420 1801; baseline -0.004 -23"><span class='ocrx_word' id='word_1_87' title='bbox 301 1705 355 1778; x_wconf 82' lang='lat' dir='ltr'>vel</span> <span class='ocrx_word' id='word_1_88' title='bbox 381 1704 500 1779; x_wconf 88' lang='lat' dir='ltr'>saltem</span> <span class='ocrx_word' id='word_1_89' title='bbox 526 1704 674 1778; x_wconf 82' lang='lat' dir='ltr'>innuerit</span> <span class='ocrx_word' id='word_1_90' title='bbox 697 1703 797 1778; x_wconf 88' lang='lat' dir='ltr'>binos</span> <span class='ocrx_word' id='word_1_91' title='bbox 819 1702 903 1778; x_wconf 88' lang='lat' dir='ltr'>istos</span> <span class='ocrx_word' id='word_1_92' title='bbox 924 1703 1135 1801; x_wconf 82' lang='lat' dir='ltr'>evangelicos</span> <span class='ocrx_word' id='word_1_93' title='bbox 1153 1718 1263 1777; x_wconf 81' lang='lat' dir='ltr'>textus</span> <span class='ocrx_word' id='word_1_94' title='bbox 1280 1701 1324 1775; x_wconf 92' lang='lat' dir='ltr'>de</span> <span class='ocrx_word' id='word_1_95' title='bbox 1339 1727 1420 1775; x_wconf 89' lang='lat' dir='ltr'>con·</span> 
     </span>
     <span class='ocr_line' id='line_1_13' title="bbox 302 1816 1420 1920; baseline -0.004 -27"><span class='ocrx_word' id='word_1_96' title='bbox 302 1819 446 1908; x_wconf 88' lang='lat' dir='ltr'>cubina,</span> <span class='ocrx_word' id='word_1_97' title='bbox 467 1837 525 1893; x_wconf 89' lang='lat' dir='ltr'>aut</span> <span class='ocrx_word' id='word_1_98' title='bbox 541 1818 586 1893; x_wconf 91' lang='lat' dir='ltr'>de</span> <span class='ocrx_word' id='word_1_99' title='bbox 602 1818 828 1894; x_wconf 79' lang='lat' dir='ltr'>concubinatu</span> <span class='ocrx_word' id='word_1_100' title='bbox 845 1818 953 1920; x_wconf 80' lang='lat' dir='ltr'>accipi</span> <span class='ocrx_word' id='word_1_101' title='bbox 970 1844 1090 1919; x_wconf 89' lang='lat' dir='ltr'>posse,</span> <span class='ocrx_word' id='word_1_102' title='bbox 1110 1816 1172 1892; x_wconf 88' lang='lat' dir='ltr'>sed</span> <span class='ocrx_word' id='word_1_103' title='bbox 1189 1843 1299 1918; x_wconf 92' lang='lat' dir='ltr'>neque</span> <span class='ocrx_word' id='word_1_104' title='bbox 1316 1816 1420 1890; x_wconf 92' lang='lat' dir='ltr'>ullum</span> 
     </span>
     <span class='ocr_line' id='line_1_14' title="bbox 301 1931 1422 2034; baseline -0.001 -25"><span class='ocrx_word' id='word_1_105' title='bbox 301 1934 429 2009; x_wconf 82' lang='lat' dir='ltr'>ollandi</span> <span class='ocrx_word' id='word_1_106' title='bbox 455 1934 516 2033; x_wconf 91' lang='lat' dir='ltr'>qui</span> <span class='ocrx_word' id='word_1_107' title='bbox 541 1959 600 2010; x_wconf 90' lang='lat' dir='ltr'>eos</span> <span class='ocrx_word' id='word_1_108' title='bbox 620 1960 688 2009; x_wconf 91' lang='lat' dir='ltr'>non</span> <span class='ocrx_word' id='word_1_109' title='bbox 713 1935 906 2034; x_wconf 79' lang='lat' dir='ltr'>exposuerit</span> <span class='ocrx_word' id='word_1_110' title='bbox 921 1933 965 2008; x_wconf 90' lang='lat' dir='ltr'>de</span> <span class='ocrx_word' id='word_1_111' title='bbox 982 1931 1156 2009; x_wconf 91' lang='lat' dir='ltr'>moechiae</span> <span class='ocrx_word' id='word_1_112' title='bbox 1172 1932 1312 2031; x_wconf 78' lang='lat' dir='ltr'>flagitio.</span> <span class='ocrx_word' id='word_1_113' title='bbox 1330 1931 1422 2017; x_wconf 81' lang='lat' dir='ltr'>Quo·</span> 
     </span>
     <span class='ocr_line' id='line_1_15' title="bbox 301 2044 1422 2149; baseline -0.002 -27"><span class='ocrx_word' id='word_1_114' title='bbox 301 2049 392 2123; x_wconf 80' lang='lat' dir='ltr'>circa</span> <span class='ocrx_word' id='word_1_115' title='bbox 418 2064 489 2124; x_wconf 90' lang='lat' dir='ltr'>tuto</span> <span class='ocrx_word' id='word_1_116' title='bbox 513 2049 684 2123; x_wconf 86' lang='lat' dir='ltr'>affirmare</span> <span class='ocrx_word' id='word_1_117' title='bbox 708 2075 891 2149; x_wconf 87' lang='lat' dir='ltr'>possumus</span> <span class='ocrx_word' id='word_1_118' title='bbox 917 2075 1039 2124; x_wconf 83' lang='lat' dir='ltr'>novum</span> <span class='ocrx_word' id='word_1_119' title='bbox 1063 2074 1133 2148; x_wconf 85' lang='lat' dir='ltr'>qua</span> <span class='ocrx_word' id='word_1_120' title='bbox 1153 2044 1196 2121; x_wconf 90' lang='lat' dir='ltr'>de</span> <span class='ocrx_word' id='word_1_121' title='bbox 1220 2048 1352 2147; x_wconf 79' lang='lat' dir='ltr'>agimus</span> <span class='ocrx_word' id='word_1_122' title='bbox 1369 2048 1422 2120; x_wconf 92' lang='lat' dir='ltr'>in-</span> 
     </span>
     <span class='ocr_line' id='line_1_16' title="bbox 303 2164 1421 2265; baseline 0 -27"><span class='ocrx_word' id='word_1_123' title='bbox 303 2164 572 2265; x_wconf 86' lang='lat' dir='ltr'>terpretationem</span> <span class='ocrx_word' id='word_1_124' title='bbox 597 2192 664 2239; x_wconf 94' lang='lat' dir='ltr'>non</span> <span class='ocrx_word' id='word_1_125' title='bbox 690 2165 798 2240; x_wconf 87' lang='lat' dir='ltr'>solum</span> <span class='ocrx_word' id='word_1_126' title='bbox 821 2192 898 2240; x_wconf 87' lang='lat' dir='ltr'>esse</span> <span class='ocrx_word' id='word_1_127' title='bbox 917 2180 1070 2265; x_wconf 67' lang='lat' dir='ltr'>procur,</span> <span class='ocrx_word' id='word_1_128' title='bbox 1089 2191 1206 2240; x_wconf 81' lang='lat' dir='ltr'>uerum</span> <span class='ocrx_word' id='word_1_129' title='bbox 1225 2164 1328 2238; x_wconf 90' lang='lat' dir='ltr'>etiam</span> <span class='ocrx_word' id='word_1_130' title='bbox 1344 2189 1421 2239; x_wconf 84' lang='lat' dir='ltr'>esse</span> 
     </span>
     <span class='ocr_line' id='line_1_17' title="bbox 301 2278 1421 2379; baseline 0.003 -27"><span class='ocrx_word' id='word_1_131' title='bbox 301 2293 414 2352; x_wconf 84' lang='lat' dir='ltr'>contro</span> <span class='ocrx_word' id='word_1_132' title='bbox 430 2278 625 2353; x_wconf 88' lang='lat' dir='ltr'>unanimem</span> <span class='ocrx_word' id='word_1_133' title='bbox 642 2296 836 2354; x_wconf 88' lang='lat' dir='ltr'>sanctorum</span> <span class='ocrx_word' id='word_1_134' title='bbox 853 2295 1002 2354; x_wconf 88' lang='lat' dir='ltr'>veterum</span> <span class='ocrx_word' id='word_1_135' title='bbox 1020 2279 1343 2379; x_wconf 79' lang='lat' dir='ltr'>interpretationem,</span> <span class='ocrx_word' id='word_1_136' title='bbox 1366 2304 1421 2355; x_wconf 84' lang='lat' dir='ltr'>se·</span> 
     </span>
     <span class='ocr_line' id='line_1_18' title="bbox 301 2394 1420 2471; baseline 0.004 -4"><span class='ocrx_word' id='word_1_137' title='bbox 301 2420 361 2468; x_wconf 89' lang='lat' dir='ltr'>cus</span> <span class='ocrx_word' id='word_1_138' title='bbox 378 2420 418 2467; x_wconf 88' lang='lat' dir='ltr'>ac</span> <span class='ocrx_word' id='word_1_139' title='bbox 437 2420 479 2468; x_wconf 79' lang='lat' dir='ltr'>ex</span> <span class='ocrx_word' id='word_1_140' title='bbox 503 2394 638 2469; x_wconf 88' lang='lat' dir='ltr'>decreto</span> <span class='ocrx_word' id='word_1_141' title='bbox 660 2395 843 2470; x_wconf 91' lang='lat' dir='ltr'>tridentino</span> <span class='ocrx_word' id='word_1_142' title='bbox 862 2411 896 2471; x_wconf 86' lang='lat' dir='ltr'>et</span> <span class='ocrx_word' id='word_1_143' title='bbox 912 2395 1057 2470; x_wconf 77' lang='lat' dir='ltr'>formula</span> <span class='ocrx_word' id='word_1_144' title='bbox 1073 2394 1154 2469; x_wconf 84' lang='lat' dir='ltr'>fidei</span> <span class='ocrx_word' id='word_1_145' title='bbox 1172 2395 1222 2469; x_wconf 87' lang='lat' dir='ltr'>Pii</span> <span class='ocrx_word' id='word_1_146' title='bbox 1239 2396 1293 2468; x_wconf 90' lang='lat' dir='ltr'>lll.</span> <span class='ocrx_word' id='word_1_147' title='bbox 1309 2422 1331 2470; x_wconf 92' lang='lat' dir='ltr'>a</span> <span class='ocrx_word' id='word_1_148' title='bbox 1346 2394 1420 2471; x_wconf 87' lang='lat' dir='ltr'>viro</span> 
     </span>
     <span class='ocr_line' id='line_1_19' title="bbox 300 2508 1198 2611; baseline 0.001 -29"><span class='ocrx_word' id='word_1_149' title='bbox 300 2508 465 2584; x_wconf 87' lang='lat' dir='ltr'>catholico</span> <span class='ocrx_word' id='word_1_150' title='bbox 490 2510 681 2611; x_wconf 86' lang='lat' dir='ltr'>Scripturas</span> <span class='ocrx_word' id='word_1_151' title='bbox 706 2510 828 2611; x_wconf 82' lang='lat' dir='ltr'>exponi</span> <span class='ocrx_word' id='word_1_152' title='bbox 854 2510 998 2585; x_wconf 89' lang='lat' dir='ltr'>debeant</span> <span class='ocrx_word' id='word_1_153' title='bbox 1013 2512 1103 2609; x_wconf 48' lang='lat' dir='ltr'>(lbi</span> <span class='ocrx_word' id='word_1_154' title='bbox 1193 2528 1198 2536; x_wconf 88' lang='grc'>·</span> 
     </span>
    </p>

    <p class='ocr_par' dir='ltr' id='par_1_5' title="bbox 295 2624 1510 3762">
     <span class='ocr_line' id='line_1_20' title="bbox 374 2624 1419 2728; baseline 0.003 -30"><span class='ocrx_word' id='word_1_155' title='bbox 374 2628 408 2698; x_wconf 76' lang='lat' dir='ltr'>b.</span> <span class='ocrx_word' id='word_1_156' title='bbox 439 2624 560 2700; x_wconf 85' lang='lat' dir='ltr'>Obstat</span> <span class='ocrx_word' id='word_1_157' title='bbox 586 2627 788 2702; x_wconf 79' lang='lat' dir='ltr'>uniuersalis</span> <span class='ocrx_word' id='word_1_158' title='bbox 817 2627 982 2702; x_wconf 88' lang='lat' dir='ltr'>ecclesiae</span> <span class='ocrx_word' id='word_1_159' title='bbox 1010 2627 1165 2702; x_wconf 85' lang='lat' dir='ltr'>doctrina</span> <span class='ocrx_word' id='word_1_160' title='bbox 1192 2628 1285 2701; x_wconf 83' lang='lat' dir='ltr'>iuxta</span> <span class='ocrx_word' id='word_1_161' title='bbox 1317 2652 1419 2728; x_wconf 87' lang='lat' dir='ltr'>quam</span> 
     </span>
     <span class='ocr_line' id='line_1_21' title="bbox 299 2740 1420 2844; baseline 0 -29"><span class='ocrx_word' id='word_1_162' title='bbox 299 2756 410 2841; x_wconf 91' lang='lat' dir='ltr'>potest</span> <span class='ocrx_word' id='word_1_163' title='bbox 431 2741 516 2842; x_wconf 83' lang='lat' dir='ltr'>alter</span> <span class='ocrx_word' id='word_1_164' title='bbox 541 2743 722 2842; x_wconf 81' lang='lat' dir='ltr'>coniugum</span> <span class='ocrx_word' id='word_1_165' title='bbox 740 2743 784 2817; x_wconf 88' lang='lat' dir='ltr'>ab</span> <span class='ocrx_word' id='word_1_166' title='bbox 801 2742 907 2818; x_wconf 91' lang='lat' dir='ltr'>altero</span> <span class='ocrx_word' id='word_1_167' title='bbox 923 2768 1153 2844; x_wconf 82' lang='lat' dir='ltr'>seseparare‚</span> <span class='ocrx_word' id='word_1_168' title='bbox 1173 2740 1362 2844; x_wconf 82' lang='lat' dir='ltr'>etquidem</span> <span class='ocrx_word' id='word_1_169' title='bbox 1384 2742 1420 2815; x_wconf 88' lang='lat' dir='ltr'>iu</span> 
     </span>
     <span class='ocr_line' id='line_1_22' title="bbox 300 2855 1422 2959; baseline 0 -28"><span class='ocrx_word' id='word_1_170' title='bbox 300 2871 499 2956; x_wconf 86' lang='lat' dir='ltr'>perpetuum</span> <span class='ocrx_word' id='word_1_171' title='bbox 511 2857 555 2932; x_wconf 97' lang='lat' dir='ltr'>ob</span> <span class='ocrx_word' id='word_1_172' title='bbox 568 2857 725 2931; x_wconf 88' lang='lat' dir='ltr'>adulterii</span> <span class='ocrx_word' id='word_1_173' title='bbox 743 2858 870 2932; x_wconf 87' lang='lat' dir='ltr'>crimen</span> <span class='ocrx_word' id='word_1_174' title='bbox 888 2858 932 2932; x_wconf 90' lang='lat' dir='ltr'>ab</span> <span class='ocrx_word' id='word_1_175' title='bbox 948 2858 1106 2932; x_wconf 88' lang='lat' dir='ltr'>alterutro</span> <span class='ocrx_word' id='word_1_176' title='bbox 1123 2872 1303 2959; x_wconf 89' lang='lat' dir='ltr'>patratum.</span> <span class='ocrx_word' id='word_1_177' title='bbox 1319 2855 1422 2931; x_wconf 84' lang='lat' dir='ltr'>Adul-</span> 
     </span>
     <span class='ocr_line' id='line_1_23' title="bbox 300 2971 1420 3075; baseline 0.002 -30"><span class='ocrx_word' id='word_1_178' title='bbox 300 2971 420 3045; x_wconf 86' lang='lat' dir='ltr'>terium</span> <span class='ocrx_word' id='word_1_179' title='bbox 447 2972 537 3045; x_wconf 93' lang='lat' dir='ltr'>enim</span> <span class='ocrx_word' id='word_1_180' title='bbox 562 2971 685 3046; x_wconf 90' lang='lat' dir='ltr'>iustam</span> <span class='ocrx_word' id='word_1_181' title='bbox 708 2972 848 3073; x_wconf 88' lang='lat' dir='ltr'>praebet</span> <span class='ocrx_word' id='word_1_182' title='bbox 872 2974 1096 3075; x_wconf 85' lang='lat' dir='ltr'>separationis</span> <span class='ocrx_word' id='word_1_183' title='bbox 1118 2986 1332 3074; x_wconf 78' lang='lat' dir='ltr'>perpetuane</span> <span class='ocrx_word' id='word_1_184' title='bbox 1348 2989 1420 3047; x_wconf 85' lang='lat' dir='ltr'>toro</span> 
     </span>
     <span class='ocr_line' id='line_1_24' title="bbox 299 3083 1419 3189; baseline 0 -31"><span class='ocrx_word' id='word_1_185' title='bbox 299 3099 332 3158; x_wconf 91' lang='lat' dir='ltr'>et</span> <span class='ocrx_word' id='word_1_186' title='bbox 357 3083 566 3159; x_wconf 85' lang='lat' dir='ltr'>habitatione</span> <span class='ocrx_word' id='word_1_187' title='bbox 589 3112 739 3161; x_wconf 87' lang='lat' dir='ltr'>causam.</span> <span class='ocrx_word' id='word_1_188' title='bbox 762 3089 834 3160; x_wconf 89' lang='lat' dir='ltr'>lam</span> <span class='ocrx_word' id='word_1_189' title='bbox 846 3114 926 3163; x_wconf 77' lang='lat' dir='ltr'>aero</span> <span class='ocrx_word' id='word_1_190' title='bbox 946 3086 1031 3160; x_wconf 89' lang='lat' dir='ltr'>baec</span> <span class='ocrx_word' id='word_1_191' title='bbox 1051 3087 1221 3176; x_wconf 87' lang='lat' dir='ltr'>doctrina,</span> <span class='ocrx_word' id='word_1_192' title='bbox 1242 3112 1329 3189; x_wconf 88' lang='lat' dir='ltr'>quae</span> <span class='ocrx_word' id='word_1_193' title='bbox 1346 3113 1419 3187; x_wconf 89' lang='lat' dir='ltr'>per·</span> 
     </span>
     <span class='ocr_line' id='line_1_25' title="bbox 299 3199 1419 3301; baseline -0.001 -28"><span class='ocrx_word' id='word_1_194' title='bbox 299 3214 401 3301; x_wconf 88' lang='lat' dir='ltr'>potua</span> <span class='ocrx_word' id='word_1_195' title='bbox 425 3215 459 3273; x_wconf 89' lang='lat' dir='ltr'>et</span> <span class='ocrx_word' id='word_1_196' title='bbox 483 3215 641 3273; x_wconf 84' lang='lat' dir='ltr'>constans</span> <span class='ocrx_word' id='word_1_197' title='bbox 674 3200 718 3273; x_wconf 88' lang='lat' dir='ltr'>ab</span> <span class='ocrx_word' id='word_1_198' title='bbox 751 3201 848 3274; x_wconf 91' lang='lat' dir='ltr'>initio</span> <span class='ocrx_word' id='word_1_199' title='bbox 873 3202 908 3273; x_wconf 94' lang='lat' dir='ltr'>in</span> <span class='ocrx_word' id='word_1_200' title='bbox 933 3199 1078 3275; x_wconf 89' lang='lat' dir='ltr'>ecelesia</span> <span class='ocrx_word' id='word_1_201' title='bbox 1102 3200 1229 3301; x_wconf 79' lang='lat' dir='ltr'>riguit,</span> <span class='ocrx_word' id='word_1_202' title='bbox 1262 3224 1419 3301; x_wconf 86' lang='lat' dir='ltr'>quaeque</span> 
     </span>
     <span class='ocr_line' id='line_1_26' title="bbox 299 3316 1416 3392; baseline 0.001 -2"><span class='ocrx_word' id='word_1_203' title='bbox 299 3316 430 3390; x_wconf 89' lang='lat' dir='ltr'>sancita</span> <span class='ocrx_word' id='word_1_204' title='bbox 454 3331 506 3390; x_wconf 86' lang='lat' dir='ltr'>est</span> <span class='ocrx_word' id='word_1_205' title='bbox 516 3342 542 3389; x_wconf 94' lang='lat' dir='ltr'>a</span> <span class='ocrx_word' id='word_1_206' title='bbox 559 3316 701 3392; x_wconf 85' lang='lat' dir='ltr'>concilio</span> <span class='ocrx_word' id='word_1_207' title='bbox 723 3317 907 3392; x_wconf 89' lang='lat' dir='ltr'>tridentino</span> <span class='ocrx_word' id='word_1_208' title='bbox 924 3344 1011 3392; x_wconf 87' lang='lat' dir='ltr'>sess.</span> <span class='ocrx_word' id='word_1_209' title='bbox 1028 3317 1141 3391; x_wconf 80' lang='lat' dir='ltr'>XXIV.</span> <span class='ocrx_word' id='word_1_210' title='bbox 1157 3343 1234 3391; x_wconf 90' lang='lat' dir='ltr'>can.</span> <span class='ocrx_word' id='word_1_211' title='bbox 1248 3317 1334 3389; x_wconf 89' lang='lat' dir='ltr'>lllll.</span> <span class='ocrx_word' id='word_1_212' title='bbox 1349 3342 1416 3391; x_wconf 89' lang='lat' dir='ltr'>non</span> 
     </span>
     <span class='ocr_line' id='line_1_27' title="bbox 296 3431 1415 3533; baseline 0.003 -29"><span class='ocrx_word' id='word_1_213' title='bbox 296 3431 363 3506; x_wconf 89' lang='lat' dir='ltr'>alio</span> <span class='ocrx_word' id='word_1_214' title='bbox 385 3431 540 3505; x_wconf 90' lang='lat' dir='ltr'>innititur</span> <span class='ocrx_word' id='word_1_215' title='bbox 561 3431 777 3507; x_wconf 82' lang='lat' dir='ltr'>fundamento</span> <span class='ocrx_word' id='word_1_216' title='bbox 795 3460 899 3533; x_wconf 91' lang='lat' dir='ltr'>quam</span> <span class='ocrx_word' id='word_1_217' title='bbox 917 3433 1013 3509; x_wconf 83' lang='lat' dir='ltr'>bisce</span> <span class='ocrx_word' id='word_1_218' title='bbox 1030 3433 1176 3509; x_wconf 83' lang='lat' dir='ltr'>textibus</span> <span class='ocrx_word' id='word_1_219' title='bbox 1193 3433 1237 3507; x_wconf 91' lang='lat' dir='ltr'>de</span> <span class='ocrx_word' id='word_1_220' title='bbox 1253 3433 1415 3533; x_wconf 75' lang='lat' dir='ltr'>coniuge,</span> 
     </span>
     <span class='ocr_line' id='line_1_28' title="bbox 296 3546 1510 3649; baseline 0.005 -29"><span class='ocrx_word' id='word_1_221' title='bbox 296 3571 383 3648; x_wconf 89' lang='lat' dir='ltr'>quae</span> <span class='ocrx_word' id='word_1_222' title='bbox 409 3573 447 3622; x_wconf 90' lang='lat' dir='ltr'>se</span> <span class='ocrx_word' id='word_1_223' title='bbox 469 3546 636 3624; x_wconf 88' lang='lat' dir='ltr'>adulterio</span> <span class='ocrx_word' id='word_1_224' title='bbox 663 3547 835 3649; x_wconf 85' lang='lat' dir='ltr'>polluerit,</span> <span class='ocrx_word' id='word_1_225' title='bbox 861 3548 1058 3638; x_wconf 81' lang='lat' dir='ltr'>intellectis3</span> <span class='ocrx_word' id='word_1_226' title='bbox 1081 3565 1140 3624; x_wconf 92' lang='lat' dir='ltr'>aut</span> <span class='ocrx_word' id='word_1_227' title='bbox 1160 3548 1279 3625; x_wconf 87' lang='lat' dir='ltr'>saltem</span> <span class='ocrx_word' id='word_1_228' title='bbox 1298 3548 1343 3625; x_wconf 89' lang='lat' dir='ltr'>ad</span> <span class='ocrx_word' id='word_1_229' title='bbox 1358 3574 1417 3625; x_wconf 83' lang='lat' dir='ltr'>eos</span> <span class='ocrx_word' id='word_1_230' title='bbox 1506 3596 1510 3602; x_wconf 94' lang='lat'>·</span> 
     </span>
     <span class='ocr_line' id='line_1_29' title="bbox 295 3664 1040 3762; baseline 0 -25"><span class='ocrx_word' id='word_1_231' title='bbox 295 3678 456 3762; x_wconf 85' lang='lat' dir='ltr'>perpetuo</span> <span class='ocrx_word' id='word_1_232' title='bbox 481 3680 680 3762; x_wconf 79' lang='lat' dir='ltr'>provocatur</span> <span class='ocrx_word' id='word_1_233' title='bbox 705 3664 739 3737; x_wconf 92' lang='lat' dir='ltr'>in</span> <span class='ocrx_word' id='word_1_234' title='bbox 766 3665 840 3739; x_wconf 88' lang='lat' dir='ltr'>iure</span> <span class='ocrx_word' id='word_1_235' title='bbox 864 3664 1040 3741; x_wconf 86' lang='lat' dir='ltr'>canonico.</span> 
     </span>
    </p>
   </div>
   <div class='ocr_carea' id='block_1_3' title="bbox 295 3884 1416 4024">
    <p class='ocr_par' dir='ltr' id='par_1_6' title="bbox 295 3884 1416 4024">
     <span class='ocr_line' id='line_1_30' title="bbox 361 3884 1416 4013; baseline 0.002 -79"><span class='ocrx_word' id='word_1_236' title='bbox 361 3884 430 4013; x_wconf 82' lang='grc' dir='ltr'>ι(71)1</span> <span class='ocrx_word' id='word_1_237' title='bbox 437 3885 543 3942; x_wconf 74' lang='lat' dir='ltr'>Quaest.</span> <span class='ocrx_word' id='word_1_238' title='bbox 554 3887 583 3935; x_wconf 85' lang='lat' dir='ltr'>tn</span> <span class='ocrx_word' id='word_1_239' title='bbox 595 3885 681 3937; x_wconf 69' lang='lat' dir='ltr'>Ecca.</span> <span class='ocrx_word' id='word_1_240' title='bbox 693 3886 737 3938; x_wconf 78' lang='grc' dir='ltr'><strong>ΙΙΙ).</strong></span> <span class='ocrx_word' id='word_1_241' title='bbox 749 3888 780 3938; x_wconf 87' lang='lat'>11.</span> <span class='ocrx_word' id='word_1_242' title='bbox 795 3889 890 3950; x_wconf 76' lang='lat' dir='ltr'>quaet.</span> <span class='ocrx_word' id='word_1_243' title='bbox 903 3889 989 3939; x_wconf 80' lang='lat' dir='ltr'>uxxt.</span> <span class='ocrx_word' id='word_1_244' title='bbox 1001 3900 1027 3937; x_wconf 89' lang='lat' dir='ltr'>u.</span> <span class='ocrx_word' id='word_1_245' title='bbox 1039 3891 1062 3940; x_wconf 85' lang='lat' dir='ltr'>t.</span> <span class='ocrx_word' id='word_1_246' title='bbox 1075 3890 1139 3951; x_wconf 83' lang='lat' dir='ltr'>opp.</span> <span class='ocrx_word' id='word_1_247' title='bbox 1151 3886 1190 3938; x_wconf 86' lang='lat' dir='ltr'>ed.</span> <span class='ocrx_word' id='word_1_248' title='bbox 1202 3888 1283 3938; x_wconf 76' lang='lat' dir='ltr'>usur.</span> <span class='ocrx_word' id='word_1_249' title='bbox 1294 3885 1357 3937; x_wconf 86' lang='lat' dir='ltr'>tomi</span> <span class='ocrx_word' id='word_1_250' title='bbox 1371 3887 1416 3937; x_wconf 82' lang='grc' dir='ltr'><strong>ΙΙΙ.</strong></span> 
     </span>
     <span class='ocr_line' id='line_1_31' title="bbox 295 3966 508 4024; baseline 0.014 -13"><span class='ocrx_word' id='word_1_251' title='bbox 295 3972 349 4024; x_wconf 82' lang='lat' dir='ltr'>ptr.</span> <span class='ocrx_word' id='word_1_252' title='bbox 375 3975 421 4013; x_wconf 77' lang='lat' dir='ltr'>‚eo</span> <span class='ocrx_word' id='word_1_253' title='bbox 434 4001 440 4014; x_wconf 90' lang='lat'><strong>.</strong></span> <span class='ocrx_word' id='word_1_254' title='bbox 451 3966 508 4014; x_wconf 79' lang='lat' dir='ltr'>stt.</span> 
     </span>
    </p>
   </div>
   <div class='ocr_carea' id='block_1_4' title="bbox 293 4041 1418 4425">
    <p class='ocr_par' dir='ltr' id='par_1_7' title="bbox 293 4041 1418 4425">
     <span class='ocr_line' id='line_1_32' title="bbox 365 4041 1417 4111; baseline -0.01 -7"><span class='ocrx_word' id='word_1_255' title='bbox 365 4041 417 4104; x_wconf 81' lang='lat'><strong>(⁷²)</strong></span> <span class='ocrx_word' id='word_1_256' title='bbox 432 4043 497 4093; x_wconf 79' lang='lat' dir='ltr'>sess</span> <span class='ocrx_word' id='word_1_257' title='bbox 508 4043 552 4092; x_wconf 77' lang='lat' dir='ltr'>lv.</span> <span class='ocrx_word' id='word_1_258' title='bbox 564 4043 590 4092; x_wconf 86' lang='lat' dir='ltr'>ln</span> <span class='ocrx_word' id='word_1_259' title='bbox 605 4045 709 4096; x_wconf 80' lang='lat' dir='ltr'>Decreta</span> <span class='ocrx_word' id='word_1_260' title='bbox 725 4047 764 4096; x_wconf 83' lang='lat' dir='ltr'>De</span> <span class='ocrx_word' id='word_1_261' title='bbox 777 4043 842 4097; x_wconf 76' lang='lat' dir='ltr'>edtt.</span> <span class='ocrx_word' id='word_1_262' title='bbox 853 4047 880 4097; x_wconf 87' lang='lat' dir='ltr'>et</span> <span class='ocrx_word' id='word_1_263' title='bbox 892 4058 946 4098; x_wconf 79' lang='lat' dir='ltr'>usn</span> <span class='ocrx_word' id='word_1_264' title='bbox 959 4058 1014 4098; x_wconf 81' lang='lat' dir='ltr'>rac.</span> <span class='ocrx_word' id='word_1_265' title='bbox 1027 4044 1088 4097; x_wconf 67' lang='lat' dir='ltr'>ltbr,</span> <span class='ocrx_word' id='word_1_266' title='bbox 1103 4046 1147 4097; x_wconf 81' lang='lat' dir='ltr'>ubl</span> <span class='ocrx_word' id='word_1_267' title='bbox 1161 4044 1230 4111; x_wconf 83' lang='lat' dir='ltr'>quod</span> <span class='ocrx_word' id='word_1_268' title='bbox 1247 4043 1351 4097; x_wconf 69' lang='lat' dir='ltr'>multer:</span> <span class='ocrx_word' id='word_1_269' title='bbox 1366 4046 1417 4095; x_wconf 77' lang='lat' dir='ltr'>«ln</span> 
     </span>
     <span class='ocr_line' id='line_1_33' title="bbox 295 4115 1418 4190; baseline 0.005 -22"><span class='ocrx_word' id='word_1_270' title='bbox 295 4115 368 4169; x_wconf 83' lang='lat' dir='ltr'>rebus</span> <span class='ocrx_word' id='word_1_271' title='bbox 379 4117 437 4171; x_wconf 86' lang='lat' dir='ltr'>lldei</span> <span class='ocrx_word' id='word_1_272' title='bbox 446 4121 471 4170; x_wconf 85' lang='lat' dir='ltr'>et</span> <span class='ocrx_word' id='word_1_273' title='bbox 480 4125 721 4174; x_wconf 84' lang='lat' dir='ltr'>morum....contrc</span> <span class='ocrx_word' id='word_1_274' title='bbox 730 4124 872 4175; x_wconf 80' lang='lat' dir='ltr'>uumuuem</span> <span class='ocrx_word' id='word_1_275' title='bbox 884 4138 1031 4177; x_wconf 80' lang='lat' dir='ltr'>eonseumm</span> <span class='ocrx_word' id='word_1_276' title='bbox 1046 4128 1157 4190; x_wconf 84' lang='lat' dir='ltr'>petrum,</span> <span class='ocrx_word' id='word_1_277' title='bbox 1173 4126 1251 4189; x_wconf 81' lang='lat' dir='ltr'>ipsam</span> <span class='ocrx_word' id='word_1_278' title='bbox 1266 4125 1418 4190; x_wconf 83' lang='lat' dir='ltr'>scripturam</span> 
     </span>
     <span class='ocr_line' id='line_1_34' title="bbox 293 4198 1417 4270; baseline 0.006 -22"><span class='ocrx_word' id='word_1_279' title='bbox 293 4210 389 4248; x_wconf 81' lang='lat' dir='ltr'>sacrum</span> <span class='ocrx_word' id='word_1_280' title='bbox 407 4198 515 4263; x_wconf 87' lang='lat' dir='ltr'>(nemo)</span> <span class='ocrx_word' id='word_1_281' title='bbox 528 4200 685 4267; x_wconf 77' lang='lat' dir='ltr'>interpretari</span> <span class='ocrx_word' id='word_1_282' title='bbox 699 4203 815 4266; x_wconf 64' lang='lat' dir='ltr'>undat»</span> <span class='ocrx_word' id='word_1_283' title='bbox 825 4206 852 4256; x_wconf 86' lang='lat' dir='ltr'>in</span> <span class='ocrx_word' id='word_1_284' title='bbox 863 4206 1012 4270; x_wconf 75' lang='lat' dir='ltr'>professione</span> <span class='ocrx_word' id='word_1_285' title='bbox 1021 4205 1079 4258; x_wconf 80' lang='lat' dir='ltr'>fidei</span> <span class='ocrx_word' id='word_1_286' title='bbox 1091 4206 1178 4270; x_wconf 82' lang='lat' dir='ltr'>pinna,</span> <span class='ocrx_word' id='word_1_287' title='bbox 1189 4205 1233 4270; x_wconf 85' lang='lat' dir='ltr'>qut</span> <span class='ocrx_word' id='word_1_288' title='bbox 1243 4216 1298 4255; x_wconf 79' lang='lat' dir='ltr'>enm</span> <span class='ocrx_word' id='word_1_289' title='bbox 1311 4203 1417 4266; x_wconf 80' lang='lat' dir='ltr'>unittit,</span> 
     </span>
     <span class='ocr_line' id='line_1_35' title="bbox 293 4275 1417 4351; baseline 0.006 -24"><span class='ocrx_word' id='word_1_290' title='bbox 293 4275 333 4327; x_wconf 78' lang='lat' dir='ltr'>hit</span> <span class='ocrx_word' id='word_1_291' title='bbox 346 4275 428 4328; x_wconf 79' lang='lat' dir='ltr'>verbis</span> <span class='ocrx_word' id='word_1_292' title='bbox 439 4277 524 4330; x_wconf 83' lang='lat' dir='ltr'>ettert:</span> <span class='ocrx_word' id='word_1_293' title='bbox 537 4282 623 4345; x_wconf 78' lang='lat' dir='ltr'>«Nec,</span> <span class='ocrx_word' id='word_1_294' title='bbox 638 4285 894 4351; x_wconf 65' lang='lat' dir='ltr'>annuutiamus</span> <span class='ocrx_word' id='word_1_295' title='bbox 913 4287 994 4339; x_wconf 70' lang='lat' dir='ltr'>nictu</span> <span class='ocrx_word' id='word_1_296' title='bbox 1004 4285 1144 4338; x_wconf 80' lang='lat' dir='ltr'>unanimem</span> <span class='ocrx_word' id='word_1_297' title='bbox 1161 4296 1308 4338; x_wconf 78' lang='lat' dir='ltr'>muccosum</span> <span class='ocrx_word' id='word_1_298' title='bbox 1320 4285 1417 4349; x_wconf 78' lang='lat' dir='ltr'>patrum</span> 
     </span>
     <span class='ocr_line' id='line_1_36' title="bbox 294 4355 664 4425; baseline 0 -17"><span class='ocrx_word' id='word_1_299' title='bbox 294 4355 414 4419; x_wconf 76' lang='lat' dir='ltr'>acciplunt</span> <span class='ocrx_word' id='word_1_300' title='bbox 425 4359 450 4411; x_wconf 88' lang='lat' dir='ltr'>et</span> <span class='ocrx_word' id='word_1_301' title='bbox 458 4358 664 4425; x_wconf 79' lang='lat' dir='ltr'>interpretabor.»</span> 
     </span>
    </p>
   </div>
   <div class='ocr_carea' id='block_1_5' title="bbox 0 0 1622 5084">
    <p class='ocr_par' dir='ltr' id='par_1_8' title="bbox 0 0 1622 5084">
     <span class='ocr_line' id='line_1_37' title="bbox 0 0 1622 5084; baseline 0 3"><span class='ocrx_word' id='word_1_302' title='bbox 0 0 1622 5084; x_wconf 95' lang='lat' dir='ltr'> </span> 
     </span>
    </p>
   </div>
  </div>
 </body>
</html>
