3234 5084
334 434 413 489 MP·
430 434 453 482 i.
470 433 508 482 ba
527 431 702 482 Piissffllb
718 430 913 481 silubram
930 430 1000 479 sni.
1017 430 1064 480 in.
1209 406 1251 475 49

152 547 342 635 obtinebat,
362 547 468 621 inisse
493 559 637 621 secutos
666 544 955 643 Deprehendimns
976 544 1068 617 iliam
1094 558 1209 643 postea
1226 571 1253 615 a

153 665 265 762 Moyse
289 662 366 761 ipso
391 661 496 733 fuisse
520 660 555 731 in
581 658 653 756 lege
677 661 851 744 sancitum,
879 658 939 758 qui
965 658 1096 754 regulm
1126 673 1253 731 tantum

153 773 351 876 praeseribit
373 773 417 847 nd
442 775 515 847 eius
540 772 682 846 abusam
707 773 972 872 praecavendum
993 775 1110 868 (126).
1130 773 1254 870 Depre·

153 888 333 963 bendimus
358 902 472 986 patres
495 912 611 959 omnes
635 885 821 958 contrariae
837 885 1021 960 sententiae
1037 885 1251 970 adhaesisse,

153 1002 245 1102 qnod
270 1026 334 1075 neo
359 1000 542 1075 adversarii
566 999 783 1073 dissimulant
802 1002 914 1096 (127).

223 1115 378 1189 Ceterum
405 1139 492 1214 quae
508 1139 569 1212 pro
587 1112 754 1189 contraria
772 1113 936 1186 sententia
953 1112 1121 1187 adducunt
1143 1127 1256 1186 aueto-

156 1254 208 1302 res
231 1227 275 1300 de
299 1226 424 1326 quibus
448 1226 577 1324 agimus
594 1252 635 1298 ex
659 1225 926 1299 dinume
951 1227 1051 1298 trium
1069 1252 1151 1300 rom.
1173 1252 1256 1324 pon-

156 1341 282 1417 tificum
310 1339 550 1425 decretalibus,
585 1353 685 1439 atque
713 1365 753 1412 ex
782 1363 877 1413 cono.
905 1338 1083 1429 tridentino
1113 1338 1253 1437 optime,

158 1470 196 1529 ut
209 1455 375 1540 vidimus,
395 1453 549 1552 oomponi
567 1468 708 1551 possunt
724 1478 800 1527 eum
819 1468 951 1552 patrum
967 1452 1139 1539 doctrina,
1159 1453 1258 1525 dum·

158 1568 255 1642 modo
279 1593 360 1667 prae
384 1565 491 1641 oeulis
515 1565 702 1640 habeantur
726 1583 792 1639 tres
819 1566 1139 1651 animadversiones,
1172 1590 1258 1664 quas

158 1681 235 1753 buie
259 1680 494 1779 disceptationi
520 1679 767 1779 praemisimus.

228 1798 299 1869 imo
324 1822 390 1868 non
417 1820 515 1891 aegre
540 1792 751 1892 componitur
768 1819 844 1866 oum
862 1795 1025 1868 sententia
1045 1793 1253 1880 bellarmini,

157 1911 213 2010 qui
241 1935 317 2007 cap.
337 1910 393 1980 xi.
414 1906 584 1980 oontendit
608 1922 735 1980 veteres
761 1906 967 2004 patriarchas
998 1906 1088 1981 iioite
1120 1907 1260 2007 polyga-

160 2026 260 2097 miam
288 2023 518 2122 frequentasse
542 2046 581 2093 ex
606 2020 859 2120 dispensatione
875 2046 976 2121 quem
998 2021 1187 2095 hahuerunt
1203 2048 1260 2119 per

229 2273 295 2335 (tto)
310 2272 366 2322 Dixi
377 2272 485 2334 nidores
503 2270 576 2320 tuine
590 2270 753 2334 polygamiam
776 2270 914 2334 probatam,
933 2270 964 2321 de
979 2284 1029 2334 qno
1045 2272 1140 2321 nullum
1157 2269 1259 2321 dubium

156 2367 208 2404 sass
228 2352 317 2416 potest.
336 2352 389 2401 Iton
405 2349 494 2400 desunt
506 2352 601 2412 umen,
616 2349 659 2412 qui
672 2348 820 2399 contendant
837 2352 965 2412 postremis
985 2349 1095 2400 iudaicae
1115 2349 1261 2413 reipublicae

160 2431 309 2496 mpetum
319 2431 395 2480 etiarn
407 2429 472 2492 apud
487 2428 553 2479 buno
567 2429 685 2493 popniurn
700 2429 768 2479 ilium
781 2429 806 2478 in
818 2428 1001 2480 desuetudinem
1017 2430 1114 2481 abiisse.
1124 2429 1196 2488 Quod
1208 2429 1261 2493 qni·

161 2511 216 2562 deon
230 2510 313 2574 aiiqnn
328 2522 400 2560 sensu
417 2507 514 2559 admitti
524 2520 595 2571 posse
608 2507 718 2571 noster,
732 2520 789 2559 nam
800 2523 856 2559 eum
871 2508 965 2563 iudaeis
975 2509 1173 2572 dominarentur,
1183 2509 1262 2571 iisqne

160 2589 272 2654 permixti
289 2590 368 2639 essem
385 2588 477 2638 romani
500 2587 543 2650 qui
563 2588 744 2650 monogamiam
762 2587 976 2650 consectabantur,
993 2589 1088 2639 nntium
1110 2588 1212 2638 dubium
1225 2590 1263 2637 est

160 2669 219 2733 qain
235 2668 339 2719 istorum
356 2665 498 2717 moresaire
507 2665 534 2715 in
545 2664 651 2729 bonnm,
667 2668 720 2716 sire
734 2667 760 2715 in
775 2667 869 2717 malurn
885 2668 935 2716 rim
950 2667 1083 2731 qnamdam
1097 2667 1262 2727 exercuerint,

160 2748 270 2811 adeoque
278 2747 344 2797 serie
352 2746 434 2795 minna
442 2743 557 2808 frequens
567 2746 620 2794 arat
628 2757 703 2808 penes
712 2745 814 2796 iudaeos
825 2745 973 2810 poiyannia3
985 2748 1091 2797 attnmen
1102 2758 1151 2795 non
1163 2743 1262 2794 omnino

160 2828 272 2877 cenarit.
280 2824 375 2875 Etenim
384 2823 500 2887 insepbus
509 2822 607 2872 Flavius
614 2823 655 2872 iib.
663 2825 873 2888 xvrinnnqeu.
879 2838 902 2875 e,
910 2826 1039 2875 1.testatnr
1046 2824 1126 2874 adbuc
1133 2836 1178 2874 sua
1187 2824 1264 2873 aetate

160 2916 214 2955 sam
225 2902 333 2967 riguisse
346 2900 469 2953 scribens:
481 2902 561 2951 «nan
571 2912 625 2951 mos
635 2901 706 2952 nobis
719 2902 756 2952 est
766 2902 860 2965 patrius
869 2902 955 2952 eodem
965 2904 1073 2966 tempore
1083 2902 1164 2966 piures
1175 2901 1264 2951 bebere

162 2982 383 3054 amsssn'rpsor
399 2983 451 3054 peip
469 2980 494 3036 ir
513 2980 601 3052 ταύτῷ
615 2980 736 3035 ebriosis
754 2981 818 3050 ἡμῖν
837 2982 972 3035 συνοικεῖν.
989 2984 1089 3031 Eimot
1100 2978 1263 3031 flaesdistna·

162 3062 202 3127 qni
220 3073 308 3112 norem
326 3060 441 3123 coniuges
456 3062 583 3111 memorat.
594 3062 673 3109 immo
688 3061 713 3109 et
729 3059 856 3122 aliquanto
866 3061 921 3122 post
936 3072 957 3109 a.
966 3058 1073 3109 tustinus
1084 3058 1109 3107 in
1120 3058 1190 3108 Diei.
1204 3069 1265 3108 eam

162 3138 297 3204 imbons
307 3152 334 3189 ιι.
345 3143 396 3189 iai.
410 3138 491 3190 adbna
506 3140 637 3208 exprobrat
652 3138 762 3202 iudaeis,
776 3139 844 3201 quod
859 3138 1015 3187 rabbinorum
1034 3151 1134 3187 suornm
1154 3137 1265 3187 doctrina

159 3218 254 3284 dsnspti
272 3220 380 3283 qmtnnr
397 3221 440 3269 ant
460 3219 569 3284 quinque
584 3232 674 3270 uxores
687 3218 817 3280 deserent,
829 3220 953 3281 inquiens:
970 3237 982 3261 ι
994 3217 1075 3268 satius
1089 3219 1170 3268 estut
1186 3220 1266 3267 υιιιιιι

161 3299 311 3362 sequamini,
320 3311 393 3362 qnam
400 3298 566 3362 imprudentes
574 3300 599 3350 et
608 3311 692 3350 osseos
702 3298 832 3361 magistros
841 3300 1001 3362 vestraeque
1009 3297 1107 3349 ennead
1117 3297 1179 3347 bane
1189 3309 1267 3359 nsque

161 3376 226 3427 diem
238 3380 265 3427 et
277 3378 394 3441 quotam
401 3379 428 3426 st
437 3379 554 3441 quinque
563 3390 651 3431 mores
662 3375 750 3426 babere
761 3375 893 3439 uuicuique
905 3375 1113 3439 premitteres
1125 3375 1145 3425 si
1157 3374 1213 3437 quis
1225 3386 1264 3423 re

163 3457 260 3507 utura
272 3455 402 3520 inmitium
411 3468 466 3507 earn
479 3456 661 3519 oenenpirerit,
673 3456 768 3519 iacobi,
779 3456 822 3519 qui
833 3456 906 3505 israei
917 3453 998 3505 dietim
1007 3458 1057 3515 est,
1069 3456 1093 3505 st
1103 3454 1207 3504 sitorum
1224 3465 1265 3517 pa·

162 3536 326 3587 triarewnrn
337 3536 403 3586 iacta
415 3537 646 3598 commemorantes,
663 3549 692 3587 ae
705 3538 820 3600 amantes
837 3535 971 3599 paraenesi
985 3534 1043 3598 quis
1062 3534 1153 3585 similia
1170 3532 1266 3583 faeiat»

162 3613 202 3665 ed.
214 3613 306 3665 Tbeod.
315 3616 373 3665 otte
384 3618 455 3665 ienae
471 3620 537 3667 isio.
546 3615 610 3666 tomi
620 3618 639 3664 i.
651 3617 713 3678 pari.
726 3618 744 3664 i.
756 3628 811 3679 pag.
824 3613 1080 3677 transmutemur
1094 3615 1165 3663 notas
1176 3613 1216 3663 bie
1226 3626 1267 3676 ap·

165 3695 257 3757 positas
267 3706 296 3743 es
308 3692 411 3744 selden
420 3695 446 3745 et
455 3693 611 3745 bisimouids.

236 3775 302 3837 (127)
317 3775 380 3824 Sane
394 3773 475 3824 Goiiet
489 3787 543 3839 oap.
557 3777 588 3824 V.
602 3777 641 3825 De
656 3777 761 3826 stettein
776 3777 857 3825 matr.
873 3776 933 3826 sent.
948 3776 968 3824 i.
980 3774 1003 3837 ς.
1015 3775 1061 3825 uit
1072 3785 1097 3823 n.
1113 3778 1152 3825 71.
1166 3771 1265 3823 scribit:

164 3850 293 3902 «Dubitari
306 3854 388 3902 umen
402 3852 479 3914 pessit
491 3865 523 3901 an
535 3854 617 3916 patrm
629 3866 727 3914 omne,
737 3851 887 3916 Augustinus
897 3851 1052 3915 praesertim,
1064 3852 1090 3902 et
1103 3849 1269 3901 Tbeedoretns

162 3934 212 3981 tarn
228 3929 289 3982 dure
304 3930 335 3982 de
351 3931 487 3995 poiygamia
499 3932 539 3983 rei
556 3933 634 3995 ipsius
647 3932 752 3982 Lumecb
768 3932 912 3992 sensissent,
924 3944 980 3982 curn
991 3931 1122 3995 generatim
1133 3943 1187 3982 eam
1199 3929 1268 3980 nnita

162 4011 214 4074 iege
223 4009 372 4075 prohibitam
380 4023 433 4061 esse
442 4011 534 4061 disant.
541 4012 574 4062 at
580 4011 639 4062 been
648 4024 733 4062 eornm
742 4011 818 4061 rerba
824 4011 857 4061 sd
866 4012 963 4076 tempos
976 4010 1169 4075 patriarcharum
1184 4008 1267 4059 reterri

169 4090 278 4153 possunt.
294 4088 358 4140 Fieri
374 4090 468 4152 potest,
480 4091 508 4139 ut
519 4091 545 4139 in
556 4089 628 4141 rebus
638 4103 687 4141 non
698 4091 809 4142 absolute
821 4089 893 4141 maiis
905 4089 970 4140 idem
982 4090 1129 4153 quandoque
1144 4087 1269 4153 probibea-

165 4171 219 4230 tur,
240 4168 388 4232 quandoque
402 4169 544 4219 toleretur.»
552 4170 599 4221 Sed
615 4170 714 4235 qnando
731 4170 854 4234 prohibita
872 4170 960 4231 inerit,
974 4182 1025 4219 non
1037 4169 1151 4220 ostendit.
1166 4171 1197 4219 D.
1211 4180 1270 4219 raro

164 4248 276 4299 carriers
287 4261 313 4298 n.
324 4247 484 4312 traloqnens
496 4249 526 4300 de
537 4263 562 4314 p.
572 4250 658 4301 berlin
667 4249 761 4300 subdit:
772 4249 964 4300 «titbaneesse
973 4251 1108 4312 sopatrum
1117 4250 1269 4309 sententiam,

163 4331 189 4378 'et
198 4326 318 4392 quosdam
331 4328 412 4379 tentus
425 4329 497 4391 citat,
515 4331 561 4393 qui
576 4328 637 4381 bute
654 4341 746 4381 rsoern
762 4331 907 4380 sententiae
917 4327 1014 4391 soom
1028 4327 1177 4379 owenius.»

228 4436 271 4490 iil
1191 4443 1207 4488 i
