3234 5084
322 441 391 511 tii
464 462 525 511 ιιι.
547 460 593 510 ιιι.
615 460 701 510 sacr.
723 460 853 511 ιιιιιιι.
876 458 1301 513 summasunmna.

315 608 354 655 ex
380 607 420 653 ea
446 579 608 678 petitam,
638 577 728 678 quod
754 577 909 650 Christus
936 605 974 651 se
1000 576 1190 677 praebuerit
1213 578 1323 678 Moysi
1350 604 1434 663 con·

315 695 470 786 trarium,
488 693 580 766 illam
594 692 780 766 clausulam
793 693 1206 792 omninopraetermiserit
1217 708 1352 792 cucepto
1368 696 1390 793 s
1420 738 1435 750 ·

314 811 487 882 nicationis
512 834 633 892 cousa;
659 807 706 880 ait
731 808 821 880 enim
839 807 1005 880 Marcion:
1034 837 1051 876 n
1067 807 1132 880 Sed
1150 807 1306 881 Christus
1321 808 1434 883 diver-

318 927 400 998 tium
416 923 571 1024 prohibet
583 923 721 996 dicens:
749 923 818 1008 Qui
828 923 990 996 dimiserit
1002 951 1137 996 oaorem
1149 950 1263 1010 smm,
1283 938 1314 997 ci
1330 925 1434 997 alium

213 1130 215 1135 ,
315 1042 464 1125 dumorit,
482 1039 682 1113 adulterium
695 1040 884 1124 committit,
903 1042 963 1138 qui
977 1039 1146 1112 dimissam
1163 1042 1267 1112 avire
1283 1039 1429 1125 duaerit,

314 1183 413 1255 oeque
433 1155 563 1229 adulter
575 1170 634 1227 est.
651 1156 784 1254 Moyses
797 1156 871 1229 viro
890 1156 1053 1256 permittit
1065 1156 1241 1254 repudium
1255 1171 1318 1229 etc.
1339 1158 1430 1251 (1).»

315 1271 517 1368 Argumenta
544 1271 740 1367 igiturest,
770 1269 920 1342 nondum
945 1285 1053 1343 aetate
1078 1269 1137 1343 illa
1161 1268 1305 1367 allegata
1329 1269 1433 1343 verba

314 1387 349 1457 in
368 1385 526 1459 Matthaei
547 1383 721 1481 evangelio
741 1383 888 1481 genuino
909 1383 1079 1469 extitisse;
1104 1386 1138 1455 3.
1158 1382 1343 1457 verisimile
1355 1409 1434 1482 pro-

317 1500 394 1574 inde
415 1517 487 1588 est,
516 1499 625 1572 serius
651 1497 758 1571 uerba
782 1497 842 1570 illa
864 1489 908 1572 'ex
933 1524 1008 1598 cap.
1034 1500 1120 1571 xix.
1149 1503 1183 1571 i.
1212 1499 1370 1573 Matthaei
1396 1500 1431 1571 in

314 1644 388 1717 cap,
409 1617 449 1686 Vr
470 1617 528 1687 32.
551 1613 651 1689 illata*
666 1613 790 1700 inisse,
814 1629 847 1687 et
868 1640 887 1687 e
908 1615 1044 1714 seriptis
1067 1631 1220 1715 patrum,
1241 1616 1299 1714 qui
1322 1615 1432 1688 dese

313 1733 485 1833 paratione
508 1717 689 1827 conitigum
709 1731 750 1801 in
768 1755 871 1804 eausa
894 1730 1123 1805 fornicationis
1144 1748 1306 1828 egerunt,
1327 1731 1362 1802 in
1379 1757 1433 1805 oo-

312 1848 405 1921 dices
429 1845 678 1943 evangeliorum
703 1844 893 1942 irrepsisse.
931 1846 963 1917 i.
994 1846 1045 1917 Ex
1080 1845 1221 1919 historia
1250 1846 1432 1943 primorum

313 1979 501 2061 temporum
522 1959 648 2058 optime
665 1959 851 2059 explicetur
866 1960 1150 2061 confirmaturque
1167 1960 1268 2033 huius
1287 1961 1430 2060 interpa

314 2077 450 2150 lationis
475 2075 581 2172 origo.
605 2074 779 2174 Siquidem
802 2073 902 2173 primi
925 2075 1037 2147 iudaei
1063 2074 1106 2147 ad
1132 2073 1326 2172 religionem
1344 2075 1432 2148 chri-

312 2193 456 2265 stianam
476 2191 650 2279 conversi,
671 2216 747 2263 cum
767 2206 866 2262 antea
886 2217 906 2262 e
923 2189 997 2288 lege
1013 2190 1116 2264 Masis
1134 2191 1277 2265 divortia
1294 2192 1330 2262 in
1347 2218 1430 2267 casu

313 2307 546 2380 fornicationis
572 2306 738 2405 permissa
757 2305 897 2394 suerint,
922 2332 1047 2379 morem
1070 2306 1160 2380 hunc
1177 2333 1217 2381 ao
1234 2306 1431 2406 permissio-

313 2448 390 2496 nem
409 2423 444 2494 in
467 2448 554 2496 nova
570 2422 671 2495 etiam
689 2421 786 2518 lege,
813 2438 1009 2519 argumento
1026 2421 1070 2494 ab
1087 2422 1239 2522 apostolo
1256 2422 1359 2497 Paulo
1377 2450 1431 2497 se·

311 2540 517 2640 parationem
542 2538 737 2613 admittente
763 2539 884 2637 petito,
913 2539 1177 2615 conservandam
1199 2565 1276 2613 esse
1303 2539 1432 2614 iudica-

312 2672 413 2744 runt,
435 2672 536 2755 atque
560 2682 599 2728 ex
619 2654 790 2727 Clemente
807 2653 1026 2727 alexandrino
1043 2657 1261 2752 exceptionem
1279 2657 1314 2727 in
1331 2682 1432 2728 sousa

311 2772 481 2856 adulterii,
511 2773 546 2843 in
572 2771 646 2845 loca
670 2768 833 2866 evangelii
854 2768 971 2841 Matth.
991 2770 1028 2841 V.
1056 2786 1089 2842 et
1109 2771 1195 2842 xix.
1225 2770 1427 2858 intulerunt,

311 2901 348 2958 ut
365 2885 415 2958 sio
432 2911 473 2958 en
490 2885 577 2984 ipsis
596 2885 672 2956 lesu
696 2883 805 2956 effatis
829 2880 1007 2981 probarent
1031 2883 1264 2958 dimissionem
1291 2911 1430 2959 uxorum

311 3000 348 3071 in
372 3025 455 3073 casu
480 2997 711 3072 fornicationis
737 2996 863 3070 licitam
884 3023 960 3070 esse
983 3000 1047 3093 (2).

384 3113 481 3201 Quod
507 3139 586 3187 vero
610 3113 727 3186 attinet
751 3112 794 3186 ad
822 3111 930 3189 laeum
955 3113 1071 3186 Matth.
1093 3116 1179 3187 xix.
1206 3118 1240 3187 ti.
1268 3132 1347 3189 sunt
1371 3117 1429 3215 qui

311 3230 520 3316 existiment,
545 3229 709 3324 integmm
733 3227 796 3300 hoo
819 3253 951 3302 comma
972 3228 1124 3327 spurium
1151 3255 1244 3315 esse;
1274 3230 1332 3303 alii
1351 3251 1436 3304 vero·

311 3361 449 3421 censent
481 3343 711 3418 tantummodo
745 3343 852 3417 fuisse
883 3343 1131 3443 interpolatum.
1170 3346 1259 3417 inter
1287 3371 1345 3419 eos
1371 3346 1430 3445 qui

310 3459 547 3534 alienamanu
577 3457 705 3530 inserta
722 3457 926 3530 arbitrantur
947 3484 987 3531 ea
1011 3457 1130 3545 verba,
1155 3485 1242 3558 quae
1261 3459 1304 3533 ad
1327 3459 1431 3533 sorni-

310 3577 474 3650 oationem
492 3574 694 3659 reseruntur,
715 3574 839 3648 eminet
858 3573 1050 3648 leonardus
1068 3574 1145 3671 Hug
1161 3572 1242 3648 olim
1262 3574 1431 3673 professor

311 3691 544 3788 Friburgensis
563 3691 599 3761 in
617 3690 785 3786 Bisgovia.
816 3689 878 3762 His
904 3715 1004 3789 porro
1029 3690 1236 3787 argumentis
1259 3704 1426 3762 moretur:

311 3810 345 3878 1.
367 3807 480 3907 plures
507 3822 585 3880 sunt
607 3806 776 3879 variantes
802 3804 982 3890 lectiones,
1003 3830 1092 3903 quae
1117 3804 1152 3875 in
1179 3804 1244 3878 hoo
1263 3803 1431 3877 versiculo

310 3925 344 3993 in
376 3921 524 4022 antiquis
542 3920 717 3995 codicibus
744 3920 872 4021 passim
890 3936 1069 3997 occurrunt
1092 3922 1155 4015 (3).
1180 3921 1214 3991 2.
1244 3921 1432 4020 Supersunt

387 4098 422 4159 (ι)
437 4097 492 4148 uit.
506 4100 552 4148 iv.
569 4099 643 4148 cont.
658 4100 785 4149 Marcion.
800 4109 822 4147 o.
838 4096 1034 4162 ei.ed.1iigali.

387 4178 423 4239 ia)
438 4180 476 4229 ita
491 4179 594 4241 ligeris
611 4191 652 4242 op.
673 4191 750 4241 germ.
770 4180 945 4239 Inuaatiootio
966 4179 995 4228 in
1015 4181 1210 4243 coemtionem,
1230 4179 1326 4228 utrum
1344 4177 1430 4227 diuor-

308 4260 376 4307 tium
392 4259 473 4307 tunto
488 4256 637 4308 doctrinam
647 4259 833 4322 scriptumest
845 4258 1059 4322 antiquissimam
1073 4257 1212 4308 historiam
1228 4256 1432 4340 mansiaticum

309 4338 418 4387 irritum
428 4338 463 4387 sii
481 4350 526 4388 nec
543 4350 583 4388 ne.
604 4337 737 4388 aranstedt
750 4339 775 4388 ei
789 4336 938 4388 Rudotstadi
951 4342 1018 4389 titii.

388 4416 423 4478 (a)
438 4416 528 4468 Scribit
539 4418 603 4468 enim
614 4417 639 4467 in
651 4417 693 4468 cit.
707 4420 879 4469 commentat.
892 4419 1025 4481 accoeiico
1036 4416 1068 4469 de
1083 4420 1198 4481 ooniuoit
1211 4417 1310 4469 cirisi.
1325 4415 1432 4468 uinculo
