3234 5084
308 467 788 533 aar.rr.neo1ss.rrrrn.rrrr,
804 463 1193 520 neumasensium.
1247 448 1317 519 bl'l

274 592 389 663 Cetera
413 613 502 688 quae
526 586 734 660 adiiciuntur
758 603 956 684 argumenta
981 585 1108 659 nullam
1128 587 1252 660 seriam
1270 586 1320 661 la·

197 709 295 782 aiunt
318 704 563 778 difficultatem.
585 703 717 776 Etenim
738 702 831 803 quod
849 701 995 776 solubile
1009 702 1075 775 diei
1093 702 1229 777 deberet
1241 727 1321 777 oon-

199 824 329 921 iugium
354 836 482 904 ratum,
512 820 540 891 si
567 843 650 892 roro.
673 819 846 892 Pontifiois
866 817 1064 893 auctoritate
1082 817 1166 891 solvi
1187 832 1316 917 posset,

197 936 328 1009 nullum
350 949 404 1007 est
426 933 679 1007 inconveniens.
715 934 757 1005 Et
783 959 866 1006 sane
891 959 921 1006 s.
948 931 1095 1006 Thomas
1121 931 1322 1007 dissolubile

197 1052 283 1124 dicit
297 1049 548 1123 matrimonium
573 1064 684 1122 ratum
704 1049 875 1122 scribens:
900 1048 969 1119 «Et
986 1046 1062 1121 ideo
1082 1072 1143 1120 neo
1155 1049 1322 1122 omnimo·

196 1160 276 1238 dam
301 1163 604 1236 indivisibilitatem
631 1162 734 1237 babet
761 1165 913 1260 (123).»
948 1162 991 1234 Ει
1015 1161 1065 1234 sio
1091 1160 1149 1233 alii
1175 1160 1320 1261 theologi

200 1279 341 1379 passim.
370 1279 524 1351 Ceterum
551 1277 587 1350 in
613 1278 678 1351 boo
704 1278 871 1377 quaedam
894 1277 975 1350 latet
998 1277 1252 1378 aequivocati03
1274 1277 1322 1351 si-

198 1393 338 1493 quidem
363 1393 614 1467 matrimonium
640 1407 750 1467 ratum
775 1408 907 1492 potest,
936 1392 1004 1466 imo
1021 1406 1055 1465 et
1071 1391 1140 1465 dici
1158 1391 1258 1465 debet
1274 1392 1323 1464 iu'-

199 1508 400 1582 dissolubile
424 1524 495 1581 tum
520 1508 651 1582 ratione
675 1509 749 1596 sui,
775 1509 846 1582 sive
875 1507 919 1582 ab
944 1507 1145 1596 intrinseoo,
1175 1522 1244 1580 tum
1269 1507 1323 1581 di·

197 1624 385 1724 opositione
398 1622 514 1696 divina
527 1623 694 1720 generali,
711 1624 784 1698 sive
800 1623 844 1696 ab
861 1624 1067 1709 extrinseoo;
1088 1637 1235 1695 attamen
1253 1621 1321 1696 diei

199 1753 312 1838 potest
328 1735 530 1810 dissolubile
547 1737 773 1837 dispositione
789 1737 925 1825 divina,
947 1762 1067 1836 nempe
1080 1736 1123 1809 ab
1135 1735 1324 1811 extrinseco

199 1880 259 1955 per
280 1853 470 1950 ingressum
495 1851 635 1925 alterius
659 1853 815 1951 coniugis
841 1853 875 1925 in
903 1850 1098 1949 religionem
1123 1866 1156 1925 et
1181 1877 1242 1949 per
1270 1850 1323 1923 di·

199 1968 448 2069 sponsationem
470 1967 696 2066 pontificiam,
725 1967 988 2041 extraordinaria
1005 1967 1049 2040 ad
1067 1967 1103 2038 id
1121 1965 1246 2040 tributa
1261 1993 1323 2041 au·

199 2083 351 2156 otoritate
376 2106 445 2179 qua
469 2081 573 2153 utitur
599 2082 749 2155 Pontiler
765 2098 804 2155 ut
824 2081 950 2155 Christi
967 2081 1134 2168 vicarius,
1158 2081 1251 2180 gravi
1270 2082 1322 2153 in·

200 2195 531 2282 tervenienteeausa;
544 2197 573 2269 si
584 2195 646 2270 hos
660 2223 761 2271 ossus
774 2198 936 2296 excipias,
947 2223 1010 2270 neo
1018 2196 1179 2294 coniuges
1192 2196 1323 2297 priuata

199 2304 418 2398 auctoritate,
443 2337 504 2384 neo
523 2310 611 2384 alius
632 2313 803 2413 quispiam
826 2312 896 2386 ullo
920 2313 956 2385 in
981 2338 1065 2386 oasn
1083 2327 1227 2412 possunt
1242 2338 1323 2385 oon·

199 2427 331 2524 iugium
344 2441 452 2499 ratum
466 2423 662 2499 dissolvere.
679 2427 721 2497 Et
732 2451 775 2499 en
792 2425 961 2527 quomodo
979 2425 1043 2500 bae
1060 2424 1193 2499 sublata
1209 2424 1324 2525 aequi·

199 2543 385 2629 vocatione,
403 2541 465 2615 rite
477 2542 592 2616 omnia
609 2557 864 2644 componantur,
876 2557 909 2615 et
921 2568 990 2643 quo
1002 2568 1106 2617 sensu
1119 2542 1155 2613 in
1168 2540 1323 2615 confesso

198 2659 245 2733 sit
269 2658 361 2757 apud
384 2682 502 2731 omnes
527 2658 778 2732 matrimonium
803 2684 880 2732 esse
905 2656 1102 2744 insolubile,
1123 2673 1157 2731 et
1174 2682 1321 2758 quonam

200 2800 304 2848 sensu
328 2774 429 2846 etiam
456 2772 599 2848 solubile
625 2773 692 2848 diei
715 2792 828 2874 queat.

273 2889 405 2963 Exinde
427 2890 606 2988 responsio
627 2890 703 2962 ssuit
727 2890 771 2962 ad
798 2889 833 2962 id
856 2889 947 2992 quod
967 2890 1011 2963 de
1027 2889 1162 2964 vinculo
1178 2890 1247 2963 uoti
1265 2904 1324 2962 aut

201 3000 379 3079 iuramenti
393 3004 544 3092 additur,
561 3005 652 3106 quod
666 3032 742 3079 cum
755 3005 898 3106 possita
911 3033 1044 3080 summo
1058 3005 1221 3080 Pontifioe
1238 3004 1323 3079 solvi

202 3145 262 3218 per
286 3119 593 3219 dispensationem,
623 3119 747 3195 idcireo
772 3120 916 3195 solubile
939 3122 1087 3209 dicatum
1108 3147 1187 3194 nam
1203 3119 1323 3194 eadem

202 3233 287 3306 ratio
310 3233 400 3306 valet
423 3249 490 3306 tam
513 3258 573 3333 pro
592 3233 760 3307 solutione
775 3234 844 3307 voti
862 3261 902 3307 aa
920 3233 1119 3320 iuramenti,
1140 3259 1244 3333 quem
1261 3257 1323 3331 pro

202 3344 369 3421 solutione
386 3346 590 3421 matrimonii
610 3346 691 3433 rati,
716 3346 928 3423 cumbarum
946 3346 1108 3445 obligatio
1120 3347 1174 3420 -sit
1191 3346 1233 3420 de
1251 3347 1324 3419 iure

200 3460 329 3548 diviu03
346 3460 475 3534 seilicet
488 3475 607 3536 natura
621 3486 683 3534 sua
696 3476 776 3534 sunt
793 3459 1005 3547 insolubilia;
1022 3476 1057 3534 at
1074 3459 1232 3534 solubilia
1245 3475 1325 3533 sunt

202 3592 366 3676 potestate
389 3604 412 3650 a
434 3577 505 3650 Deo
529 3562 792 3665 eommunieata,
813 3591 851 3651 ut
868 3603 976 3676 nuper
996 3575 1186 3676 expositum
1212 3573 1325 3648 decla·

204 3705 381 3792 ratumque
405 3706 468 3764 est.

275 3808 347 3881 Non
373 3806 471 3880 video
497 3833 602 3908 quare
620 3834 660 3880 ex
678 3833 718 3881 eo
738 3805 829 3906 quod
849 3832 916 3879 non
935 3806 1044 3908 possit
1062 3830 1221 3879 romanus
1239 3805 1325 3878 Pon·

204 3918 284 3991 tiler
300 3935 461 4010 statuere,
481 3937 520 3995 ut
532 3921 782 3995 matrimonium
799 3939 907 3994 ratum
926 3919 1134 3994 dissoluatur
1149 3945 1209 4019 per
1224 3917 1323 4019 [alind

203 4032 293 4133 quod
306 4033 407 4108 luerit
418 4054 699 4124 consummatum,
717 4036 837 4110 inferat
848 4033 985 4138 Sylvius
1000 4035 1060 4135 qui
1074 4034 1137 4108 boe
1151 4032 1319 4135 proponit,

87 4205 91 4212 .
205 4150 271 4221 noll
291 4174 393 4248 posse
408 4177 577 4226 summurn
600 4151 794 4226 Pontificem
815 4178 875 4250 per
893 4150 1181 4251 dispensationem
1207 4148 1323 4222 matri·

203 4263 353 4337 monium
366 4279 473 4337 ratum
487 4268 627 4341 solvere.
639 4267 677 4338 ln
688 4267 806 4369 primis
819 4265 966 4367 absurda
975 4267 1108 4342 videtur
1120 4263 1320 4366 bypotbesis

275 4453 341 4519 (ιιι)
356 4453 440 4520 suppl.
453 4461 475 4507 a.
489 4467 541 4519 par.
551 4458 646 4521 emeat.
657 4465 696 4509 et.
709 4471 744 4508 ar.
758 4464 781 4508 ι.
795 4454 828 4507 sd
838 4463 862 4507 ι.
