3234 5084
320 455 389 507 car.
405 453 454 506 ιιι.
470 454 512 505 un
524 453 622 505 snruu
636 451 730 505 ram.
747 451 811 504 aru.
829 451 940 505 nrmss.
958 453 1054 504 ιιιι.
1077 452 1151 504 ιιι.
1166 452 1190 503 ι.
1246 430 1317 505 itt

198 575 263 652 hoo
273 600 316 648 ex
327 600 458 649 eanum
468 585 703 670 argumentum
716 571 845 645 eruitur
861 570 904 644 de
920 570 1081 644 firmitate
1093 570 1221 645 rinouli
1237 595 1319 647 oon-

198 692 341 791 iugulis‚
370 715 473 790 quam
499 705 613 789 patres
638 685 833 760 illiberitani
866 686 1068 776 adstruunt,
1097 687 1179 760 dum
1208 712 1319 788 neque

198 808 234 880 in
258 805 325 880 hoo
344 831 427 880 oasu
452 803 497 877 de
520 803 621 878 dneto
645 802 797 877 oriminis
824 801 937 888 sooio,
964 800 1113 899 legitime
1130 827 1191 875 seu
1206 802 1321 876 valide

198 921 339 996 alterum
351 919 561 1017 coniugium,
576 916 633 991 illo
649 917 804 1004 vivente,
825 916 902 989 iniri
921 916 1136 1016 permittunt,
1157 917 1226 991 imo
1243 943 1320 1018 per·

198 1054 300 1139 petua
316 1032 658 1110 excommunicatione
678 1057 773 1120 eam,
800 1056 889 1129 quae
917 1029 1084 1104 eiusmodi
1111 1031 1244 1106 lacinus
1269 1048 1320 1107 at·

199 1152 391 1238 tentaverit,
422 1149 594 1249 plectunt,
622 1147 687 1222 etri
713 1148 806 1221 iuxta
831 1145 949 1220 civiles
970 1143 1063 1243 leges
1088 1144 1181 1219 illius
1198 1148 1319 1222 astaus
1376 1187 1382 1194 ·

200 1269 337 1367 impune
358 1293 398 1339 ao
416 1265 567 1362 legitime
592 1262 627 1335 id
654 1263 726 1336 lieri
750 1276 867 1362 posset
887 1263 976 1357 (it).

273 1382 398 1469 Quarto
424 1379 566 1480 proinde
588 1378 703 1453 seouio
725 1379 863 1452 ineunte
888 1375 923 1450 in
949 1375 1165 1476 possessione
1188 1392 1259 1449 erat
1283 1378 1319 1450 in

199 1495 343 1574 eeclesia
366 1496 532 1573 oatbolioa
557 1495 710 1570 dootrina
729 1493 774 1567 de
791 1493 894 1595 plena
916 1492 1215 1567 indissolubilitate
1231 1493 1320 1566 chri-

200 1616 303 1689 stiani
320 1614 489 1711 coniugii,
509 1639 550 1688 ao
566 1637 727 1712 germana
750 1611 979 1711 interpretatio
998 1609 1176 1685 verborum
1193 1609 1320 1683 Christi

200 1730 290 1830 apud
304 1727 519 1803 liatthaenm:
539 1727 620 1803 Nisi
631 1728 670 1802 ob
687 1729 955 1828 fundationem,
973 1742 1005 1799 et
1024 1741 1159 1824 sarepta
1174 1727 1320 1825 fornico·

202 1845 298 1918 tiano
310 1869 434 1930 rouro,
456 1867 545 1943 qnae
568 1843 611 1917 ad
630 1843 737 1918 selam
756 1841 990 1916 dimissionem
1014 1840 1129 1914 uxoris
1148 1839 1321 1914 adulterae

200 1983 241 2033 eo
252 1953 354 2031 rerba
365 1972 523 2046 ooarrtat,
539 1957 622 2057 quin
634 1955 776 2030 iaoulias
788 1956 886 2029 detur
897 1981 1001 2029 novas
1013 1954 1153 2029 ineundi
1167 1955 1316 2055 nuptias.

272 2072 357 2146 Cum
382 2071 468 2146 adeo
491 2072 662 2172 perspicui
685 2072 754 2145 sint
771 2069 836 2144 bac
854 2070 890 2142 in
908 2096 944 2146 re
959 2096 1106 2144 canones
1123 2068 1319 2143 illiberitani

200 2188 350 2277 aoncilii,
378 2188 502 2261 mirum
527 2203 578 2260 est
603 2186 782 2260 nonnullos
809 2186 911 2260 etiam
936 2186 1023 2259 inter
1046 2183 1232 2260 catholicos
1256 2211 1319 2260 eeu

202 2303 361 2378 adversos
378 2303 567 2377 eatboiieae
583 2302 756 2378 durinnae
771 2329 831 2377 eos
848 2302 1000 2375 abiicere
1013 2304 1106 2397 (it),
1133 2300 1219 2376 alios
1239 2327 1321 2378 uero

202 2419 326 2492 eonniti
350 2434 387 2492 ut
416 2419 452 2490 in
468 2439 620 2493 iaensum
647 2417 785 2492 omnino
808 2416 957 2492 alianum
990 2442 1050 2490 eos
1074 2416 1316 2516 detorqueant,

203 2550 262 2608 aui
279 2535 397 2608 saltem
417 2549 455 2607 ut
470 2527 604 2608 omnem
621 2534 665 2607 iis
684 2532 802 2607 tollant
815 2533 884 2606 vim
905 2533 949 2607 ad
966 2532 1113 2630 eoniugii
1135 2531 1321 2608 indissolu-

200 2648 364 2725 bilitatem
388 2635 684 2752 comprobandam.

286 2765 445 2852 Quamvis
471 2765 538 2838 iam
565 2765 689 2839 inerint
713 2782 979 2866 praeoooupaia‚
1010 2789 1099 2864 quae
1123 2761 1167 2836 ab
1197 2763 1252 2838 his
1284 2764 1319 2835 in

202 2880 350 2952 medium
370 2880 603 2980 proferuntur,
624 2909 691 2954 non
709 2882 891 2955 abnuimus
909 2897 1021 2955 tamen
1038 2905 1078 2953 ea
1095 2879 1138 2952 ad
1157 2880 1318 2953 trutinam

204 2983 372 3067 reuocare.
399 2996 502 3070 Aiunt
525 2996 629 3094 igitur
653 2999 688 3068 i.
718 3023 793 3070 ean.
815 2993 903 3069 viii.
924 3010 957 3069 et
979 2996 1034 3066 lli.
1061 2995 1105 3067 de
1121 2992 1321 3068 mulieribus

203 3123 353 3197 tantum,
377 3135 442 3182 non
460 3128 571 3184 autem
590 3112 633 3183 de
649 3111 731 3186 viris
749 3137 865 3209 agere;
887 3110 1039 3211 adeoque
1056 3109 1133 3184 istis
1151 3110 1317 3210 permitti,

201 3239 251 3311 ui,
267 3223 411 3297 dimissa
424 3227 566 3323 coniuge
579 3223 744 3314 adultera,
760 3225 862 3299 aliam
877 3224 1004 3299 dneani
1019 3228 1108 3321 (80);
1133 3226 1168 3298 i.
1184 3224 1320 3298 eosdem

202 3364 348 3413 canones
373 3339 550 3413 absolutae
574 3339 864 3415 indissolubilitati
891 3364 1098 3440 repugnare,
1119 3365 1160 3413 eo
1181 3338 1235 3413 rel
1253 3364 1323 3412 ma·

202 3455 272 3553 gis,
289 3454 380 3554 qnod
403 3455 437 3527 in
453 3456 602 3529 eeclesia
614 3455 817 3529 adulterium
835 3455 1004 3555 usquead
1023 3479 1092 3529 seo.
1108 3454 1162 3527 Vl.
1183 3479 1321 3528 oausam

275 3623 325 3688 (78)
340 3623 436 3674 Exinde
451 3615 607 3676 ineluctabile
625 3593 728 3675 habeini
750 3627 919 3689 argumentum
935 3624 968 3674 ed
986 3623 1148 3675 evincendum
1170 3622 1202 3673 ab
1219 3623 1322 3674 ecelesia

203 3704 336 3755 umatus
354 3704 429 3755 briam
450 3704 504 3756 inre
524 3706 623 3770 proprio
640 3704 815 3769 impedimenta
837 3704 994 3767 dirimentis,
1011 3706 1037 3755 et
1057 3702 1159 3767 quidem
1178 3705 1265 3755 aenan
1285 3704 1320 3754 vi·

201 3785 297 3847 mntem
316 3783 456 3850 prinoipem
473 3785 658 3852 legislationem.
675 3788 729 3838 iioe
744 3786 878 3837 eonsilium
896 3786 999 3836 romae
1012 3785 1119 3849 primum
1134 3784 1195 3847 suit,
1211 3783 1279 3848 quod
1294 3785 1326 3836 ie

202 3876 244 3926 ges
257 3864 371 3915 stabrerii
383 3865 416 3915 ad
429 3866 544 3930 coniugia
555 3867 688 3917 christiana
700 3865 817 3917 adversm
831 3867 896 3929 legas
906 3865 992 3917 civiles
1004 3868 1064 3916 tuno
1079 3864 1196 3929 temporis
1213 3866 1322 3929 reaeptu

201 3942 364 4006 moderanda;
382 3944 419 3992 uti
440 3945 615 3996 animadvertit
634 3946 755 3996 Garmias
770 3945 789 3996 Ι.
808 3959 831 3995 a.

274 4021 325 4086 (ia)
340 4023 408 4074 later
421 4035 485 4087 quos
501 4026 658 4077 recensentur
673 4026 783 4077 Didaeus
793 4024 958 4076 coronarias
975 4025 1001 4074 in
1016 4028 1039 4076 i.
1053 4032 1076 4076 ι.
1090 4025 1153 4088 part.
1170 4022 1193 4087 ς.
1206 4029 1230 4076 t.
1244 4036 1270 4075 ιι.
1281 4030 1321 4076 it.

203 4114 249 4153 neo
265 4116 316 4153 non
330 4104 414 4154 sixtus
430 4107 538 4157 senensis
558 4105 629 4157 iiiii.
645 4108 739 4157 sancta
759 4119 818 4156 ann.
833 4113 872 4158 81.
894 4118 977 4156 errore
991 4104 1088 4170 decepti
1103 4118 1132 4154 ex
1149 4103 1248 4157 decreto
1264 4107 1324 4156 Gra·

202 4181 264 4232 tieni
279 4182 306 4232 in
327 4196 381 4247 cap.
402 4185 434 4236 st.
447 4195 516 4250 quoe
535 4185 735 4236 malleacense
749 4187 837 4235 xxiii.
850 4198 876 4249 q.
891 4192 912 4235 i.
930 4185 973 4248 qni
987 4184 1074 4234 tribuit
1086 4195 1157 4235 eone.
1174 4184 1322 4235 illiberitano

202 4275 321 4313 anonam
340 4276 410 4314 oona.
428 4266 616 4316 uermeriensis.

277 4343 328 4406 (ιο)
344 4345 385 4394 Uti
407 4346 487 4395 braun
508 4345 534 4395 in
551 4345 593 4396 eit.
616 4345 713 4396 dissert
738 4347 833 4396 Uirum
853 4347 1016 4397 matrimonii
1037 4343 1176 4397 uinculum
1191 4347 1239 4396 etr.
1257 4341 1323 4408 apud

204 4422 287 4473 iacobi
305 4436 364 4488 opp.
385 4423 427 4475 cii.
444 4423 672 4477 indissolubiliter
691 4427 737 4476 eir.
757 4438 781 4489 p.
802 4433 846 4478 itit
861 4438 930 4490 seqq.
