3234 5084
329 425 399 497 tic
475 448 536 498 un.
553 447 600 497 ιιι.
617 445 704 497 secr.
720 446 851 497 ursan.
869 447 1033 499 nemrim.
1051 448 1146 498 ιιιτιι.
1162 447 1284 499 curun.

326 568 395 651 vit,
416 590 477 665 per
494 589 655 638 canonem
673 565 891 639 tridentinum
910 566 944 638 in
965 566 1067 665 priori
1082 565 1188 640 lorma
1201 567 1331 665 praxim
1349 591 1442 661 grae

327 705 442 755 corum
466 679 679 767 damnatam,
704 681 740 753 in
757 683 934 780 posteriori
953 697 1062 755 autem
1086 683 1193 756 lorma
1210 680 1381 755 toleratam
1398 683 1443 755 ab

327 794 469 869 ecclesia
496 795 612 869 luisse.
633 794 718 868 Cum
735 822 815 870 vero
834 795 906 869 lieri
924 812 1070 895 nequeat
1088 811 1127 870 ut
1149 796 1292 870 ecclesia
1312 798 1442 893 opinio-

328 935 403 983 nem
429 909 483 982 cui
509 909 663 983 innititur
679 936 875 1008 graecorum
895 911 1010 1009 praxis
1027 910 1167 984 tolerare
1184 928 1320 1009 possm,
1340 912 1443 1011 siqui-

327 1024 405 1097 dem
421 1050 462 1098 aa
478 1040 569 1099 essct
584 1050 746 1112 erronea,
774 1024 896 1098 exindo
911 1022 1082 1098 concludit
1098 1024 1325 1125 Conrayerius
1341 1042 1442 1098 totam

329 1139 417 1213 hanc
433 1140 476 1214 de
492 1140 617 1214 vinculi
634 1140 892 1213 matrimonialis
904 1139 1202 1214 indissolubilitate
1213 1141 1443 1241 quaestionem

328 1257 414 1330 inter
438 1280 492 1328 res
517 1280 609 1328 mere
634 1254 870 1355 disciplinares
897 1254 1105 1328 referendam
1130 1282 1207 1329 osse
1231 1259 1320 1352 (al).

400 1369 455 1443 Sic
473 1371 597 1470 pariter
614 1370 782 1444 launoius
799 1369 1083 1468 quemadmodum
1096 1388 1224 1444 ceteros
1237 1396 1384 1445 canones
1396 1373 1440 1443 ll.

331 1487 388 1558 lll.
418 1487 470 1558 lll.
499 1502 533 1560 et
555 1487 628 1558 Xll.
664 1486 715 1560 sic
738 1487 839 1559 etiam
856 1487 925 1557 Vll.
954 1485 1046 1559 hunc
1070 1510 1232 1559 canonem
1261 1486 1305 1559 de
1338 1485 1445 1558 indis·

330 1601 537 1677 solubilitate
561 1602 762 1677 matrimonii
790 1604 825 1674 in
849 1628 932 1676 casn
957 1601 1113 1675 adulterii
1138 1601 1225 1675 inter
1248 1601 1447 1700 disciplina·

332 1745 386 1793 res
411 1718 600 1806 accensuit,
624 1719 671 1791 ita
696 1734 733 1791 ut
753 1718 789 1789 in
810 1717 973 1791 eeclesiae
989 1730 1155 1816 potestate
1171 1716 1216 1789 sit
1231 1715 1446 1815 disciplinam

330 1835 442 1909 hocin
455 1834 586 1909 canone
597 1834 760 1907 sancitam
775 1858 836 1931 pro
848 1834 975 1907 ratione
989 1832 1148 1933 temporis
1161 1831 1338 1904 immutare
1353 1833 1442 1926 (35).

341 2010 344 2015 .
415 1949 541 2023 llorum
567 1949 719 2044 vestigiis
745 1948 925 2022 inhaerens
951 1950 977 2021 l.
1007 1948 1046 2020 a.
1075 1949 1203 2033 Brenn,
1235 1973 1276 2020 ex
1306 1946 1447 2020 historia

332 2064 472 2139 canonis
486 2064 568 2137 satis
581 2078 736 2137 constare
748 2064 796 2135 ait
809 2063 1005 2137 tridentinos
1023 2064 1058 2134 in
1075 2064 1189 2137 animo
1201 2088 1267 2136 non
1286 2061 1448 2135 habuisse

331 2205 393 2253 ceu
406 2178 487 2253 fidei
500 2178 622 2276 dogma
640 2204 837 2277 proponere,
858 2205 926 2277 quo
943 2179 1193 2252 matrimonium
1210 2179 1310 2251 ctiam
1328 2178 1363 2248 in
1382 2178 1448 2250 lor-

332 2292 511 2369 nicationis
528 2319 612 2368 casu
630 2292 811 2367 insolubile
828 2293 893 2380 sit,
919 2320 982 2366 nec
1006 2293 1167 2366 habuisse
1184 2292 1219 2364 in
1237 2293 1348 2365 animo
1365 2318 1447 2364 ana-

331 2411 479 2505 themate
501 2436 657 2508 graecos,
685 2409 839 2510 aliosque
864 2409 1013 2510 alioquin
1037 2407 1221 2483 catholicos
1245 2406 1445 2507 percellere,

330 2525 389 2626 qui
414 2525 653 2601 contenderant
679 2526 927 2614 matrimonium
945 2524 1108 2609 dissolvi,
1137 2523 1334 2597 adveniente
1351 2521 1448 2595 adul·

332 2641 405 2715 terii
427 2667 529 2729 casu,
549 2641 609 2717 sed
627 2641 823 2715 lutheranos
843 2655 876 2714 et
895 2638 1111 2723 calvinistes,
1132 2638 1192 2737 qui
1208 2636 1372 2710 ecclesiae
1388 2636 1449 2710 do·

332 2755 458 2829 ctrinae
480 2782 657 2830 censuram
683 2756 904 2841 inusserant,
940 2769 1130 2827 asserentes
1153 2778 1229 2824 eam
1253 2778 1331 2825 asse
1358 2776 1449 2824 erro·

333 2895 430 2943 neam
443 2872 712 2970 ettyrannicam.
734 2869 863 2943 Deinde
884 2868 1036 2970 pluribus
1054 2867 1270 2968 prosequitur
1287 2891 1449 2940 canonem

334 2981 551 3055 tridentinum
575 3009 651 3057 esse
675 2983 952 3083 disciplinarem,
980 3010 1020 3057 eo
1048 2982 1138 3082 quod
1168 2979 1449 3056 indissolubilitas

334 3097 537 3170 matrimonii
564 3122 777 3198 nequaquam
797 3100 843 3171 sit
859 3098 903 3171 ab
920 3097 1063 3172 ecclesia
1081 3098 1273 3197 proposita,
1293 3113 1326 3169 ct
1342 3122 1362 3169 a
1379 3097 1449 3168 Deo

218 3288 221 3296 Δ
335 3239 395 3312 per
412 3228 565 3286 auctores
582 3212 762 3286 canonicos
781 3212 966 3286 formaliter
982 3212 1148 3299 revalata3
1168 3227 1201 3285 et
1217 3211 1307 3311 quod
1324 3211 1449 3283 verim

334 3329 418 3402 haec
444 3328 478 3400 in
497 3328 643 3401 ecclesie
664 3354 731 3401 non
749 3329 793 3402 sit
810 3343 1002 3402 constanter
1019 3327 1158 3414 tradita,
1179 3326 1358 3426 desiutque
1374 3326 1452 3398 cha·

335 3462 478 3519 ractores
491 3444 700 3542 dogmaticae
714 3444 970 3544 propositionis3
994 3444 1129 3516 demum
1147 3441 1335 3516 concludit:
1359 3442 1451 3513 «Pro

333 3559 449 3657 regula
473 3560 642 3656 generali,
667 3586 708 3632 ex
735 3585 803 3659 qua
830 3560 858 3632 si
886 3558 976 3657 leges
1001 3575 1060 3631 aut
1089 3582 1228 3657 praxea,
1251 3556 1351 3629 etiam
1370 3580 1452 3653 apo-

282 3675 287 3685 ’
334 3674 491 3760 stelione,
519 3672 702 3773 aliquando
727 3689 924 3759 cessarunt,
953 3689 1011 3745 aut
1031 3672 1133 3746 etiam
1154 3671 1326 3744 variarunt
1341 3670 1376 3741 in
1394 3693 1452 3741 ra·

336 3788 396 3861 rirs
426 3786 605 3872 ecclesiis,
633 3812 693 3859 aaa
725 3786 963 3884 disciplinatos
989 3800 1091 3870 sunt,
1128 3809 1289 3856 canonem
1316 3807 1452 3881 quoque

335 3902 553 3976 tridentinum
578 3902 715 3975 nonnisi
742 3900 995 3999 disciplinarem
1019 3926 1097 3973 esse
1117 3902 1244 3995 (36).»

413 4082 464 4143 (at)
482 4083 550 4131 litat.
567 4079 605 4131 du
621 4078 714 4130 conell.
727 4078 760 4129 de
778 4081 879 4129 trente.
895 4078 1048 4129 Amstcrdam
1067 4082 1135 4129 175⁰.
1151 4080 1211 4126 torn.
1225 4079 1268 4126 111.
1281 4089 1306 4140 p.
1321 4083 1360 4127 aa.

412 4163 462 4224 (aa)
482 4164 560 4224 Recta
573 4164 602 4211 la
618 4163 699 4211 matr.
713 4162 809 4224 potest.
821 4172 881 4223 opp.
895 4160 937 4209 cit.
949 4158 988 4209 ed.
1000 4161 1061 4209 tom.
1077 4161 1096 4208 l.
1110 4162 1173 4222 part.
1186 4160 1218 4207 ΙΙ.
1234 4170 1289 4221 pag.
1303 4162 1415 4208 ata-ass.

414 4242 465 4303 (to)
480 4243 619 4291 nemrot.
632 4243 726 4292 atrum
745 4241 909 4289 matrimonii
930 4238 1068 4289 vinculum
1088 4242 1114 4289 ct
1135 4241 1163 4289 ιιι
1183 4250 1247 4288 emar
1266 4236 1393 4289 adulam
1413 4236 1452 4285 cl·

338 4322 422 4369 terlata
441 4322 582 4382 contonam
603 4322 662 4369 turc
680 4318 784 4379 dtotno,
812 4330 848 4368 on
868 4318 955 4368 oolam
977 4322 1034 4369 turc
1054 4317 1228 4369 cerlmicrtr'co
1250 4315 1391 4368 insolabile
1407 4317 1453 4364 stt.

336 4400 475 4463 tloguntlae
488 4403 556 4450 1787.
575 4399 641 4465 apud
661 4400 814 4460 Blntlrcrim,
827 4398 951 4450 collcrlto
962 4398 1066 4450 dmm.
1079 4402 1147 4462 unq.
1161 4398 1194 4449 de
1204 4399 1382 4449 matrimomo.
1393 4397 1455 4445 Dus·
