3234 5084
317 462 389 515 mr.
406 463 443 516 rr.
460 461 694 519 retonsarum
711 462 1038 519 cacuminatum.
1208 442 1253 516 ta

136 581 388 657 matrimonium
413 582 628 684 amplectitur
655 586 744 681 (111).
771 615 789 655 s
817 583 1013 659 Theodorus
1029 582 1172 665 ‚Studita
1199 611 1257 661 ec-

134 695 257 771 clesiae
282 696 471 772 doctrinam
490 697 556 772 bac
579 722 685 797 super
702 725 739 772 re
754 723 927 799 exponens
952 699 1090 774 scribit:
1116 700 1253 800 «Diga-

134 812 203 885 mia
221 838 305 911 ergo
331 813 499 913 permissa
523 812 617 887 baud
635 811 820 887 dubio·bic
848 814 913 888 luit
936 841 1004 889 aa.
1021 813 1198 916 Apostolo,
1222 830 1256 889 et

134 927 326 1028 peripsum
353 954 374 1001 a
398 928 545 1002 Christo.
567 929 687 1002 Verum
710 928 794 1003 haec
817 928 871 1003 lex
896 955 963 1004 non
987 944 1058 1005 est.
1078 989 1084 1002 .
1101 931 1181 1005 .sed
1201 930 1252 1004 in·

133 1042 310 1141 dulgentia
329 1046 403 1140 (lb)
422 1073 441 1114 n
460 1060 494 1118 et
519 1042 601 1118 alibi
626 1043 716 1117 idem
747 1042 905 1119 inculcat.

45 1182 49 1189 ·
207 1159 250 1232 lit
274 1158 360 1234 haec
383 1158 426 1233 de
450 1159 602 1261 patribus
625 1158 776 1257 graecis3
792 1160 884 1260 quod
900 1186 980 1235 vero
1005 1161 1122 1235 attinet
1146 1159 1189 1235 ad
1208 1158 1257 1235 la-

133 1273 225 1348 tinos
250 1289 365 1373 patres
389 1274 513 1349 clarius
538 1275 653 1349 adbuc
678 1302 719 1349 cx
744 1274 787 1349 iia
812 1275 977 1350 ecclesiae
1001 1301 1125 1351 sensus
1144 1292 1250 1377 patet.

133 1388 269 1463 Etenim
291 1388 344 1465 rel
367 1391 442 1491 ipse
458 1389 682 1465 Tertullianus
699 1391 813 1465 adbuc
830 1391 1019 1466 catholicus
1040 1391 1091 1466 sic
1108 1417 1150 1464 ex
1167 1417 1256 1466 com·

131 1504 229 1579 muni
253 1506 421 1580 sententia
441 1505 608 1607 loquitur:
632 1506 846 1607 «Apostolus
868 1507 912 1582 de
931 1507 1047 1580 viduis
1064 1505 1201 1608 quidem
1220 1522 1253 1582 et

133 1620 310 1722 innuptis,
332 1637 370 1696 ut
394 1621 442 1695 ita
457 1637 677 1722 permaneant
693 1620 830 1709 suadet,
852 1648 930 1696 cum
950 1622 1049 1697 dicit:
1073 1624 1177 1723 Cupio
1193 1649 1255 1696 cu·

133 1752 199 1810 tect
222 1762 331 1809 macer
354 1763 423 1810 meo
448 1738 595 1837 excerpto
614 1762 842 1837 perseverare:
861 1737 905 1813 de
930 1737 1089 1813 nubendo
1113 1763 1193 1814 vero
1218 1737 1253 1811 in

131 1850 302 1939 Domino,
322 1852 400 1926 cum
424 1852 524 1940 dicit;
545 1868 671 1929 mutum
695 1854 732 1925 in
756 1853 895 1926 Domino
919 1854 988 1927 iam
1014 1878 1081 1928 non
1110 1850 1250 1941 suadet,

132 1968 196 2043 sed
223 1983 336 2041 exerte
364 1966 459 2042 iubet
481 1968 595 2065 (l'l).»
611 1969 739 2069 Nempe
762 1967 905 2043 liberum
923 1994 1002 2044 esse
1022 1969 1146 2071 cuique
1172 1995 1257 2069 sup-

135 2084 234 2183 ponit
259 2082 429 2158 sccundas
450 2083 536 2157 inire
560 2083 716 2183 nuptias,
737 2100 774 2157 at
792 2079 893 2159 simul
919 2084 1017 2159 docet
1037 2110 1078 2157 ex
1098 2083 1250 2184 Apostoli

132 2215 315 2299 praecepto
338 2224 419 2286 eas,
441 2199 472 2271 si
498 2198 671 2286 ineantur,
691 2196 816 2272 debera
833 2202 869 2271 in
887 2200 1044 2284 Domino,
1066 2198 1163 2286 iniri,
1184 2197 1251 2273 sci·

132 2312 215 2387 licet
239 2339 318 2387 cum
344 2312 437 2386 lideli
463 2340 502 2388 se
530 2314 669 2413 iungere
692 2312 817 2389 debere
841 2313 899 2414 qui
926 2314 1046 2387 iterum
1071 2314 1214 2389 nubunt.

209 2428 244 2500 S.
266 2426 465 2502 Ambrosius
484 2444 599 2529 aperte
618 2427 753 2502 scribit:
777 2428 883 2502 «Non
902 2427 1121 2528 probibemus
1139 2444 1257 2503 secun-

132 2541 201 2617 das
225 2544 383 2644 nuptias,
414 2543 475 2619 sod
506 2571 573 2618 nco
599 2544 782 2643 probamus
807 2569 910 2645 saepe
940 2544 1100 2644 repetitas
1127 2546 1252 2640 (18).»

133 2658 220 2733 ltem
249 2684 280 2732 s.
309 2659 552 2760 Hieronymus,
574 2658 634 2758 qui
660 2685 743 2758 prae
767 2658 889 2733 ceteris
913 2657 1110 2733 duriuscule
1133 2658 1177 2733 de
1201 2684 1257 2733 se-

133 2773 259 2848 cundis
276 2789 311 2848 et
325 2774 541 2849 ulterioribus
559 2774 687 2875 nuptiis
705 2774 875 2848 interdum
888 2773 1069 2875 scripsisse
1079 2774 1175 2848 visus
1187 2791 1253 2863 est,

132 2906 250 2963 aman
271 2916 329 2963 cas
347 2889 438 2964 licite
454 2889 533 2962 iniri
552 2904 667 2989 aperte
683 2890 857 2991 professus
875 2904 929 2964 est
945 2914 1022 2961 cum
1043 2889 1107 2963 ait:
1131 2918 1149 2959 a
1165 2889 1256 2976 Quid
1305 2952 1310 2961 ,

134 3004 261 3104 igitur?
275 3006 483 3080 Damnamus
497 3006 646 3081 secunda
661 3004 893 3081 matrimonia?
905 3006 1055 3095 Minime,
1072 3005 1133 3080 sed
1148 3006 1257 3108 prima

132 3119 331 3197 laudamus.
352 3121 539 3197 Abiicimus
557 3123 600 3197 de
617 3122 759 3197 ecclesia
776 3121 958 3222 digamos?
970 3122 1086 3211 Absit,
1103 3123 1165 3198 aed
1182 3148 1256 3197 mo-

133 3262 299 3336 nogamos
325 3236 368 3309 ad
393 3237 634 3312 continentiam
660 3263 881 3338 provocamus
909 3240 1025 3335 (19).»

209 3352 353 3426 Demnm
371 3378 402 3427 s.
423 3351 633 3450 Augustinus
653 3354 736 3426 «Ne
759 3352 954 3442 arbitreris,
984 3352 1114 3454 inquit,
1135 3376 1256 3427 secun-

136 3468 202 3544 das
228 3468 367 3569 nuptias
391 3469 518 3543 crimen
544 3494 640 3557 esse,
667 3468 721 3543 vel
747 3494 980 3570 quascumque
1004 3469 1159 3569 nuptias,
1179 3489 1256 3542 cum

135 3585 209 3659 sint
230 3585 386 3686 nuptiae,
411 3585 537 3661 malum
563 3611 641 3661 csse
661 3584 776 3682 (11).»

211 3840 480 3907 (remunerabat.
491 3843 534 3893 lib.
542 3845 573 3894 v.
584 3856 606 3894 c.
617 3851 656 3895 tc.
666 3840 735 3907 quod
747 3843 827 3893 totum
836 3843 874 3894 eat
884 3842 916 3893 da
926 3841 973 3892 lucc
982 3842 1126 3905 argumento
1136 3839 1254 3891 maerens

139 3923 296 3975 uorattunos.

210 4022 263 4084 (rc)
277 4019 344 4072 uult.
363 4020 488 4073 sirmundi
508 4022 587 4074 Paris.
612 4029 680 4075 leco.
703 4024 765 4074 tom.
778 4025 807 4073 v.
833 4020 926 4074 rtem
945 4019 1068 4073 Studttoe
1087 4022 1163 4084 optet.
1176 4019 1220 4072 uu.
1234 4024 1258 4071 7.

527 4106 533 4137 1

137 4112 179 4164 φ’
192 4107 372 4243 5117ξ1ῗ1ῗ11.
383 4179 424 4232 Ad
439 4194 518 4232 ocor.
530 4195 552 4233 c.
564 4184 588 4233 1.
600 4180 639 4232 ed.
651 4181 740 4246 Rigalt.

211 4258 263 4322 (ta)
277 4259 334 4311 mu.
345 4262 386 4311 Dc
402 4259 492 4312 ctdutr
508 4272 565 4325 cup.
576 4262 621 4311 xl.
632 4272 689 4326 opp.
700 4260 740 4312 ed.
753 4262 833 4312 Maur.
844 4262 905 4313 tom
918 4262 938 4311 1.
954 4272 1010 4324 pag.
1024 4264 1079 4312 tot.

212 4340 264 4401 (19)
279 4341 349 4405 Epist
368 4341 466 4392 cxxtt.
478 4341 509 4392 od
520 4341 682 4405 Asseruclrlam
702 4355 728 4392 n.
747 4347 771 4393 9.
791 4340 831 4394 cd.
845 4341 951 4392 vellera.
962 4342 1023 4391 tom
1034 4342 1055 4391 1.
1070 4339 1118 4391 ool.
1130 4345 1187 4392 att.

211 4422 264 4486 (to)
279 4423 308 4473 tn
325 4420 368 4472 tto.
382 4424 421 4472 Dc
433 4420 498 4474 botro
513 4420 641 4474 ctdcttct.
652 4435 707 4487 cap.
719 4424 761 4473 xt.
774 4436 798 4473 n.
815 4420 1191 4487 rememorarentur.
