3234 5084
342 447 411 520 31!
485 471 548 521 ιιι.
569 469 618 522 ιιι.
638 469 734 523 arur:
746 469 878 523 aarum.
891 469 931 522 or
945 470 1057 523 murm.
1074 471 1171 523 rura.
1187 468 1310 523 cunum.

340 605 458 690 quant,
473 603 624 665 catemm
645 615 760 665 secum
777 589 926 665 trabunt:
942 590 989 664 ita
1005 606 1038 665 et
1052 590 1211 664 mulieres
1222 589 1458 664 etiamsiriros

341 703 545 806 relinquant,
566 706 673 804 legem
694 705 819 780 habent
843 732 904 805 pro
929 722 1058 794 catena,
1080 732 1118 781 se
1142 721 1398 807 persequentem
1421 722 1457 779 et

339 820 494 895 adulterii
514 838 745 910 accusantem,
760 839 973 896 accusantem
999 823 1101 896 etiam
1119 849 1208 910 eum,
1224 822 1284 923 qui
1307 821 1451 907 duxerit,

339 962 380 1011 ac
401 936 578 1012 dicentem:
595 937 706 1012 adbuc
723 955 878 1037 superest
895 938 1048 1027 maritus,
1070 952 1104 1011 et
1123 937 1255 1011 [acinus
1276 936 1342 1011 hoc
1362 934 1455 1010 adul·

339 1050 459 1125 terium
482 1068 547 1126 est.
579 1052 702 1127 Mulier
726 1055 813 1126 onim
836 1052 997 1126 adstricto
1017 1068 1065 1126 eat
1090 1053 1171 1151 lapi,
1200 1050 1308 1151 quood
1331 1053 1453 1125 uicerit

337 1169 478 1240 moritus
500 1166 606 1241 ittae.
627 1167 672 1240 Et
688 1168 792 1240 omnia
815 1156 876 1266 qui
890 1166 1061 1239 dimissam
1083 1165 1229 1252 dormit,
1253 1167 1448 1238 moechatur.

339 1279 482 1368 Quando
513 1281 615 1380 igitur
637 1280 752 1356 licebit
782 1280 832 1353 illi
862 1280 1030 1355 secundas
1060 1282 1197 1382 nuptias
1226 1276 1453 1354 contrahere?

339 1395 509 1484 Quando?
533 1399 625 1472 Tunc
644 1395 704 1471 ubi
729 1423 750 1471 a
774 1413 892 1471 catena
918 1396 1059 1470 liberata
1096 1397 1213 1485 tuerit,
1242 1395 1378 1496 quando
1401 1394 1453 1467 uir

341 1514 546 1587 morietur...
564 1513 659 1601 Quae
681 1530 792 1588 autem
811 1539 909 1589 serra
925 1529 989 1602 est,
1006 1539 1047 1587 ac
1060 1512 1196 1587 subdita
1221 1512 1300 1610 legi,
1323 1511 1453 1586 camsi

337 1627 462 1702 millies
475 1627 626 1701 libellum
650 1629 782 1729 repudii
798 1628 962 1728 accipiat,
979 1627 1137 1702 adulterii
1149 1626 1317 1702 tenebitur
1331 1625 1449 1724 lege...

338 1742 387 1816 Ne
410 1741 496 1814 mibi
520 1741 612 1841 begea
640 1741 835 1817 ubertatis
873 1743 1027 1817 conditas
1062 1743 1177 1842 legas,
1207 1742 1454 1845 praecipientes

338 1856 414 1930 dari
437 1856 587 1930 libellum
613 1857 744 1957 repudii
775 1873 809 1931 et
839 1856 968 1932 divelli.
1001 1859 1117 1959 Neque
1141 1857 1230 1932 enim
1259 1858 1352 1930 iuxta
1376 1856 1453 1931 illas

340 1970 552 2045 iudicaturus
575 1987 628 2046 est
652 1987 685 2046 te
709 1972 800 2045 Deus
831 1971 866 2044 in
891 1970 947 2045 die
970 1970 1044 2061 illa,
1071 1972 1132 2047 sed
1154 1970 1341 2046 secuudum
1366 1997 1451 2059 eas,

338 2109 429 2184 quas-
455 2085 529 2183 ipse
554 2085 708 2159 statuit.»
725 2084 777 2158 dd
798 2084 907 2183 legem
925 2084 1049 2160 deinde
1072 2086 1198 2187 Moysis
1219 2084 1384 2160 accedeus
1409 2083 1453 2160 de

337 2198 451 2275 libello
475 2201 622 2302 repudii,
642 2200 779 2276 subdit:
805 2200 1055 2301 «Quapropter
1082 2218 1116 2275 et
1140 2200 1296 2275 Christus
1319 2199 1450 2273 iudaeis

338 2315 553 2414 rogantibus,
582 2333 616 2393 et
651 2317 867 2392 dicentibus:
902 2316 1065 2404 Qamooo
1094 2319 1200 2417 ipitor
1223 2315 1357 2418 Moyses
1377 2342 1454 2415 per·

336 2432 428 2504 mieit
450 2431 533 2506 dore
554 2433 700 2508 libellum
722 2417 886 2533 repudii?
901 2430 1094 2507 Ostendens
1117 2432 1207 2534 quod
1232 2456 1300 2506 uon
1323 2446 1455 2506 coutra-

338 2546 423 2621 n'am
441 2572 525 2622 suae
547 2548 655 2647 legem
677 2549 790 2624 serens
814 2550 861 2624 ita
882 2548 1070 2651 scripserit,
1085 2548 1188 2637 dinit;
1203 2546 1332 2649 Moyseo
1357 2549 1456 2621 iacto

338 2661 501 2737 duritiem
517 2664 740 2739 cordisvestri
763 2665 914 2764 loquutur
930 2664 1053 2750 ιιι,αὸ
1067 2664 1162 2736 initio
1173 2677 1281 2735 ouem
1303 2689 1368 2736 non
1384 2677 1455 2736 erot

338 2779 401 2864 aio;
420 2777 478 2851 aed
493 2780 554 2878 qui
575 2780 653 2879 [ecit
673 2779 715 2853 ob
733 2780 839 2864 initio,
863 2780 1046 2852 maccolum
1066 2793 1098 2852 et
1113 2778 1287 2879 scenicam
1310 2778 1389 2879 [ecit
1410 2778 1455 2851 il·

339 2890 398 2965 loe.
425 2892 460 2964 Si
484 2892 548 2967 boc
572 2893 696 2968 bonum
726 2894 870 2982 fuisset,
894 2894 1025 2995 inquit,
1052 2919 1119 2968 uon
1144 2919 1249 2966 unum
1274 2892 1387 2966 virum
1420 2908 1454 2967 et

338 3032 443 3079 unam
468 3006 641 3083 mulierem
667 3009 814 3097 fecisset,
839 3010 899 3083 sed
916 3035 984 3084 uno
1008 3009 1114 3083 Adam
1139 3007 1275 3083 condito
1299 3007 1386 3082 duas
1403 3007 1452 3082 ie·

337 3121 443 3202 cisset
466 3122 638 3212 mulieres,
668 3124 698 3197 si
723 3125 860 3225 quidem
890 3124 1055 3199 uoluisset
1076 3150 1176 3199 unam
1201 3123 1339 3224 quidem
1360 3123 1452 3212 eiici,

339 3234 480 3311 alteram
514 3263 593 3312 vero
625 3237 752 3312 induci.
781 3240 879 3313 Nunc
899 3265 981 3313 vero
1017 3238 1093 3339 ipso
1120 3236 1329 3312 formationis
1354 3237 1455 3313 modo

337 3352 445 3451 legem
471 3351 622 3442 induxit,
650 3380 751 3455 quam
776 3380 840 3453 ego
869 3379 959 3428 nuuc
983 3353 1110 3429 scribo.
1138 3354 1181 3426 Et
1208 3378 1375 3453 quaenam
1402 3368 1455 3427 est

337 3466 423 3543 illa?
440 3468 533 3544 Haec
557 3470 688 3570 utique.
704 3469 787 3545 Eam
813 3469 880 3544 sibi
901 3471 1049 3571 quisque
1072 3494 1208 3545 uxorem
1233 3484 1342 3543 servet
1365 3494 1455 3543 sem·

336 3609 417 3684 per,
449 3609 553 3684 quam
580 3583 676 3659 initio
702 3585 839 3660 sortitus
861 3601 925 3660 eat.
953 3584 1046 3662 Haec
1071 3584 1125 3660 lex
1149 3584 1331 3686 antiquior,
1351 3610 1454 3684 quam

336 3698 397 3773 illa
413 3699 457 3772 de
473 3697 586 3774 libello
604 3699 758 3800 repudii,
774 3716 808 3775 et
825 3715 917 3775 tauto
944 3716 1070 3803 quanto
1086 3701 1194 3776 Adam
1211 3699 1288 3799 ipso
1312 3699 1451 3774 Mose...

336 3813 420 3886 Nam
446 3828 479 3886 et
495 3813 555 3914 qui
580 3812 747 3887 dimiserit
763 3814 894 3914 absque
911 3842 1014 3889 causa
1035 3815 1161 3917 stupri,
1188 3830 1221 3888 et
1237 3813 1296 3914 qui
1313 3814 1454 3888 eiectam

334 3930 468 4003 virente
495 3929 569 4004 viro
598 3929 743 4018 duxerit,
771 3956 848 4005 cum
878 3931 984 4006 eiecta
1010 3932 1069 4004 ilia
1093 3931 1289 4033 punientur.
1315 3932 1455 4030 Propter

335 4044 427 4145 quod
444 4072 523 4133 oro,
543 4045 683 4121 obsecro
710 4063 744 4121 et
766 4047 944 4148 supplico,
966 4073 1010 4121 ne
1032 4047 1101 4121 ¹uiri
1120 4046 1277 4121 mulieres
1295 4047 1447 4134 eiiciaut,

336 4186 446 4260 neque
470 4160 627 4235 mulieres
653 4161 744 4237 viros
771 4161 984 4263 relinquunt,
1005 4163 1066 4237 sod
1083 4162 1221 4236 audiant
1244 4160 1385 4236 Paulum
1403 4162 1456 4234 di·

336 4289 484 4348 centem:
504 4275 660 4349 «Mulier
683 4274 845 4349 adstricto
869 4291 916 4350 eet
941 4277 1017 4376 lapi,
1034 4292 1155 4376 quanto
1177 4293 1315 4377 tempore
1330 4278 1454 4350 uicerit

335 4392 390 4464 uir
412 4391 494 4466 eius.
521 4393 562 4466 Si
584 4406 691 4468 cotem
714 4389 883 4467 domitrit
921 4394 998 4480 uir,
1029 4393 1168 4470 liberato
1193 4394 1256 4467 crit
1293 4393 1350 4467 coi
1370 4392 1455 4468 uolet
