3234 5084
294 433 364 504 282
439 453 500 504 ιιι.
513 452 561 504 ιιι.
577 451 664 503 sicr.
680 451 811 502 aarum.
832 451 873 502 nr
891 451 1003 504 mnus.
1025 451 1120 502 narr.
1142 450 1265 506 cnmsr.

293 572 392 658 lecit,
412 586 445 645 et
463 595 533 644 non
556 569 723 667 ignoravit
739 570 887 670 priorem
904 568 998 648 illam
1021 568 1194 654 mulierem
1215 571 1291 646 sine
1308 597 1412 647 causa

291 687 432 760 eiectam
449 685 557 760 luisse
577 688 666 781 (it).
691 687 794 761 Porro
819 684 878 760 illa
903 684 1043 760 canonis
1067 685 1186 760 rerba:
1218 713 1318 786 quum
1341 691 1411 763 aiae
1498 731 1505 746 ·

291 826 393 874 caasa
404 800 557 898 reliquit,
578 798 796 897 intelligenda
812 799 969 873 videntur
986 798 1029 874 de
1046 800 1202 889 muliere,
1224 827 1313 901 quae
1330 802 1411 877 licet

292 915 438 990 converti
465 914 628 1002 noluerit,
657 931 769 989 tamen
785 915 982 990 cohabitare
999 916 1074 990 sine
1091 916 1294 992 contumelia
1311 917 1414 993 Crea-

293 1030 375 1104 toris
399 1029 554 1117 volebat,
583 1056 740 1131 quaeque
763 1032 899 1105 ducitur
924 1056 991 1105 non
1009 1031 1052 1106 ab
1070 1030 1137 1108 alio
1154 1032 1270 1129 gentili
1299 1037 1360 1128 (ut
1375 1035 1410 1106 iu

292 1171 401 1245 primo
425 1145 527 1219 huius
552 1147 692 1221 canonis
715 1150 821 1242 caan)
842 1203 850 1232 ,
875 1145 936 1220 scd
958 1174 980 1220 a
1001 1145 1111 1236 fideli,
1135 1149 1194 1247 qui
1220 1173 1293 1221 eam
1320 1149 1412 1223 novit

293 1260 368 1333 siue
384 1286 504 1349 causa,
525 1262 596 1335 sive
613 1261 818 1361 inculpatam
831 1289 852 1335 a
868 1261 1109 1338 catechumeno
1122 1262 1270 1336 relictam
1283 1263 1408 1352 luisse,

292 1373 418 1448 idcirco
442 1376 684 1450 constituerunt
701 1392 813 1476 patres
831 1377 944 1476 ipsum
963 1403 1024 1450 nec
1042 1378 1078 1448 in
1095 1377 1162 1450 fine
1179 1378 1332 1477 accipere
1355 1378 1412 1452 de·

291 1487 371 1563 berc
392 1491 681 1572 communionem,
698 1506 768 1564 tum
785 1492 868 1591 quia
884 1492 1050 1565 contraxit
1066 1491 1314 1566 matrimonium
1332 1518 1410 1576 cum

291 1628 352 1690 ea,
372 1629 460 1702 quae
480 1604 594 1677 adbuc
615 1604 765 1702 legitima
783 1622 856 1679 erat
871 1631 954 1680 uxor
970 1605 1219 1693 catechumeni,
1239 1629 1317 1678 cum
1334 1606 1410 1681 eius

292 1719 543 1794 matrimonium
574 1746 640 1794 non
666 1721 929 1809 dissolveretur,
961 1722 1069 1798 donec
1098 1737 1174 1822 post
1203 1721 1411 1821 baptismum

291 1860 475 1910 conversus
501 1860 624 1910 novum
649 1836 781 1912 iniisset
805 1836 1017 1933 coniugium,
1037 1853 1107 1910 tum
1125 1837 1207 1937 quia
1230 1859 1307 1912 cum
1324 1852 1413 1914 esset

291 1948 405 2051 tidelis
430 1950 565 2049 nuptias
583 1951 747 2024 contraxit
766 1977 844 2024 cum
865 1950 1003 2045 gentili,
1029 1977 1118 2051 quae
1143 1953 1289 2026 converti
1313 1951 1357 2025 ad
1375 1951 1413 2023 fi·

290 2063 367 2138 dem
388 2064 547 2139 renuebat
566 2068 656 2162 (it).
673 2066 792 2139 Verum
810 2092 1045 2166 quaecumque
1062 2066 1198 2142 demum
1216 2066 1412 2142 admittatur

289 2179 440 2254 difficilis
457 2180 560 2254 buius
576 2181 716 2256 canonis
733 2181 977 2280 interpretatio,
994 2181 1078 2258 illud
1092 2182 1226 2260 firmum
1239 2182 1411 2281 fixumque

290 2293 409 2368 catab
438 2294 651 2370 illiberitanis
681 2295 835 2395 patribus
866 2296 1024 2372 constitui
1055 2297 1203 2395 coniugii
1231 2296 1410 2374 christiani

289 2407 424 2508 plenam
447 2426 709 2511 perpetuamque
733 2411 1078 2487 indissolubilitatem.

363 2525 478 2624 Neque
495 2525 539 2599 ab
557 2524 621 2599 bac
633 2525 786 2602 doctrina
798 2526 935 2600 deflexit
951 2526 1133 2602 concilium
1147 2527 1182 2602 iu
1195 2527 1406 2602 caufflll.

289 2640 325 2712 in
351 2666 419 2741 quo
448 2640 558 2739 agitur
582 2642 626 2714 de
654 2668 782 2730 uxore,
811 2668 899 2742 quae
923 2641 1127 2720 adulterium
1156 2657 1349 2742 perpetrat,
1376 2658 1412 2717 et

287 2753 446 2829 deluncto
463 2755 601 2843 marito,
622 2771 699 2830 cum
724 2756 802 2855 ipao
826 2755 978 2830 adultero
1002 2755 1252 2832 matrimonium
1277 2771 1411 2832 coutra-

288 2867 350 2940 hit.
379 2870 481 2943 Porro
512 2870 542 2944 si
569 2870 654 2946 baec
678 2871 755 2969 ipsa
776 2871 897 2944 mulier
923 2871 1097 2971 reliquerit
1120 2869 1277 2944 maritum
1307 2872 1410 2945 istum

287 2983 495 3071 secundum,
516 2999 550 3058 et
568 3009 644 3058 cum
662 2983 731 3058 alio
753 2985 1004 3062 matrimonium
1025 2985 1247 3073 contraxerit,
1270 3011 1332 3062 seu
1349 3011 1410 3085 po-

288 3098 356 3172 tius
374 3100 603 3188 attentaverit,
624 3117 786 3200 perpetua
803 3101 1146 3178 excommunicatione
1162 3099 1334 3178 muitum
1355 3101 1409 3176 Si·

287 3213 426 3315 quidem
453 3214 568 3290 relicto
593 3215 651 3290 illo
677 3216 815 3303 marito,
845 3243 922 3292 cum
948 3243 1015 3317 quo
1040 3215 1106 3292 etai
1130 3214 1270 3303 illicite,
1298 3214 1410 3290 valide

287 3346 399 3404 tamen
418 3329 666 3404 matrimonium
685 3347 913 3418 contraxerat,
935 3330 1077 3406 alterum
1102 3330 1315 3428 coniugium,
1343 3329 1408 3403 du-

288 3461 383 3520 rante
395 3447 551 3545 coniugio
565 3448 690 3548 priori,
712 3449 797 3521 inire
813 3446 1054 3548 praesumpsit.
1076 3448 1114 3519 ln
1134 3461 1303 3546 postrema
1320 3446 1409 3519 eius·

288 3559 366 3635 dem
383 3562 524 3637 canonis
543 3580 638 3662 parte
655 3563 773 3638 merito
791 3562 860 3651 illi,
881 3562 940 3662 qui
958 3561 1114 3663 quamvis
1140 3559 1275 3662 illicite,
1295 3560 1408 3636 valide

286 3692 397 3751 tamen
424 3704 500 3751 cum
524 3677 675 3752 adultera
700 3679 893 3775 coniugium
916 3692 1143 3764 contraxerat,
1169 3681 1276 3776 poena
1295 3677 1409 3749 iniun-

286 3792 377 3890 gitur
391 3818 556 3867 annorum
573 3793 710 3882 decem,
739 3794 768 3867 si
794 3792 907 3868 fidelis
925 3792 1025 3866 luerit
1046 3792 1135 3890 (ii).
1157 3792 1287 3866 Novum
1303 3792 1407 3890 igitur

354 3944 404 4004 (75)
420 3942 458 3993 ct.
477 3941 665 4005 albaspinaeurn
683 3943 709 3992 in
730 3944 781 3994 not.
800 3942 916 3993 adhunc
937 3953 1025 3992 canon.
1043 3941 1060 3993 Ι.
1073 3952 1096 3990 c.
1109 3954 1134 4005 p.
1149 3948 1201 3991 tta.
1221 3941 1265 4005 qut
1276 3940 1405 4006 profitetur

285 4021 352 4070 lianc
368 4033 487 4070 mnouem
505 4033 558 4070 ease
578 4019 702 4070 intellectu
718 4020 853 4072 difficilem.

358 4100 408 4164 (7⁶)
425 4101 462 4150 ita
475 4113 527 4150 rem
542 4100 649 4164 explicat
664 4102 784 4152 Goumiex
799 4103 826 4150 in
841 4101 905 4151 notis
920 4101 952 4151 ad
965 4113 1035 4151 conc.
1052 4099 1193 4151 illiberitan.
1209 4099 1405 4164 apudcard.1)e

282 4180 446 4243 aquimolo.
460 4194 484 4245 p.
498 4185 553 4232 tot.
567 4182 609 4231 ubi
619 4181 682 4232 alias
694 4181 836 4246 suppeditat
846 4181 1019 4245 expositiones.

357 4262 407 4324 (77)
422 4263 460 4311 lta
477 4275 561 4312 rursus
576 4263 709 4326 Gonaalez,
723 4263 764 4312 cut
775 4262 923 4327 expositioni
939 4262 1052 4326 congruit
1062 4262 1244 4326 summarium,
1261 4275 1304 4313 aaa
1316 4262 1405 4313 titulus

285 4339 343 4390 ltuic
358 4340 445 4390 canoni
461 4341 598 4405 praelixas,
615 4343 659 4405 qui
671 4342 705 4391 ita
714 4341 741 4392 in
755 4342 870 4393 omnibus
885 4341 1013 4394 codicibus
1028 4342 1174 4393 exhibetur:
1188 4341 1326 4394 malduit
1338 4353 1405 4392 mcc·

284 4420 359 4484 cltts,
374 4424 397 4472 rt
413 4422 531 4474 cumdem
549 4425 641 4487 postca
659 4425 787 4475 maritum
808 4422 945 4476 demetat.
