3234 5084
346 376 391 447 32
520 394 581 448 uu.
597 394 647 448 ru.
663 394 748 449 secr.
769 396 791 449 1.
810 400 849 449 nr
866 398 964 449 narn.
981 398 1102 450 emur.
1121 396 1264 451 omnine.

343 532 407 587 tur.
429 514 601 614 Siquidem
625 516 710 588 iatae
733 518 937 616 exceptionis
964 518 1070 590 instar
1086 533 1180 601 sunt,
1202 544 1344 616 quarum
1363 520 1450 592 ratio

343 628 458 701 haberi
484 631 601 728 nequit
624 654 698 702 oum
726 633 837 728 agitur
854 632 896 704 de
913 633 975 720 iis,
997 658 1084 731 quae
1101 634 1320 704 communiter
1341 632 1452 706 solent

342 744 543 840 contingere.
566 746 648 816 Nam
666 770 721 818 ars
739 745 878 844 perinde
903 771 942 818 ac
968 746 1019 820 lex
1044 774 1083 819 ea
1108 772 1195 846 quae
1220 749 1354 820 nonnisi
1374 774 1453 821 raro

219 890 222 899 ¹
343 856 522 929 admodum
553 857 710 931 accidunt
734 885 799 933 non
826 874 971 959 spectat,
997 860 1057 932 sed
1083 886 1234 958 eaquae
1260 862 1453 960 frequenter

342 987 442 1070 atque
466 987 503 1044 ut
528 971 708 1070 plurimum
734 975 867 1046 evenire
891 991 1135 1049 consueverunt
1149 976 1238 1072 (ll).

414 1085 503 1159 Alter
529 1087 628 1174 finis,
654 1089 769 1187 quiin
795 1104 883 1161 recta
911 1089 1014 1188 prolis
1040 1092 1246 1164 institutione
1269 1094 1446 1177 consistit,

340 1226 439 1298 aegre
465 1201 589 1298 pariter
613 1217 671 1273 aut
693 1202 749 1274 vix
773 1204 908 1278 omnino
933 1205 1116 1303 comparari
1136 1222 1261 1303 potest:
1283 1207 1386 1307 idque
1404 1209 1449 1281 ob

342 1316 544 1417 peculiarem
562 1315 771 1390 dilectionem
791 1345 892 1417 quam
910 1320 1049 1392 maritus
1066 1346 1144 1417 erga
1162 1347 1263 1393 unam
1282 1349 1362 1421 prae
1379 1324 1449 1397 alia

340 1456 443 1505 uxore
467 1430 606 1503 allectus
632 1447 694 1503 est.
717 1431 791 1517 Qua
817 1432 1073 1530 praedilectione
1091 1434 1148 1520 fit,
1168 1452 1204 1506 ut
1222 1438 1294 1509 eins
1312 1464 1450 1537 quoque

341 1547 429 1619 filios
455 1545 595 1619 aliarum
622 1544 703 1619 liliis
728 1548 892 1646 praeierat
909 1574 983 1620 cum
1002 1565 1184 1623 ceterorum
1211 1550 1334 1624 damno
1359 1579 1448 1652 qnos

339 1676 398 1735 aut
420 1659 577 1757 negligit,
598 1674 656 1732 aut
673 1676 761 1733 certo
780 1686 846 1733 non
864 1662 995 1760 aequali
1022 1688 1133 1735 amore
1158 1689 1196 1734 ac
1223 1663 1450 1739 sollicitudine

340 1776 497 1876 prosequi
517 1773 613 1848 solet.
634 1774 737 1849 Cuius
755 1777 803 1847 rei
822 1793 1069 1849 monumentum
1088 1776 1263 1849 indubium
1281 1779 1448 1855 habemus

340 1894 374 1963 in
401 1891 548 1966 mosaica
581 1889 808 1987 legislatione,
839 1892 873 1963 in
899 1918 966 1990 qua
991 1890 1091 1990 paulo
1116 1908 1191 1991 post
1216 1894 1370 1993 superius
1397 1896 1449 1968 al-

340 2007 448 2104 legata
472 2004 594 2080 verba:
621 2006 687 2077 «Si
706 2006 861 2079 babuerit
887 2007 985 2081 homo
1012 2032 1131 2080 uxores
1155 2006 1241 2080 duas
1267 2035 1368 2082 unam
1395 2010 1450 2082 di—

338 2122 474 2208 lectam,
502 2137 536 2192 et
560 2119 695 2193 alteram
722 2122 901 2195 odiosam»
922 2121 1094 2193 subditur:
1118 2124 1389 2222 «genuerintque
1405 2152 1449 2198 ex

339 2262 379 2308 eo
403 2234 546 2321 liberos,
576 2251 609 2308 et
634 2236 733 2308 luerit
756 2235 848 2309 lilius
873 2234 1009 2308 odiosae
1034 2236 1296 2333 primogenitus,
1323 2239 1448 2312 uolue-

338 2352 447 2450 ritque
473 2349 696 2445 substantiam
722 2350 808 2422 inter
833 2350 920 2422 filios
946 2375 1026 2422 suos
1051 2349 1215 2423 dividere:
1238 2378 1303 2424 non
1324 2356 1449 2452 poterit

339 2465 444 2539 filiurn
462 2464 602 2537 dilectae
621 2463 729 2537 lacere
747 2464 1025 2562 primogenitum,
1041 2479 1074 2535 et
1088 2463 1253 2562 praeferre
1267 2465 1337 2538 filio
1350 2468 1449 2543 odio·

338 2607 408 2668 sae,
430 2579 490 2653 sed
508 2579 614 2652 filium
639 2580 776 2654 odiosae
802 2591 959 2677 agnoscet
986 2579 1243 2677 primogenitum
1269 2585 1447 2676 (lb).»Ex
1477 2598 1481 2605 ’

337 2694 461 2794 quibus
480 2711 570 2794 patet
587 2720 688 2793 quam
711 2718 853 2793 pronum
876 2693 1003 2765 homini
1022 2693 1067 2765 sit
1083 2691 1126 2764 ob
1144 2692 1322 2791 specialem
1352 2722 1449 2793 prae

338 2810 565 2896 dilectionem,
582 2837 650 2910 qua
667 2808 769 2882 lentur
782 2809 817 2879 in
831 2833 932 2880 unam
951 2833 1100 2894 uxorem,
1116 2807 1217 2880 huius
1230 2809 1336 2905 gratia
1354 2810 1447 2886 filios

336 2950 376 2996 ex
394 2950 434 2996 ea
452 2926 644 3023 progenitos
670 2939 872 3020 anteponere
890 2920 968 2993 filiis
987 2920 1123 2993 alterius
1148 2922 1259 2994 minus
1284 2923 1441 2999 dilectae.

406 3040 456 3110 lle
481 3036 577 3111 tertio
604 3039 687 3124 fine,
709 3034 766 3136 qui
786 3054 838 3110 est
856 3035 1038 3107 remedium
1066 3036 1357 3132 concupiscentiae
1375 3039 1443 3110 iam

335 3154 481 3226 diximus
507 3152 600 3225 illum
624 3151 765 3226 obtineri
792 3149 883 3224 baud
909 3174 1027 3248 posse,
1054 3149 1135 3247 quin
1161 3176 1299 3224 necesse
1316 3153 1361 3225 sit
1379 3154 1445 3227 bac

335 3272 369 3340 in
390 3296 425 3341 re
442 3268 570 3341 diutius
594 3269 761 3341 insistere.

407 3384 501 3470 Quae
525 3383 660 3482 quidem
687 3383 799 3455 omnia
824 3380 1060 3454 confirmantur
1079 3406 1118 3453 ex
1144 3382 1206 3465 iis,
1234 3407 1323 3479 quae
1349 3410 1445 3483 prae

265 3494 270 3507 '
336 3498 424 3572 clare
448 3497 536 3571 hanc
560 3497 595 3567 in
622 3520 690 3567 rem
717 3494 833 3568 scribit
857 3493 1035 3590 Angelicus
1060 3494 1192 3566 doctor:
1225 3494 1445 3573 «Pluralitas

334 3640 473 3686 uxorum
498 3638 607 3711 aeque
633 3609 775 3683 totaliter
808 3609 911 3694 tollit,
940 3635 1047 3707 neque
1081 3606 1271 3706 aliqualiter
1300 3611 1444 3712 impedit

334 3727 478 3823 primum
504 3726 605 3797 finem
633 3722 900 3819 (matrimonii),
917 3747 991 3794 oum
1018 3748 1105 3794 unus
1129 3720 1181 3793 uir
1205 3723 1353 3798 sufficiat
1369 3727 1444 3826 plu-

334 3841 426 3913 ribus
461 3839 619 3912 uxoribus
654 3835 917 3922 foecundandis‚
946 3851 978 3907 et
1002 3835 1186 3909 educandis
1216 3837 1296 3911 filiis
1322 3866 1362 3911 ex
1389 3844 1442 3916 eis

334 3955 437 4028 natis:
466 3953 525 4026 sed
552 3948 737 4026 secundum
756 3952 855 4025 finem
873 3950 936 4024 etsi
955 3977 1021 4023 non
1040 3951 1183 4024 totaliter
1200 3952 1304 4040 tollit,
1327 3970 1440 4030 tamen

334 4068 472 4142 multum
491 4066 650 4165 impedit,
671 4066 819 4165 eoquod
838 4091 902 4139 non
922 4065 1017 4138 laoile
1040 4081 1146 4164 potest
1163 4092 1241 4140 osse
1258 4094 1322 4166 pax
1340 4069 1374 4140 in
1394 4072 1443 4144 la·

404 4254 453 4314 (74)
469 4256 497 4303 L.
510 4252 623 4303 Nomnd
632 4265 665 4304 aa
677 4253 704 4302 a.
715 4255 753 4302 De
770 4251 876 4314 lentem.

402 4334 451 4392 (75)
468 4333 539 4382 beot.
554 4334 706 4382 illuto-17.
