<?xml version="1.0" encoding="UTF-8"?>
<!DOCTYPE html PUBLIC "-//W3C//DTD XHTML 1.0 Transitional//EN"
    "http://www.w3.org/TR/xhtml1/DTD/xhtml1-transitional.dtd">
<html xmlns="http://www.w3.org/1999/xhtml" xml:lang="en" lang="en">
 <head>
  <title>
</title>
<meta http-equiv="Content-Type" content="text/html;charset=utf-8" />
  <meta name='ocr-system' content='tesseract 3.04.00' />
  <meta name='ocr-capabilities' content='ocr_page ocr_carea ocr_par ocr_line ocrx_word'/>
</head>
<body>
  <div class='ocr_page' id='page_1' title='image "./dematrimoniochr03perrgoog_0193.png"; bbox 0 0 3234 5084; ppageno 0'>
   <div class='ocr_carea' id='block_1_1' title="bbox 310 422 1303 495">
    <p class='ocr_par' dir='ltr' id='par_1_1' title="bbox 310 422 1303 495">
     <span class='ocr_line' id='line_1_1' title="bbox 310 422 1303 495; baseline 0.004 -6"><span class='ocrx_word' id='word_1_1' title='bbox 310 437 379 489; x_wconf 76' lang='lat' dir='ltr'><strong>crr.</strong></span> <span class='ocrx_word' id='word_1_2' title='bbox 397 437 433 489; x_wconf 89' lang='lat' dir='ltr'><strong>rr.</strong></span> <span class='ocrx_word' id='word_1_3' title='bbox 448 435 489 489; x_wconf 86' lang='lat' dir='ltr'><strong>nr</strong></span> <span class='ocrx_word' id='word_1_4' title='bbox 506 438 620 493; x_wconf 84' lang='lat' dir='ltr'><strong>murus.</strong></span> <span class='ocrx_word' id='word_1_5' title='bbox 636 438 733 492; x_wconf 80' lang='grc' dir='ltr'>ιιιι.</span> <span class='ocrx_word' id='word_1_6' title='bbox 749 439 784 491; x_wconf 88' lang='lat' dir='ltr'><strong>m</strong></span> <span class='ocrx_word' id='word_1_7' title='bbox 800 439 893 493; x_wconf 80' lang='lat' dir='ltr'><strong>osus.</strong></span> <span class='ocrx_word' id='word_1_8' title='bbox 912 436 1024 494; x_wconf 82' lang='lat' dir='ltr'><strong>rucsr.</strong></span> <span class='ocrx_word' id='word_1_9' title='bbox 1037 441 1110 495; x_wconf 83' lang='grc' dir='ltr'>ιιι.</span> <span class='ocrx_word' id='word_1_10' title='bbox 1122 441 1159 495; x_wconf 89' lang='grc' dir='ltr'><strong>ιι.</strong></span> <span class='ocrx_word' id='word_1_11' title='bbox 1235 422 1303 494; x_wconf 82' lang='lat' dir='ltr'><strong>ttt</strong></span> 
     </span>
    </p>
   </div>
   <div class='ocr_carea' id='block_1_2' title="bbox 689 620 794 721">
    <p class='ocr_par' dir='ltr' id='par_1_2' title="bbox 689 620 794 721">
     <span class='ocr_line' id='line_1_2' title="bbox 689 620 794 721; baseline 0.019 -28"><span class='ocrx_word' id='word_1_12' title='bbox 689 620 725 721; x_wconf 60' lang='grc' dir='ltr'><strong>ι.</strong></span> <span class='ocrx_word' id='word_1_13' title='bbox 755 621 794 695; x_wconf 89' lang='lat' dir='ltr'><strong>v.</strong></span> 
     </span>
    </p>
   </div>
   <div class='ocr_carea' id='block_1_3' title="bbox 183 744 1308 4455">
    <p class='ocr_par' dir='ltr' id='par_1_3' title="bbox 255 744 1238 853">
     <span class='ocr_line' id='line_1_3' title="bbox 255 744 1238 853; baseline 0.002 -13"><span class='ocrx_word' id='word_1_14' title='bbox 255 788 381 840; x_wconf 59' lang='lat' dir='ltr'><strong>mentia</strong></span> <span class='ocrx_word' id='word_1_15' title='bbox 391 787 492 841; x_wconf 83' lang='lat' dir='ltr'><strong>tltorum</strong></span> <span class='ocrx_word' id='word_1_16' title='bbox 502 788 640 852; x_wconf 71' lang='lat' dir='ltr'><strong>excutitur,</strong></span> <span class='ocrx_word' id='word_1_17' title='bbox 656 788 701 853; x_wconf 77' lang='lat' dir='ltr'><strong>qni</strong></span> <span class='ocrx_word' id='word_1_18' title='bbox 715 788 884 841; x_wconf 81' lang='lat' dir='ltr'><strong>torntuutiouts</strong></span> <span class='ocrx_word' id='word_1_19' title='bbox 899 801 986 842; x_wconf 87' lang='lat' dir='ltr'><strong>rocem</strong></span> <span class='ocrx_word' id='word_1_20' title='bbox 1000 798 1051 841; x_wconf 91' lang='lat' dir='ltr'><strong>nou</strong></span> <span class='ocrx_word' id='word_1_21' title='bbox 1061 788 1092 841; x_wconf 79' lang='lat' dir='ltr'><strong>tle</strong></span> <span class='ocrx_word' id='word_1_22' title='bbox 1101 744 1238 853; x_wconf 65' lang='lat' dir='ltr'><strong>edultum,</strong></span> 
     </span>
    </p>

    <p class='ocr_par' dir='ltr' id='par_1_4' title="bbox 408 868 1082 934">
     <span class='ocr_line' id='line_1_4' title="bbox 408 868 1082 934; baseline 0.001 -15"><span class='ocrx_word' id='word_1_23' title='bbox 408 869 451 920; x_wconf 85' lang='lat' dir='ltr'><strong>sed</strong></span> <span class='ocrx_word' id='word_1_24' title='bbox 462 868 494 919; x_wconf 82' lang='lat' dir='ltr'><strong>de</strong></span> <span class='ocrx_word' id='word_1_25' title='bbox 505 871 571 920; x_wconf 75' lang='lat' dir='ltr'><strong>statu</strong></span> <span class='ocrx_word' id='word_1_26' title='bbox 583 869 716 920; x_wconf 66' lang='lat' dir='ltr'><strong>tomiano</strong></span> <span class='ocrx_word' id='word_1_27' title='bbox 729 870 755 920; x_wconf 85' lang='lat' dir='ltr'><strong>et</strong></span> <span class='ocrx_word' id='word_1_28' title='bbox 769 868 935 920; x_wconf 67' lang='lat' dir='ltr'><strong>concubinatu</strong></span> <span class='ocrx_word' id='word_1_29' title='bbox 946 870 1082 934; x_wconf 83' lang='lat' dir='ltr'><strong>exponunt.</strong></span> 
     </span>
    </p>

    <p class='ocr_par' dir='ltr' id='par_1_5' title="bbox 184 1001 1308 2833">
     <span class='ocr_line' id='line_1_5' title="bbox 259 1001 1307 1104; baseline 0.003 -27"><span class='ocrx_word' id='word_1_30' title='bbox 259 1001 351 1077; x_wconf 84' lang='lat' dir='ltr'><strong>llaec</strong></span> <span class='ocrx_word' id='word_1_31' title='bbox 375 1002 557 1092; x_wconf 88' lang='lat' dir='ltr'><strong>sententia,</strong></span> <span class='ocrx_word' id='word_1_32' title='bbox 585 1029 689 1104; x_wconf 68' lang='grc' dir='ltr'>ιιιιιιιιι</span> <span class='ocrx_word' id='word_1_33' title='bbox 713 1017 884 1104; x_wconf 87' lang='lat' dir='ltr'><strong>postremo</strong></span> <span class='ocrx_word' id='word_1_34' title='bbox 908 1001 983 1077; x_wconf 91' lang='lat' dir='ltr'><strong>loco</strong></span> <span class='ocrx_word' id='word_1_35' title='bbox 1006 1003 1095 1077; x_wconf 86' lang='lat' dir='ltr'><strong>inter</strong></span> <span class='ocrx_word' id='word_1_36' title='bbox 1118 1004 1307 1102; x_wconf 78' lang='lat' dir='ltr'><strong>exegeticus</strong></span> 
     </span>
     <span class='ocr_line' id='line_1_6' title="bbox 187 1116 1308 1220; baseline 0.001 -29"><span class='ocrx_word' id='word_1_37' title='bbox 187 1117 477 1218; x_wconf 74' lang='lat' dir='ltr'><strong>interpretationes</strong></span> <span class='ocrx_word' id='word_1_38' title='bbox 507 1133 655 1193; x_wconf 82' lang='lat' dir='ltr'><strong>textuum</strong></span> <span class='ocrx_word' id='word_1_39' title='bbox 685 1116 981 1215; x_wconf 76' lang='lat' dir='ltr'><strong>evangelicorum,</strong></span> <span class='ocrx_word' id='word_1_40' title='bbox 1009 1116 1204 1220; x_wconf 88' lang='lat' dir='ltr'><strong>dequibus</strong></span> <span class='ocrx_word' id='word_1_41' title='bbox 1233 1120 1308 1219; x_wconf 81' lang='lat' dir='ltr'><strong>ugi-</strong></span> 
     </span>
     <span class='ocr_line' id='line_1_7' title="bbox 187 1232 1306 1336; baseline 0.001 -28"><span class='ocrx_word' id='word_1_42' title='bbox 187 1260 282 1323; x_wconf 88' lang='lat' dir='ltr'><strong>mus,</strong></span> <span class='ocrx_word' id='word_1_43' title='bbox 299 1232 587 1322; x_wconf 77' lang='lat' dir='ltr'><strong>enumeravimus,</strong></span> <span class='ocrx_word' id='word_1_44' title='bbox 604 1233 819 1333; x_wconf 83' lang='lat' dir='ltr'><strong>aliquetenus</strong></span> <span class='ocrx_word' id='word_1_45' title='bbox 837 1233 992 1309; x_wconf 79' lang='lat' dir='ltr'><strong>convenit</strong></span> <span class='ocrx_word' id='word_1_46' title='bbox 1008 1259 1085 1308; x_wconf 92' lang='lat' dir='ltr'><strong>cum</strong></span> <span class='ocrx_word' id='word_1_47' title='bbox 1102 1233 1182 1323; x_wconf 90' lang='lat' dir='ltr'><strong>ilia,</strong></span> <span class='ocrx_word' id='word_1_48' title='bbox 1202 1261 1306 1336; x_wconf 89' lang='lat' dir='ltr'><strong>quum</strong></span> 
     </span>
     <span class='ocr_line' id='line_1_8' title="bbox 186 1347 1307 1449; baseline 0.001 -28"><span class='ocrx_word' id='word_1_49' title='bbox 186 1373 296 1447; x_wconf 87' lang='lat' dir='ltr'><strong>nuper</strong></span> <span class='ocrx_word' id='word_1_50' title='bbox 319 1348 541 1447; x_wconf 83' lang='lat' dir='ltr'><strong>expendimus</strong></span> <span class='ocrx_word' id='word_1_51' title='bbox 568 1374 608 1422; x_wconf 87' lang='lat' dir='ltr'><strong>ac</strong></span> <span class='ocrx_word' id='word_1_52' title='bbox 632 1348 812 1423; x_wconf 89' lang='lat' dir='ltr'><strong>reiecimus</strong></span> <span class='ocrx_word' id='word_1_53' title='bbox 837 1375 857 1423; x_wconf 88' lang='lat' dir='ltr'><strong>a</strong></span> <span class='ocrx_word' id='word_1_54' title='bbox 884 1347 1148 1449; x_wconf 74' lang='lat' dir='ltr'><strong>protestantibus</strong></span> <span class='ocrx_word' id='word_1_55' title='bbox 1172 1348 1307 1447; x_wconf 76' lang='lat' dir='ltr'><strong>excogi-</strong></span> 
     </span>
     <span class='ocr_line' id='line_1_9' title="bbox 186 1461 1304 1563; baseline 0.002 -26"><span class='ocrx_word' id='word_1_56' title='bbox 186 1477 290 1537; x_wconf 86' lang='lat' dir='ltr'><strong>tatum</strong></span> <span class='ocrx_word' id='word_1_57' title='bbox 301 1475 334 1537; x_wconf 92' lang='lat' dir='ltr'><strong>et</strong></span> <span class='ocrx_word' id='word_1_58' title='bbox 345 1489 367 1537; x_wconf 93' lang='lat' dir='ltr'><strong>a</strong></span> <span class='ocrx_word' id='word_1_59' title='bbox 379 1461 552 1536; x_wconf 87' lang='lat' dir='ltr'><strong>nonnullis</strong></span> <span class='ocrx_word' id='word_1_60' title='bbox 569 1461 787 1538; x_wconf 86' lang='lat' dir='ltr'><strong>liberioribus</strong></span> <span class='ocrx_word' id='word_1_61' title='bbox 803 1461 979 1538; x_wconf 84' lang='lat' dir='ltr'><strong>catholicis</strong></span> <span class='ocrx_word' id='word_1_62' title='bbox 992 1462 1195 1553; x_wconf 89' lang='lat' dir='ltr'><strong>admissam,</strong></span> <span class='ocrx_word' id='word_1_63' title='bbox 1210 1463 1304 1563; x_wconf 88' lang='lat' dir='ltr'><strong>quod</strong></span> 
     </span>
     <span class='ocr_line' id='line_1_10' title="bbox 184 1576 1302 1678; baseline 0 -26"><span class='ocrx_word' id='word_1_64' title='bbox 184 1604 306 1678; x_wconf 91' lang='lat' dir='ltr'><strong>nempe</strong></span> <span class='ocrx_word' id='word_1_65' title='bbox 321 1576 476 1653; x_wconf 86' lang='lat' dir='ltr'><strong>Christus</strong></span> <span class='ocrx_word' id='word_1_66' title='bbox 493 1578 659 1653; x_wconf 82' lang='lat' dir='ltr'><strong>Dominus</strong></span> <span class='ocrx_word' id='word_1_67' title='bbox 684 1578 777 1678; x_wconf 91' lang='lat' dir='ltr'><strong>apud</strong></span> <span class='ocrx_word' id='word_1_68' title='bbox 795 1578 1001 1653; x_wconf 79' lang='lat' dir='ltr'><strong>Matthaeum</strong></span> <span class='ocrx_word' id='word_1_69' title='bbox 1022 1577 1155 1653; x_wconf 87' lang='lat' dir='ltr'><strong>locutus</strong></span> <span class='ocrx_word' id='word_1_70' title='bbox 1172 1593 1302 1652; x_wconf 87' lang='lat' dir='ltr'><strong>tantum</strong></span> 
     </span>
     <span class='ocr_line' id='line_1_11' title="bbox 186 1693 1306 1792; baseline 0.001 -24"><span class='ocrx_word' id='word_1_71' title='bbox 186 1693 287 1768; x_wconf 82' lang='lat' dir='ltr'><strong>fuerit</strong></span> <span class='ocrx_word' id='word_1_72' title='bbox 310 1694 353 1768; x_wconf 90' lang='lat' dir='ltr'><strong>de</strong></span> <span class='ocrx_word' id='word_1_73' title='bbox 376 1693 597 1769; x_wconf 79' lang='lat' dir='ltr'><strong>luminatione</strong></span> <span class='ocrx_word' id='word_1_74' title='bbox 622 1720 684 1769; x_wconf 89' lang='lat' dir='ltr'><strong>seu</strong></span> <span class='ocrx_word' id='word_1_75' title='bbox 706 1694 752 1768; x_wconf 89' lang='lat' dir='ltr'><strong>de</strong></span> <span class='ocrx_word' id='word_1_76' title='bbox 775 1694 905 1792; x_wconf 76' lang='lat' dir='ltr'><strong>flagitio</strong></span> <span class='ocrx_word' id='word_1_77' title='bbox 929 1709 1006 1768; x_wconf 86' lang='lat' dir='ltr'><strong>unte</strong></span> <span class='ocrx_word' id='word_1_78' title='bbox 1035 1694 1156 1769; x_wconf 90' lang='lat' dir='ltr'><strong>initum</strong></span> <span class='ocrx_word' id='word_1_79' title='bbox 1187 1693 1306 1769; x_wconf 90' lang='lat' dir='ltr'><strong>coniu-</strong></span> 
     </span>
     <span class='ocr_line' id='line_1_12' title="bbox 188 1807 1306 1910; baseline 0.002 -27"><span class='ocrx_word' id='word_1_80' title='bbox 188 1810 281 1908; x_wconf 82' lang='lat' dir='ltr'><strong>gium</strong></span> <span class='ocrx_word' id='word_1_81' title='bbox 310 1825 454 1909; x_wconf 84' lang='lat' dir='ltr'><strong>patrato.</strong></span> <span class='ocrx_word' id='word_1_82' title='bbox 477 1807 541 1883; x_wconf 76' lang='lat' dir='ltr'><strong>Ast</strong></span> <span class='ocrx_word' id='word_1_83' title='bbox 564 1809 600 1882; x_wconf 91' lang='lat' dir='ltr'><strong>in</strong></span> <span class='ocrx_word' id='word_1_84' title='bbox 625 1835 666 1885; x_wconf 89' lang='lat' dir='ltr'><strong>eo</strong></span> <span class='ocrx_word' id='word_1_85' title='bbox 690 1808 876 1899; x_wconf 87' lang='lat' dir='ltr'><strong>dilierunt,</strong></span> <span class='ocrx_word' id='word_1_86' title='bbox 902 1809 994 1910; x_wconf 89' lang='lat' dir='ltr'><strong>quod</strong></span> <span class='ocrx_word' id='word_1_87' title='bbox 1018 1808 1068 1881; x_wconf 92' lang='lat' dir='ltr'><strong>illi</strong></span> <span class='ocrx_word' id='word_1_88' title='bbox 1093 1809 1138 1884; x_wconf 90' lang='lat' dir='ltr'><strong>de</strong></span> <span class='ocrx_word' id='word_1_89' title='bbox 1161 1809 1306 1885; x_wconf 83' lang='lat' dir='ltr'><strong>fornicu-</strong></span> 
     </span>
     <span class='ocr_line' id='line_1_13' title="bbox 188 1923 1305 2025; baseline 0 -25"><span class='ocrx_word' id='word_1_90' title='bbox 188 1924 279 2000; x_wconf 89' lang='lat' dir='ltr'><strong>tione</strong></span> <span class='ocrx_word' id='word_1_91' title='bbox 303 1924 474 1998; x_wconf 84' lang='lat' dir='ltr'><strong>disserant</strong></span> <span class='ocrx_word' id='word_1_92' title='bbox 497 1950 600 2025; x_wconf 91' lang='lat' dir='ltr'><strong>quam</strong></span> <span class='ocrx_word' id='word_1_93' title='bbox 625 1923 710 1999; x_wconf 90' lang='lat' dir='ltr'><strong>ulter</strong></span> <span class='ocrx_word' id='word_1_94' title='bbox 734 1925 917 2024; x_wconf 80' lang='lat' dir='ltr'><strong>coniugum</strong></span> <span class='ocrx_word' id='word_1_95' title='bbox 941 1940 1018 1999; x_wconf 87' lang='lat' dir='ltr'><strong>unte</strong></span> <span class='ocrx_word' id='word_1_96' title='bbox 1043 1925 1163 2000; x_wconf 90' lang='lat' dir='ltr'><strong>initum</strong></span> <span class='ocrx_word' id='word_1_97' title='bbox 1188 1925 1305 2000; x_wconf 87' lang='lat' dir='ltr'><strong>matri·</strong></span> 
     </span>
     <span class='ocr_line' id='line_1_14' title="bbox 186 2039 1305 2130; baseline 0.001 -15"><span class='ocrx_word' id='word_1_98' title='bbox 186 2040 337 2115; x_wconf 89' lang='lat' dir='ltr'><strong>monium</strong></span> <span class='ocrx_word' id='word_1_99' title='bbox 363 2040 433 2115; x_wconf 86' lang='lat' dir='ltr'><strong>ulio</strong></span> <span class='ocrx_word' id='word_1_100' title='bbox 457 2040 568 2115; x_wconf 90' lang='lat' dir='ltr'><strong>inscio</strong></span> <span class='ocrx_word' id='word_1_101' title='bbox 591 2041 823 2130; x_wconf 87' lang='lat' dir='ltr'><strong>commiserit,</strong></span> <span class='ocrx_word' id='word_1_102' title='bbox 850 2042 887 2114; x_wconf 94' lang='lat' dir='ltr'><strong>hi</strong></span> <span class='ocrx_word' id='word_1_103' title='bbox 917 2067 996 2116; x_wconf 84' lang='lat' dir='ltr'><strong>vero</strong></span> <span class='ocrx_word' id='word_1_104' title='bbox 1020 2039 1063 2114; x_wconf 89' lang='lat' dir='ltr'><strong>de</strong></span> <span class='ocrx_word' id='word_1_105' title='bbox 1086 2040 1305 2116; x_wconf 76' lang='lat' dir='ltr'><strong>fornicatione</strong></span> 
     </span>
     <span class='ocr_line' id='line_1_15' title="bbox 184 2155 1305 2257; baseline 0.002 -28"><span class='ocrx_word' id='word_1_106' title='bbox 184 2156 325 2257; x_wconf 87' lang='lat' dir='ltr'><strong>utrique</strong></span> <span class='ocrx_word' id='word_1_107' title='bbox 347 2155 539 2244; x_wconf 80' lang='lat' dir='ltr'><strong>communi3</strong></span> <span class='ocrx_word' id='word_1_108' title='bbox 566 2171 740 2256; x_wconf 85' lang='lat' dir='ltr'><strong>praeterea</strong></span> <span class='ocrx_word' id='word_1_109' title='bbox 760 2156 811 2229; x_wconf 90' lang='lat' dir='ltr'><strong>illi</strong></span> <span class='ocrx_word' id='word_1_110' title='bbox 828 2156 987 2231; x_wconf 78' lang='lat' dir='ltr'><strong>uidentur</strong></span> <span class='ocrx_word' id='word_1_111' title='bbox 1010 2155 1112 2230; x_wconf 88' lang='lat' dir='ltr'><strong>locuti</strong></span> <span class='ocrx_word' id='word_1_112' title='bbox 1138 2155 1181 2230; x_wconf 90' lang='lat' dir='ltr'><strong>de</strong></span> <span class='ocrx_word' id='word_1_113' title='bbox 1203 2156 1305 2231; x_wconf 86' lang='lat' dir='ltr'><strong>iorni·</strong></span> 
     </span>
     <span class='ocr_line' id='line_1_16' title="bbox 185 2269 1304 2361; baseline -0.002 -14"><span class='ocrx_word' id='word_1_114' title='bbox 185 2270 339 2360; x_wconf 82' lang='lat' dir='ltr'><strong>catione,</strong></span> <span class='ocrx_word' id='word_1_115' title='bbox 366 2286 405 2345; x_wconf 89' lang='lat' dir='ltr'><strong>ut</strong></span> <span class='ocrx_word' id='word_1_116' title='bbox 428 2270 476 2345; x_wconf 87' lang='lat' dir='ltr'><strong>ita</strong></span> <span class='ocrx_word' id='word_1_117' title='bbox 498 2270 629 2361; x_wconf 91' lang='lat' dir='ltr'><strong>dicam,</strong></span> <span class='ocrx_word' id='word_1_118' title='bbox 658 2286 876 2361; x_wconf 88' lang='lat' dir='ltr'><strong>transeunte,</strong></span> <span class='ocrx_word' id='word_1_119' title='bbox 905 2271 949 2344; x_wconf 90' lang='lat' dir='ltr'><strong>de</strong></span> <span class='ocrx_word' id='word_1_120' title='bbox 976 2296 1045 2344; x_wconf 91' lang='lat' dir='ltr'><strong>uno</strong></span> <span class='ocrx_word' id='word_1_121' title='bbox 1068 2269 1228 2344; x_wconf 80' lang='lat' dir='ltr'><strong>videlicet</strong></span> <span class='ocrx_word' id='word_1_122' title='bbox 1254 2269 1304 2345; x_wconf 86' lang='lat' dir='ltr'><strong>el-</strong></span> 
     </span>
     <span class='ocr_line' id='line_1_17' title="bbox 184 2384 1305 2485; baseline -0.002 -23"><span class='ocrx_word' id='word_1_123' title='bbox 184 2402 298 2462; x_wconf 79' lang='lat' dir='ltr'><strong>terove</strong></span> <span class='ocrx_word' id='word_1_124' title='bbox 314 2386 463 2485; x_wconf 79' lang='lat' dir='ltr'><strong>flagitio,</strong></span> <span class='ocrx_word' id='word_1_125' title='bbox 484 2385 651 2461; x_wconf 88' lang='lat' dir='ltr'><strong>hiantem</strong></span> <span class='ocrx_word' id='word_1_126' title='bbox 673 2385 864 2484; x_wconf 79' lang='lat' dir='ltr'><strong>intelligunt</strong></span> <span class='ocrx_word' id='word_1_127' title='bbox 886 2384 1011 2460; x_wconf 83' lang='lat' dir='ltr'><strong>Christi</strong></span> <span class='ocrx_word' id='word_1_128' title='bbox 1036 2384 1137 2459; x_wconf 84' lang='lat' dir='ltr'><strong>effata</strong></span> <span class='ocrx_word' id='word_1_129' title='bbox 1154 2385 1197 2458; x_wconf 87' lang='lat' dir='ltr'><strong>de</strong></span> <span class='ocrx_word' id='word_1_130' title='bbox 1214 2401 1305 2461; x_wconf 85' lang='lat' dir='ltr'><strong>statu</strong></span> 
     </span>
     <span class='ocr_line' id='line_1_18' title="bbox 184 2500 1304 2604; baseline -0.004 -27"><span class='ocrx_word' id='word_1_131' title='bbox 184 2502 302 2604; x_wconf 83' lang='lat' dir='ltr'><strong>aliquo</strong></span> <span class='ocrx_word' id='word_1_132' title='bbox 327 2516 565 2603; x_wconf 89' lang='lat' dir='ltr'><strong>permanente,</strong></span> <span class='ocrx_word' id='word_1_133' title='bbox 593 2520 655 2576; x_wconf 81' lang='lat' dir='ltr'><strong>seu</strong></span> <span class='ocrx_word' id='word_1_134' title='bbox 680 2517 720 2576; x_wconf 92' lang='lat' dir='ltr'><strong>ut</strong></span> <span class='ocrx_word' id='word_1_135' title='bbox 741 2502 810 2601; x_wconf 88' lang='lat' dir='ltr'><strong>ipsi</strong></span> <span class='ocrx_word' id='word_1_136' title='bbox 834 2500 1037 2602; x_wconf 88' lang='lat' dir='ltr'><strong>loquuntur,</strong></span> <span class='ocrx_word' id='word_1_137' title='bbox 1057 2500 1100 2574; x_wconf 91' lang='lat' dir='ltr'><strong>de</strong></span> <span class='ocrx_word' id='word_1_138' title='bbox 1117 2515 1207 2574; x_wconf 88' lang='lat' dir='ltr'><strong>statu</strong></span> <span class='ocrx_word' id='word_1_139' title='bbox 1223 2524 1304 2576; x_wconf 87' lang='lat' dir='ltr'><strong>con-</strong></span> 
     </span>
     <span class='ocr_line' id='line_1_19' title="bbox 184 2615 1303 2721; baseline -0.004 -27"><span class='ocrx_word' id='word_1_140' title='bbox 184 2619 385 2708; x_wconf 86' lang='lat' dir='ltr'><strong>cubinatus,</strong></span> <span class='ocrx_word' id='word_1_141' title='bbox 413 2646 515 2721; x_wconf 87' lang='lat' dir='ltr'><strong>quem</strong></span> <span class='ocrx_word' id='word_1_142' title='bbox 542 2617 680 2720; x_wconf 82' lang='lat' dir='ltr'><strong>qrridem</strong></span> <span class='ocrx_word' id='word_1_143' title='bbox 705 2645 772 2693; x_wconf 90' lang='lat' dir='ltr'><strong>non</strong></span> <span class='ocrx_word' id='word_1_144' title='bbox 797 2617 907 2693; x_wconf 90' lang='lat' dir='ltr'><strong>solum</strong></span> <span class='ocrx_word' id='word_1_145' title='bbox 926 2640 1022 2717; x_wconf 82' lang='lat' dir='ltr'><strong>posce</strong></span> <span class='ocrx_word' id='word_1_146' title='bbox 1045 2617 1113 2691; x_wconf 91' lang='lat' dir='ltr'><strong>imo</strong></span> <span class='ocrx_word' id='word_1_147' title='bbox 1134 2632 1168 2690; x_wconf 90' lang='lat' dir='ltr'><strong>et</strong></span> <span class='ocrx_word' id='word_1_148' title='bbox 1190 2615 1303 2690; x_wconf 82' lang='lat' dir='ltr'><strong>debere</strong></span> 
     </span>
     <span class='ocr_line' id='line_1_20' title="bbox 184 2733 618 2833; baseline -0.002 -26"><span class='ocrx_word' id='word_1_149' title='bbox 184 2733 327 2810; x_wconf 83' lang='lat' dir='ltr'><strong>dissolri</strong></span> <span class='ocrx_word' id='word_1_150' title='bbox 351 2759 449 2809; x_wconf 91' lang='lat' dir='ltr'><strong>nemo</strong></span> <span class='ocrx_word' id='word_1_151' title='bbox 473 2734 618 2833; x_wconf 77' lang='lat' dir='ltr'><strong>ignorat.</strong></span> 
     </span>
    </p>

    <p class='ocr_par' dir='ltr' id='par_1_6' title="bbox 183 2845 1304 3297">
     <span class='ocr_line' id='line_1_21' title="bbox 259 2845 1302 2945; baseline -0.002 -22"><span class='ocrx_word' id='word_1_152' title='bbox 259 2849 379 2924; x_wconf 81' lang='lat' dir='ltr'><strong>Verum</strong></span> <span class='ocrx_word' id='word_1_153' title='bbox 397 2850 568 2925; x_wconf 80' lang='lat' dir='ltr'><strong>enimvero</strong></span> <span class='ocrx_word' id='word_1_154' title='bbox 584 2849 649 2924; x_wconf 88' lang='lat' dir='ltr'><strong>etsi</strong></span> <span class='ocrx_word' id='word_1_155' title='bbox 665 2847 765 2924; x_wconf 81' lang='lat' dir='ltr'><strong>valde</strong></span> <span class='ocrx_word' id='word_1_156' title='bbox 781 2846 1069 2923; x_wconf 86' lang='lat' dir='ltr'><strong>commendandus</strong></span> <span class='ocrx_word' id='word_1_157' title='bbox 1087 2845 1133 2923; x_wconf 89' lang='lat' dir='ltr'><strong>sit</strong></span> <span class='ocrx_word' id='word_1_158' title='bbox 1149 2846 1302 2945; x_wconf 87' lang='lat' dir='ltr'><strong>ipsorum</strong></span> 
     </span>
     <span class='ocr_line' id='line_1_22' title="bbox 183 2961 1302 3066; baseline -0.006 -25"><span class='ocrx_word' id='word_1_159' title='bbox 183 2982 325 3041; x_wconf 82' lang='lat' dir='ltr'><strong>conatus</strong></span> <span class='ocrx_word' id='word_1_160' title='bbox 350 2966 393 3041; x_wconf 89' lang='lat' dir='ltr'><strong>ud</strong></span> <span class='ocrx_word' id='word_1_161' title='bbox 418 2991 493 3039; x_wconf 86' lang='lat' dir='ltr'><strong>eam</strong></span> <span class='ocrx_word' id='word_1_162' title='bbox 514 2963 785 3066; x_wconf 86' lang='lat' dir='ltr'><strong>persuadendam</strong></span> <span class='ocrx_word' id='word_1_163' title='bbox 802 2978 840 3038; x_wconf 90' lang='lat' dir='ltr'><strong>ut</strong></span> <span class='ocrx_word' id='word_1_164' title='bbox 856 2988 980 3039; x_wconf 86' lang='lat' dir='ltr'><strong>causae</strong></span> <span class='ocrx_word' id='word_1_165' title='bbox 996 2961 1182 3038; x_wconf 81' lang='lat' dir='ltr'><strong>catholicae</strong></span> <span class='ocrx_word' id='word_1_166' title='bbox 1194 2961 1302 3036; x_wconf 90' lang='lat' dir='ltr'><strong>inser-</strong></span> 
     </span>
     <span class='ocr_line' id='line_1_23' title="bbox 184 3077 1304 3180; baseline -0.004 -24"><span class='ocrx_word' id='word_1_167' title='bbox 184 3080 299 3170; x_wconf 75' lang='lat' dir='ltr'><strong>siant,</strong></span> <span class='ocrx_word' id='word_1_168' title='bbox 320 3107 364 3154; x_wconf 90' lang='lat' dir='ltr'><strong>ne</strong></span> <span class='ocrx_word' id='word_1_169' title='bbox 380 3096 492 3155; x_wconf 57' lang='lat' dir='ltr'><strong>nmen</strong></span> <span class='ocrx_word' id='word_1_170' title='bbox 509 3105 584 3154; x_wconf 87' lang='lat' dir='ltr'><strong>eam</strong></span> <span class='ocrx_word' id='word_1_171' title='bbox 601 3079 784 3180; x_wconf 85' lang='lat' dir='ltr'><strong>probemus</strong></span> <span class='ocrx_word' id='word_1_172' title='bbox 800 3094 835 3155; x_wconf 89' lang='lat' dir='ltr'><strong>et</strong></span> <span class='ocrx_word' id='word_1_173' title='bbox 850 3077 1092 3178; x_wconf 85' lang='lat' dir='ltr'><strong>amplectamur</strong></span> <span class='ocrx_word' id='word_1_174' title='bbox 1106 3077 1206 3178; x_wconf 85' lang='lat' dir='ltr'><strong>plura</strong></span> <span class='ocrx_word' id='word_1_175' title='bbox 1223 3092 1304 3153; x_wconf 90' lang='lat' dir='ltr'><strong>sunt</strong></span> 
     </span>
     <span class='ocr_line' id='line_1_24' title="bbox 183 3197 443 3297; baseline -0.008 -26"><span class='ocrx_word' id='word_1_176' title='bbox 183 3223 272 3297; x_wconf 89' lang='lat' dir='ltr'><strong>quae</strong></span> <span class='ocrx_word' id='word_1_177' title='bbox 295 3197 443 3274; x_wconf 87' lang='lat' dir='ltr'><strong>obstant.</strong></span> 
     </span>
    </p>

    <p class='ocr_par' dir='ltr' id='par_1_7' title="bbox 183 3307 1304 4455">
     <span class='ocr_line' id='line_1_25' title="bbox 260 3307 1299 3388; baseline -0.004 -3"><span class='ocrx_word' id='word_1_178' title='bbox 260 3311 309 3386; x_wconf 80' lang='lat' dir='ltr'><strong>Ac</strong></span> <span class='ocrx_word' id='word_1_179' title='bbox 340 3314 375 3385; x_wconf 86' lang='lat'><strong>1.</strong></span> <span class='ocrx_word' id='word_1_180' title='bbox 404 3311 516 3388; x_wconf 88' lang='lat' dir='ltr'><strong>obstat</strong></span> <span class='ocrx_word' id='word_1_181' title='bbox 543 3338 666 3388; x_wconf 88' lang='lat' dir='ltr'><strong>seusus</strong></span> <span class='ocrx_word' id='word_1_182' title='bbox 694 3312 815 3387; x_wconf 85' lang='lat' dir='ltr'><strong>obvius</strong></span> <span class='ocrx_word' id='word_1_183' title='bbox 844 3328 878 3386; x_wconf 92' lang='lat' dir='ltr'><strong>et</strong></span> <span class='ocrx_word' id='word_1_184' title='bbox 905 3309 1070 3386; x_wconf 78' lang='lat' dir='ltr'><strong>naturalis</strong></span> <span class='ocrx_word' id='word_1_185' title='bbox 1103 3307 1299 3385; x_wconf 90' lang='lat' dir='ltr'><strong>eorumdem</strong></span> 
     </span>
     <span class='ocr_line' id='line_1_26' title="bbox 183 3423 1303 3530; baseline -0.005 -27"><span class='ocrx_word' id='word_1_186' title='bbox 183 3443 357 3503; x_wconf 82' lang='lat' dir='ltr'><strong>textuum:</strong></span> <span class='ocrx_word' id='word_1_187' title='bbox 381 3428 551 3530; x_wconf 84' lang='lat' dir='ltr'><strong>siquidem</strong></span> <span class='ocrx_word' id='word_1_188' title='bbox 570 3427 688 3503; x_wconf 86' lang='lat' dir='ltr'><strong>llutth.</strong></span> <span class='ocrx_word' id='word_1_189' title='bbox 704 3429 742 3502; x_wconf 87' lang='lat' dir='ltr'><strong>v.</strong></span> <span class='ocrx_word' id='word_1_190' title='bbox 767 3429 826 3501; x_wconf 79' lang='lat' dir='ltr'><strong>et.</strong></span> <span class='ocrx_word' id='word_1_191' title='bbox 844 3427 904 3501; x_wconf 76' lang='lat'><strong>32.</strong></span> <span class='ocrx_word' id='word_1_192' title='bbox 928 3425 1012 3502; x_wconf 90' lang='lat' dir='ltr'><strong>dicit</strong></span> <span class='ocrx_word' id='word_1_193' title='bbox 1029 3425 1233 3500; x_wconf 73' lang='lat' dir='ltr'><strong>Christnszu</strong></span> <span class='ocrx_word' id='word_1_194' title='bbox 1246 3423 1303 3497; x_wconf 80' lang='lat' dir='ltr'><strong>lti-</strong></span> 
     </span>
     <span class='ocr_line' id='line_1_27' title="bbox 185 3539 1304 3647; baseline -0.003 -29"><span class='ocrx_word' id='word_1_195' title='bbox 185 3558 277 3618; x_wconf 91' lang='lat' dir='ltr'><strong>ctum</strong></span> <span class='ocrx_word' id='word_1_196' title='bbox 295 3559 348 3620; x_wconf 90' lang='lat' dir='ltr'><strong>est</strong></span> <span class='ocrx_word' id='word_1_197' title='bbox 364 3560 499 3619; x_wconf 85' lang='lat' dir='ltr'><strong>autem:</strong></span> <span class='ocrx_word' id='word_1_198' title='bbox 519 3544 732 3647; x_wconf 81' lang='lat' dir='ltr'><strong>Quicumque</strong></span> <span class='ocrx_word' id='word_1_199' title='bbox 748 3542 917 3618; x_wconf 79' lang='lat' dir='ltr'><strong>dimiserit</strong></span> <span class='ocrx_word' id='word_1_200' title='bbox 939 3568 1078 3618; x_wconf 83' lang='lat' dir='ltr'><strong>uxorem</strong></span> <span class='ocrx_word' id='word_1_201' title='bbox 1100 3568 1221 3629; x_wconf 88' lang='lat' dir='ltr'><strong>snam,</strong></span> <span class='ocrx_word' id='word_1_202' title='bbox 1245 3539 1304 3615; x_wconf 89' lang='lat' dir='ltr'><strong>det</strong></span> 
     </span>
     <span class='ocr_line' id='line_1_28' title="bbox 185 3655 1301 3760; baseline -0.005 -24"><span class='ocrx_word' id='word_1_203' title='bbox 185 3659 216 3736; x_wconf 89' lang='lat' dir='ltr'><strong>ei</strong></span> <span class='ocrx_word' id='word_1_204' title='bbox 241 3659 393 3735; x_wconf 90' lang='lat' dir='ltr'><strong>libellum</strong></span> <span class='ocrx_word' id='word_1_205' title='bbox 419 3661 565 3760; x_wconf 91' lang='lat' dir='ltr'><strong>repudii.</strong></span> <span class='ocrx_word' id='word_1_206' title='bbox 594 3660 666 3759; x_wconf 83' lang='lat' dir='ltr'><strong>Ego</strong></span> <span class='ocrx_word' id='word_1_207' title='bbox 690 3675 804 3734; x_wconf 89' lang='lat' dir='ltr'><strong>autem</strong></span> <span class='ocrx_word' id='word_1_208' title='bbox 831 3658 908 3734; x_wconf 87' lang='lat' dir='ltr'><strong>dico</strong></span> <span class='ocrx_word' id='word_1_209' title='bbox 939 3658 1058 3734; x_wconf 80' lang='lat' dir='ltr'><strong>robis:</strong></span> <span class='ocrx_word' id='word_1_210' title='bbox 1085 3656 1167 3758; x_wconf 90' lang='lat' dir='ltr'><strong>quin</strong></span> <span class='ocrx_word' id='word_1_211' title='bbox 1190 3655 1301 3731; x_wconf 88' lang='lat' dir='ltr'><strong>omnis</strong></span> 
     </span>
     <span class='ocr_line' id='line_1_29' title="bbox 184 3773 1299 3877; baseline -0.003 -29"><span class='ocrx_word' id='word_1_212' title='bbox 184 3774 244 3877; x_wconf 86' lang='lat' dir='ltr'><strong>qui</strong></span> <span class='ocrx_word' id='word_1_213' title='bbox 270 3775 440 3851; x_wconf 89' lang='lat' dir='ltr'><strong>dimiserit</strong></span> <span class='ocrx_word' id='word_1_214' title='bbox 462 3802 600 3851; x_wconf 82' lang='lat' dir='ltr'><strong>uxorem</strong></span> <span class='ocrx_word' id='word_1_215' title='bbox 626 3801 744 3863; x_wconf 87' lang='lat' dir='ltr'><strong>suam,</strong></span> <span class='ocrx_word' id='word_1_216' title='bbox 764 3790 904 3875; x_wconf 83' lang='lat' dir='ltr'><strong>excepta</strong></span> <span class='ocrx_word' id='word_1_217' title='bbox 920 3773 1154 3851; x_wconf 85' lang='lat' dir='ltr'><strong>iomicationis</strong></span> <span class='ocrx_word' id='word_1_218' title='bbox 1176 3797 1299 3859; x_wconf 91' lang='lat' dir='ltr'><strong>causa,</strong></span> 
     </span>
     <span class='ocr_line' id='line_1_30' title="bbox 185 3887 1299 3993; baseline -0.007 -27"><span class='ocrx_word' id='word_1_219' title='bbox 185 3890 267 3966; x_wconf 80' lang='lat' dir='ltr'><strong>iecit</strong></span> <span class='ocrx_word' id='word_1_220' title='bbox 290 3917 366 3965; x_wconf 85' lang='lat' dir='ltr'><strong>eam</strong></span> <span class='ocrx_word' id='word_1_221' title='bbox 383 3891 575 3980; x_wconf 89' lang='lat' dir='ltr'><strong>moechari,</strong></span> <span class='ocrx_word' id='word_1_222' title='bbox 595 3891 704 3993; x_wconf 91' lang='lat' dir='ltr'><strong>etqui</strong></span> <span class='ocrx_word' id='word_1_223' title='bbox 721 3889 900 3965; x_wconf 86' lang='lat' dir='ltr'><strong>dimissam</strong></span> <span class='ocrx_word' id='word_1_224' title='bbox 923 3889 1075 3978; x_wconf 88' lang='lat' dir='ltr'><strong>duxerit,</strong></span> <span class='ocrx_word' id='word_1_225' title='bbox 1096 3887 1299 3963; x_wconf 81' lang='lat' dir='ltr'><strong>adulterat.»</strong></span> 
     </span>
     <span class='ocr_line' id='line_1_31' title="bbox 185 4003 1298 4107; baseline -0.006 -25"><span class='ocrx_word' id='word_1_226' title='bbox 185 4005 318 4094; x_wconf 82' lang='lat' dir='ltr'><strong>Quibus</strong></span> <span class='ocrx_word' id='word_1_227' title='bbox 335 4007 449 4082; x_wconf 81' lang='lat' dir='ltr'><strong>uerbis</strong></span> <span class='ocrx_word' id='word_1_228' title='bbox 461 4007 581 4084; x_wconf 84' lang='lat' dir='ltr'><strong>alludit</strong></span> <span class='ocrx_word' id='word_1_229' title='bbox 593 4007 749 4083; x_wconf 80' lang='lat' dir='ltr'><strong>Christus</strong></span> <span class='ocrx_word' id='word_1_230' title='bbox 762 4016 878 4107; x_wconf 84' lang='lat' dir='ltr'><strong>aperte</strong></span> <span class='ocrx_word' id='word_1_231' title='bbox 891 4005 934 4081; x_wconf 88' lang='lat' dir='ltr'><strong>ad</strong></span> <span class='ocrx_word' id='word_1_232' title='bbox 948 4004 1058 4083; x_wconf 87' lang='lat' dir='ltr'><strong>locum</strong></span> <span class='ocrx_word' id='word_1_233' title='bbox 1070 4005 1169 4081; x_wconf 84' lang='lat' dir='ltr'><strong>Deut.</strong></span> <span class='ocrx_word' id='word_1_234' title='bbox 1184 4003 1298 4077; x_wconf 74' lang='lat' dir='ltr'><strong>xxiv.</strong></span> 
     </span>
     <span class='ocr_line' id='line_1_32' title="bbox 184 4120 1299 4226; baseline -0.003 -30"><span class='ocrx_word' id='word_1_235' title='bbox 184 4122 219 4197; x_wconf 94' lang='lat' dir='ltr'><strong>in</strong></span> <span class='ocrx_word' id='word_1_236' title='bbox 244 4149 314 4225; x_wconf 85' lang='lat' dir='ltr'><strong>quo</strong></span> <span class='ocrx_word' id='word_1_237' title='bbox 338 4123 449 4201; x_wconf 89' lang='lat' dir='ltr'><strong>lloses</strong></span> <span class='ocrx_word' id='word_1_238' title='bbox 475 4125 637 4226; x_wconf 91' lang='lat' dir='ltr'><strong>permittit</strong></span> <span class='ocrx_word' id='word_1_239' title='bbox 660 4125 743 4199; x_wconf 85' lang='lat' dir='ltr'><strong>dure</strong></span> <span class='ocrx_word' id='word_1_240' title='bbox 768 4123 917 4200; x_wconf 90' lang='lat' dir='ltr'><strong>libellum</strong></span> <span class='ocrx_word' id='word_1_241' title='bbox 950 4122 1084 4223; x_wconf 88' lang='lat' dir='ltr'><strong>repudii</strong></span> <span class='ocrx_word' id='word_1_242' title='bbox 1099 4136 1101 4139; x_wconf 77' lang='grc'><strong>’</strong></span> <span class='ocrx_word' id='word_1_243' title='bbox 1117 4122 1234 4208; x_wconf 71' lang='lat' dir='ltr'><strong>numi,</strong></span> <span class='ocrx_word' id='word_1_244' title='bbox 1263 4120 1299 4194; x_wconf 93' lang='lat' dir='ltr'><strong>in</strong></span> 
     </span>
     <span class='ocr_line' id='line_1_33' title="bbox 183 4237 1300 4344; baseline -0.003 -29"><span class='ocrx_word' id='word_1_245' title='bbox 183 4266 252 4341; x_wconf 85' lang='lat' dir='ltr'><strong>qua</strong></span> <span class='ocrx_word' id='word_1_246' title='bbox 267 4240 322 4314; x_wconf 87' lang='lat' dir='ltr'><strong>vir</strong></span> <span class='ocrx_word' id='word_1_247' title='bbox 340 4241 499 4344; x_wconf 89' lang='lat' dir='ltr'><strong>repererit</strong></span> <span class='ocrx_word' id='word_1_248' title='bbox 515 4241 713 4343; x_wconf 71' lang='lat' dir='ltr'><strong>foeditatem,</strong></span> <span class='ocrx_word' id='word_1_249' title='bbox 732 4267 798 4317; x_wconf 91' lang='lat' dir='ltr'><strong>non</strong></span> <span class='ocrx_word' id='word_1_250' title='bbox 816 4256 928 4316; x_wconf 89' lang='lat' dir='ltr'><strong>autem</strong></span> <span class='ocrx_word' id='word_1_251' title='bbox 945 4240 1151 4325; x_wconf 78' lang='lat' dir='ltr'><strong>concubinus,</strong></span> <span class='ocrx_word' id='word_1_252' title='bbox 1168 4237 1300 4313; x_wconf 89' lang='lat' dir='ltr'><strong>locutus</strong></span> 
     </span>
     <span class='ocr_line' id='line_1_34' title="bbox 185 4352 1303 4455; baseline -0.004 -25"><span class='ocrx_word' id='word_1_253' title='bbox 185 4355 328 4455; x_wconf 85' lang='lat' dir='ltr'><strong>proinde</strong></span> <span class='ocrx_word' id='word_1_254' title='bbox 352 4372 406 4431; x_wconf 90' lang='lat' dir='ltr'><strong>est</strong></span> <span class='ocrx_word' id='word_1_255' title='bbox 431 4356 589 4435; x_wconf 81' lang='lat' dir='ltr'><strong>Christus</strong></span> <span class='ocrx_word' id='word_1_256' title='bbox 614 4356 658 4432; x_wconf 91' lang='lat' dir='ltr'><strong>de</strong></span> <span class='ocrx_word' id='word_1_257' title='bbox 681 4382 760 4432; x_wconf 83' lang='lat' dir='ltr'><strong>ocra</strong></span> <span class='ocrx_word' id='word_1_258' title='bbox 783 4383 902 4444; x_wconf 76' lang='lat' dir='ltr'><strong>cuore,</strong></span> <span class='ocrx_word' id='word_1_259' title='bbox 931 4382 998 4433; x_wconf 92' lang='lat' dir='ltr'><strong>uon</strong></span> <span class='ocrx_word' id='word_1_260' title='bbox 1022 4369 1134 4432; x_wconf 92' lang='lat' dir='ltr'><strong>autem</strong></span> <span class='ocrx_word' id='word_1_261' title='bbox 1156 4353 1201 4430; x_wconf 92' lang='lat' dir='ltr'><strong>de</strong></span> <span class='ocrx_word' id='word_1_262' title='bbox 1230 4352 1303 4453; x_wconf 93' lang='lat' dir='ltr'><strong>pel-</strong></span> 
     </span>
    </p>
   </div>
   <div class='ocr_carea' id='block_1_4' title="bbox 0 0 1622 5084">
    <p class='ocr_par' dir='ltr' id='par_1_8' title="bbox 0 0 1622 5084">
     <span class='ocr_line' id='line_1_35' title="bbox 0 0 1622 5084; baseline 0 2"><span class='ocrx_word' id='word_1_263' title='bbox 0 0 1622 5084; x_wconf 95' lang='lat' dir='ltr'><strong> </strong></span> 
     </span>
    </p>
   </div>
  </div>
 </body>
</html>
