3234 5084
327 433 395 502 atu
478 454 539 503 ιιι.
560 454 608 504 ιιι.
630 452 716 503 secr.
737 454 868 504 ιιιιιιιι.
885 454 924 503 nn
943 454 1054 504 runrss.
1073 455 1167 505 ulra.
1184 455 1307 507 cunrsr.

325 573 491 673 apposite.
514 572 584 645 Has
601 599 679 647 vero
697 573 830 671 regulas
855 573 998 670 digessit
1022 600 1051 646 s.
1073 573 1217 648 Basilius
1238 593 1315 650 ante
1339 604 1437 651 sunm

325 688 568 787 episcopatum.

397 801 585 874 Difficultas
611 802 713 900 igitur
736 802 935 875 excutienda
960 819 1131 890 remanet,
1159 829 1247 903 quae
1270 806 1376 878 oritur
1399 834 1441 880 ex

325 944 401 990 can.
424 918 501 1004 tx,
529 933 628 1017 atque
653 943 692 989 ex
718 942 794 989 can.
815 915 902 988 xxi.
924 916 959 988 in
978 943 1045 1017 quo
1062 917 1179 990 eadem
1197 919 1301 993 ferme
1322 923 1442 1020 repetit

325 1059 356 1105 s.
372 1034 495 1106 Doctor
514 1059 602 1131 quae
615 1032 833 1106 constituerat
847 1032 881 1104 in
896 1058 973 1105 can.
991 1033 1046 1105 lX.
1068 1034 1127 1133 qui
1147 1033 1246 1108 ambo
1263 1034 1305 1109 de
1322 1036 1440 1110 eodem

323 1164 402 1221 sunt
425 1163 632 1246 argumento,
1375 1161 1379 1166 ’

409 1264 451 1336 Ut
474 1291 563 1364 quae
587 1264 763 1354 ,constituit
792 1290 822 1337 s.
850 1263 997 1338 Basilius
1031 1265 1154 1337 rectius
1185 1264 1437 1363 intelligamus,

325 1380 569 1479 praemittimus
590 1406 621 1453 s.
644 1380 820 1453 Doctorem
838 1406 1021 1477 agnoscere
1046 1381 1081 1452 1.
1102 1381 1137 1452 in
1156 1379 1230 1478 lege
1247 1380 1440 1478 evangelica

325 1522 386 1595 par
399 1496 452 1569 ius
469 1520 546 1569 esse
564 1511 633 1568 tum
652 1495 734 1568 viris
752 1511 820 1567 tum
840 1494 1018 1582 uxoribus,
1040 1495 1141 1595 idque
1159 1511 1327 1596 tamquam
1347 1496 1442 1595 prin·

324 1613 450 1713 cipium
476 1612 716 1685 inconcussum
735 1611 910 1685 constituit
926 1612 1063 1685 dicens:
1092 1616 1195 1710 deque
1219 1614 1301 1685 viris
1318 1628 1350 1685 et
1365 1640 1440 1685 mu·

325 1728 459 1800 lierilrue
484 1729 630 1800 convenit
653 1725 830 1800 secundum
852 1730 1027 1800 sententiae
1052 1731 1328 1826 cortsepuutionem
1354 1729 1442 1826 quod

323 1843 499 1918 adomim
516 1842 770 1939 pronunciatum
794 1856 857 1926 est,
879 1868 943 1913 nou
965 1843 1058 1915 licere
1076 1845 1098 1915 c
1113 1845 1318 1914 matrimonio
1336 1842 1438 1915 ddcc-

323 1957 416 2041 dcre,
444 1958 513 2027 nisi
535 1956 574 2028 od
603 1957 851 2055 smmicott'oncm
878 1959 967 2051 (tt).
1002 1958 1035 2028 2.
1065 1956 1194 2030 Asserit
1220 1956 1441 2030 nihilominus

322 2073 599 2147 consuetudinem
624 2074 658 2144 in
682 2072 777 2170 praxi
796 2071 964 2145 diversam
983 2072 1152 2159 obtinere,
1183 2088 1220 2145 ut
1237 2072 1300 2144 viri
1319 2072 1441 2145 mulie-

325 2188 417 2262 ribus
439 2188 689 2288 praelerantur,
711 2205 878 2288 quatenus
902 2187 965 2260 viri
991 2187 1149 2262 mulieres
1174 2187 1344 2262 adulteras
1363 2215 1441 2287 pos-

325 2306 394 2378 sint
418 2304 604 2391 dimittere,
640 2304 798 2378 mulieres
824 2320 934 2376 autem
960 2304 1051 2377 viros
1075 2304 1245 2377 adulteros
1274 2304 1441 2378 dimittere

324 2434 503 2519 nequeant.
531 2422 566 2492 3.
587 2421 720 2492 Fatetur
743 2418 910 2494 eiusmodi
935 2419 1210 2493 consuetudinem
1235 2446 1311 2492 cum
1336 2446 1440 2492 evan-

323 2535 411 2634 gelio
435 2535 574 2607 minime
598 2534 800 2608 consentire.
832 2535 864 2605 l.
886 2534 924 2605 ln
949 2559 1026 2607 can.
1045 2534 1132 2607 xxi.
1150 2534 1322 2608 constituit
1346 2535 1439 2608 aliud

323 2652 505 2726 discrimen
531 2649 736 2724 intercedere
761 2649 847 2721 inter
867 2649 975 2722 virum
992 2666 1025 2722 et
1042 2648 1213 2722 mulierem
1232 2650 1322 2724 circa
1340 2677 1438 2751 repu-

323 2766 416 2838 dium
430 2823 438 2852 ,
454 2765 546 2864 quod
564 2765 615 2838 vir
630 2764 767 2864 quidem
786 2764 820 2835 in
840 2764 915 2862 ipso
934 2764 1164 2850 matrimonio,
1187 2765 1216 2838 si
1234 2791 1310 2837 cum
1330 2764 1440 2838 soluta

323 2896 357 2953 et
383 2878 487 2953 libera
511 2880 715 2979 peccaverit,
741 2879 896 2953 adulterii
924 2880 1058 2954 nomine
1083 2907 1150 2953 non
1172 2880 1437 2965 condamnetur,

324 2994 384 3069 sed
403 2993 632 3068 fornicationis
649 3023 656 3081 ;
678 3011 794 3068 contra
818 3021 897 3070 vero
923 3021 1006 3069 uxor
1027 2997 1061 3067 in
1079 2995 1195 3069 eodem
1215 3014 1351 3096 peccato
1368 3021 1440 3070 cer-

323 3110 455 3184 tissime
480 3108 631 3182 adultera
656 3110 713 3182 sit.
736 3113 769 3182 li.
791 3111 829 3181 ln
847 3136 922 3184 can.
949 3111 1089 3183 XLVlll.
1122 3137 1257 3184 uxorem
1283 3112 1441 3185 amarito

323 3226 497 3299 dimissam
511 3224 554 3298 ab
568 3224 706 3299 alterius
723 3252 784 3327 spe
800 3226 947 3323 coniugii
966 3226 1128 3312 excludit,
1150 3227 1226 3326 ipso
1244 3230 1437 3327 superstite.

397 3344 514 3443 ltaque
540 3342 597 3416 hic
626 3343 693 3415 iam
718 3343 891 3442 quaeritur
914 3357 1024 3415 utrum
1051 3370 1081 3416 s.
1101 3342 1248 3416 Basilius
1273 3342 1439 3416 eiusmodi

323 3459 600 3533 consuetudinem
626 3484 646 3531 a
671 3456 745 3555 lege
766 3457 857 3531 civili
884 3458 1054 3531 inductam
1081 3457 1271 3556 probaverit
1295 3484 1356 3531 nec
1382 3485 1436 3531 ne.

323 3573 451 3647 Natalis
477 3573 562 3647 alex.
591 3599 666 3646 cum
693 3571 770 3645 aliis
797 3572 1019 3646 affirmantem
1054 3574 1254 3646 sententiam
1283 3572 1437 3672 amplecti

321 3691 417 3765 visus
441 3705 510 3776 est,
539 3688 709 3763 scribens:
741 3686 873 3775 «Quod
901 3704 1010 3761 autem
1037 3687 1124 3760 hanc
1147 3689 1345 3761 sententiam
1368 3714 1440 3760 am-

323 3806 442 3907 plexus
464 3808 527 3901 (ut
543 3804 627 3877 mihi
645 3803 783 3904 quidem
807 3803 962 3898 videtur)
991 3801 1092 3901 luerit
1116 3830 1145 3877 s.
1166 3802 1312 3876 Basilius
1330 3830 1370 3877 eo
1386 3830 1440 3877 ex·

323 3922 496 3997 cusatione
524 3920 647 4017 dignus
677 3935 748 4008 cst,
776 3919 867 4020 quod
898 3917 1098 4019 loquebatur
1130 3919 1165 3991 in
1195 3918 1438 3994 obscurissima

395 4177 445 4242 (96)
461 4180 516 4228 Nat.
528 4177 640 4228 alexand.
655 4191 729 4241 agens
741 4176 772 4227 de
784 4177 830 4226 hac
842 4191 862 4226 s.
876 4175 958 4226 Basilii
969 4176 1041 4240 epist.
1055 4175 1085 4225 ad
1100 4190 1148 4225 sec.
1160 4179 1198 4226 tv.
1220 4189 1273 4238 rap.
1287 4177 1330 4224 t'l.
1344 4177 1389 4224 art.
1405 4183 1441 4225 te.

321 4257 344 4322 §.
360 4263 384 4309 i.
407 4257 479 4309 dicit:
505 4260 585 4308 «can.
601 4260 642 4309 tx.
655 4260 705 4322 agit
715 4258 746 4308 de
760 4257 909 4308 matrimonii
924 4257 1154 4320 indissolubilitate,
1169 4260 1194 4308 et
1208 4258 1261 4306 sota
1271 4257 1440 4306 tornicattonis

322 4352 396 4388 crura
416 4338 593 4402 separationem
618 4340 749 4402 coniugum
770 4338 854 4401 quoad
875 4339 956 4388 torum
983 4337 1077 4388 licitam
1097 4352 1150 4388 esse
1168 4336 1278 4388 deceruit
1303 4335 1439 4388 mondum

322 4418 456 4468 sententiae
474 4417 612 4468 dominicae
625 4417 833 4481 ecumqueutianr.
848 4437 860 4460 n
