3234 5084
374 448 445 498 cir.
461 450 494 499 v.
511 446 674 499 nnsonur.
691 449 819 501 rurnnn.
835 451 930 501 narn.
947 452 1017 501 nnn.
1034 451 1070 502 n.
1225 430 1293 505 435

170 568 377 643 continentia
394 567 586 641 voluntaria
607 568 643 640 in
661 567 836 666 coniugio,
867 584 936 643 tum
950 560 1003 642 'do
1028 571 1221 645 necessaria
1241 598 1295 646 ex·

170 701 221 758 tra
244 683 439 781 coniugium
461 682 505 757 ob
525 684 689 773 divortia,
710 685 844 759 subdit:
868 674 968 771 «Qui
982 700 1059 785 post
1075 685 1292 761 concubitum

169 800 350 897 coniugum
374 826 411 873 se
433 800 527 899 ipsos
547 815 696 873 castrant
715 816 852 902 propter
869 826 1007 898 regnum
1026 802 1213 892 caelorum,
1235 819 1296 877 aut

170 930 277 988 morte
301 914 459 986 amittunt
483 913 662 1011 coniuges,
691 929 750 987 aut
773 941 815 986 ex
839 939 1006 989 consensu
1033 941 1109 989 cum
1134 918 1183 991 eis
1211 943 1293 991 con-

172 1028 347 1102 tinentiam
372 1027 585 1127 profitentur,
613 1043 671 1101 aut
694 1054 735 1100 es
757 1030 955 1104 necessitate
982 1030 1221 1121 divortiorum,
1251 1058 1293 1107 ne
1385 1070 1388 1073 ·

172 1145 261 1219 rivis
285 1142 485 1240 coniugibus
510 1168 548 1216 sc
572 1143 649 1217 aliis
666 1144 866 1244 copulando
891 1144 1055 1219 adulteria
1077 1162 1289 1245 perpetrent,

174 1273 322 1333 castrant
345 1284 383 1332 se
408 1258 503 1357 ipsos
528 1273 665 1357 propter
688 1284 828 1357 regnum
853 1260 1045 1348 caelorum,
1073 1287 1140 1335 non
1163 1277 1202 1335 ut
1225 1262 1294 1336 cla-

176 1373 282 1446 riores
307 1371 355 1444 ibi
380 1396 457 1445 esse
482 1371 639 1470 possint,
665 1373 725 1446 sed
747 1373 837 1472 quod
858 1372 955 1446 aliter
974 1373 1021 1446 ibi
1041 1400 1200 1449 essenon
1217 1402 1294 1475 pos·

174 1488 267 1562 sint:
297 1515 374 1561 nam
399 1489 457 1588 qui
484 1514 551 1563 non
573 1488 638 1562 ista
655 1488 857 1591 necessitato
872 1515 909 1563 se
926 1489 1116 1591 continent,
1136 1491 1196 1564 sed
1213 1490 1292 1565 boni

173 1603 379 1704 appetitione
403 1601 571 1692 melioris,
601 1618 740 1703 possent
764 1603 812 1676 ibi
836 1629 931 1692 esse,
954 1606 1055 1679 etiam
1082 1621 1213 1680 servata
1234 1632 1294 1706 pu·

175 1717 291 1791 dicitia
311 1718 496 1816 coniugali,
525 1718 679 1818 quamvis
706 1718 740 1789 in
763 1719 921 1818 praemiis
947 1719 1151 1809 minoribus,
1182 1735 1293 1795 tamen

175 1832 281 1906 intus.
298 1832 363 1918 Qui
376 1858 456 1906 vero
473 1848 651 1932 propterea
669 1861 707 1907 se
724 1834 916 1922 continent,
932 1835 1014 1933 quia
1025 1835 1196 1934 prioribus
1213 1862 1292 1911 con-

176 1946 314 2044 iugibus
337 1947 424 2020 vivis
451 1947 567 2021 timent
591 1947 670 2021 aliis
695 1949 885 2046 coniugari,
912 1948 1074 2023 maiorem
1098 1976 1213 2024 curam
1237 1951 1294 2024 de-

173 2064 254 2137 bent
274 2089 389 2160 gerere
410 2086 472 2162 pro
489 2062 616 2151 salute,
642 2091 742 2164 quam
767 2082 946 2162 gesserunt
963 2064 1012 2137 illi
1034 2092 1055 2139 a
1074 2066 1200 2167 quibus
1217 2093 1294 2141 con-

176 2176 314 2251 tinentia
333 2202 395 2275 pro
412 2202 549 2249 munere
566 2176 694 2251 delecta
711 2194 763 2252 est
779 2179 941 2279 ampliore
962 2183 1050 2276 (tt).
1070 2211 1088 2250 n

250 2292 356 2391 ldque
380 2290 516 2379 merito,
541 2290 691 2392 alioquin
718 2293 896 2368 dicendum
921 2294 1005 2369 soret
1022 2297 1225 2370 matrimonii
1243 2323 1293 2371 es·

175 2405 318 2479 sentiam
330 2405 373 2504 jin
396 2404 470 2478 eius
491 2431 558 2479 usu
579 2406 782 2493 consistere,
802 2408 895 2507 quod
918 2407 1075 2482 abhorret
1095 2434 1162 2482 non
1184 2409 1292 2483 solum

174 2546 198 2593 a
221 2521 388 2595 communi
409 2519 582 2594 bominum
604 2547 724 2607 sensu,
745 2521 912 2620 quidquid
932 2522 1079 2595 sentiant
1095 2538 1289 2611 notatores,

174 2635 236 2709 sed
262 2636 458 2709 adversatur
487 2635 616 2733 vulgari
644 2636 693 2708 illi
723 2636 892 2735 principio
917 2662 1021 2735 penes
1046 2662 1162 2711 omnes
1193 2639 1292 2712 iuris·

178 2750 301 2847 peritos
314 2767 462 2851 recepto:
482 2749 627 2849 Nuptias
644 2751 926 2847 mensurabitur,
943 2751 1000 2823 aed
1011 2777 1180 2824 caucasus
1192 2754 1289 2852 facit.

250 2865 329 2937 Post
352 2864 437 2938 baec
462 2891 748 2965 supervacaneum
770 2864 904 2938 videtur
926 2864 1013 2939 uelle
1037 2856 1216 2966 congerere
1243 2882 1293 2941 tc-

177 2976 337 3050 stimonia
362 3003 402 3051 ae
426 2978 578 3067 decreta,
606 3005 693 3079 quac
718 2979 753 3051 in
779 2979 851 3053 iure
870 2980 1031 3054 canonico
1056 2980 1124 3054 buo
1147 2972 1294 3055 referun-

179 3107 244 3162 tur.
270 3091 357 3164 Satis
382 3109 434 3166 est
457 3095 546 3167 enim
573 3094 688 3169 oculos
713 3096 879 3170 coniicere
898 3096 931 3166 in
954 3095 1123 3169 decretum
1145 3096 1293 3171 Gratiani

178 3231 253 3305 par.
275 3206 318 3277 ll.
340 3232 435 3285 caus.
453 3209 585 3280 xxxss.
604 3236 665 3309 qq.
687 3213 721 3280 6.
743 3226 775 3284 et
793 3213 828 3281 t.
856 3226 894 3282 ut
916 3211 1037 3284 certior
1058 3211 1294 3310 unusquisque

178 3321 239 3393 fiat
263 3319 355 3395 nullo
381 3346 448 3395 non
472 3338 621 3422 tempore
648 3323 682 3394 in
709 3318 851 3396 ecclesia¹
875 3323 937 3395 Dei
964 3318 1101 3396 sensum
1133 3322 1223 3394 hunc
1246 3325 1294 3394 ri·

176 3434 295 3533 guissc
319 3461 340 3508 a
364 3436 473 3536 prima
491 3452 599 3509 aetate
615 3462 723 3536 usque
740 3437 784 3510 ad
802 3436 1042 3524 tridentinum
1064 3452 1099 3509 et
1116 3436 1236 3510 iterum
1257 3437 1293 3509 iu

179 3549 396 3624 decretalium
414 3549 474 3622 lib.
488 3551 541 3623 lv.
557 3552 609 3625 tit.
624 3552 711 3624 xlx.
728 3552 775 3625 De
788 3552 939 3624 divortiis
956 3550 1013 3624 ubi
1031 3550 1129 3652 plura
1146 3551 1190 3624 ad
1207 3550 1295 3625 hanc

177 3690 249 3737 rem
275 3692 357 3739 mm.
386 3667 580 3767 pontificum
604 3683 638 3740 et
661 3666 881 3741 conciliorum
907 3667 1040 3740 decreta
1065 3667 1291 3766 proferuntur.

252 3780 335 3854 Cum
360 3781 463 3880 igitur
486 3781 606 3855 intima
630 3783 705 3883 ipsa
726 3782 773 3855 rei
799 3798 939 3870 natura,
967 3782 1167 3856 documenta
1190 3781 1295 3855 omni·

178 3919 266 3991 gena
290 3897 392 3971 totius
416 3897 622 3972 christianas
644 3898 874 3998 antiquitatis,
904 3923 944 3971 ac
969 3895 1151 3996 generatim
1173 3921 1294 3971 sensus

177 4009 403 4086 traditionalis
428 4014 607 4089 universae
631 4014 793 4089 ecclesiae
817 4013 1001 4087 doctrinam
1027 4040 1049 4086 a
1073 4011 1215 4086 concilio
1241 4011 1296 4086 tri-

177 4124 317 4200 dentino
338 4130 500 4202 sancitam
525 4156 601 4204 can.
631 4130 717 4202 vlu.
746 4129 920 4203 evidenter
944 4127 1143 4216 adstruant,
1172 4128 1295 4201 mirum

179 4240 286 4314 videri
305 4257 415 4341 potest
431 4244 557 4318 saeculi
574 4245 657 4317 xtt.
679 4260 855 4320 novatores
870 4243 962 4316 illam
981 4268 1083 4317 ausos
1100 4267 1177 4318 esse
1192 4241 1300 4337 veluti,

255 4394 307 4456 (ts)
324 4396 362 4443 De
381 4397 484 4458 contus.
500 4395 587 4445 adult.
604 4396 645 4445 tib.
661 4398 693 4445 11.
706 4410 728 4446 o.
746 4404 783 4446 tt.
798 4395 859 4445 tbld.
875 4396 935 4445 torn.
947 4396 991 4445 Vl.
1006 4393 1053 4444 col.
1067 4397 1120 4446 tto.

1201 4475 1223 4518 b
