<?xml version="1.0" encoding="UTF-8"?>
<!DOCTYPE html PUBLIC "-//W3C//DTD XHTML 1.0 Transitional//EN"
    "http://www.w3.org/TR/xhtml1/DTD/xhtml1-transitional.dtd">
<html xmlns="http://www.w3.org/1999/xhtml" xml:lang="en" lang="en">
 <head>
  <title>
</title>
<meta http-equiv="Content-Type" content="text/html;charset=utf-8" />
  <meta name='ocr-system' content='tesseract 3.04.00' />
  <meta name='ocr-capabilities' content='ocr_page ocr_carea ocr_par ocr_line ocrx_word'/>
</head>
<body>
  <div class='ocr_page' id='page_1' title='image "./dematrimoniochr03perrgoog_0267.png"; bbox 0 0 3234 5084; ppageno 0'>
   <div class='ocr_carea' id='block_1_1' title="bbox 322 433 1303 515">
    <p class='ocr_par' dir='ltr' id='par_1_1' title="bbox 322 433 1303 515">
     <span class='ocr_line' id='line_1_1' title="bbox 322 433 1303 515; baseline -0.009 -3"><span class='ocrx_word' id='word_1_1' title='bbox 322 454 1144 515; x_wconf 61' lang='lat' dir='ltr'><strong>cmm.unsmsuamnunmnrssmirnnnru.</strong></span> <span class='ocrx_word' id='word_1_2' title='bbox 1231 433 1303 504; x_wconf 74' lang='lat' dir='ltr'><strong>ste</strong></span> 
     </span>
    </p>
   </div>
   <div class='ocr_carea' id='block_1_2' title="bbox 188 566 1306 1368">
    <p class='ocr_par' dir='ltr' id='par_1_2' title="bbox 188 566 1305 1000">
     <span class='ocr_line' id='line_1_2' title="bbox 190 566 1303 676; baseline -0.007 -22"><span class='ocrx_word' id='word_1_3' title='bbox 190 580 293 655; x_wconf 86' lang='lat' dir='ltr'><strong>mouit</strong></span> <span class='ocrx_word' id='word_1_4' title='bbox 310 578 353 653; x_wconf 89' lang='lat' dir='ltr'><strong>ad</strong></span> <span class='ocrx_word' id='word_1_5' title='bbox 372 579 419 652; x_wconf 88' lang='lat' dir='ltr'><strong>ita</strong></span> <span class='ocrx_word' id='word_1_6' title='bbox 444 605 482 653; x_wconf 89' lang='lat' dir='ltr'><strong>se</strong></span> <span class='ocrx_word' id='word_1_7' title='bbox 507 577 703 676; x_wconf 79' lang='lat' dir='ltr'><strong>gerendum,</strong></span> <span class='ocrx_word' id='word_1_8' title='bbox 729 593 801 665; x_wconf 88' lang='lat' dir='ltr'><strong>est,</strong></span> <span class='ocrx_word' id='word_1_9' title='bbox 825 575 916 676; x_wconf 88' lang='lat' dir='ltr'><strong>quod</strong></span> <span class='ocrx_word' id='word_1_10' title='bbox 941 577 1015 675; x_wconf 89' lang='lat' dir='ltr'><strong>ipse</strong></span> <span class='ocrx_word' id='word_1_11' title='bbox 1040 566 1161 671; x_wconf 82' lang='lat' dir='ltr'><strong>alleget</strong></span> <span class='ocrx_word' id='word_1_12' title='bbox 1178 588 1303 647; x_wconf 78' lang='lat' dir='ltr'><strong>texmm</strong></span> 
     </span>
     <span class='ocr_line' id='line_1_3' title="bbox 188 686 1304 794; baseline -0.006 -24"><span class='ocrx_word' id='word_1_13' title='bbox 188 695 366 783; x_wconf 73' lang='lat' dir='ltr'>Matthaei,</span> <span class='ocrx_word' id='word_1_14' title='bbox 395 722 458 794; x_wconf 91' lang='lat' dir='ltr'><strong>pro</strong></span> <span class='ocrx_word' id='word_1_15' title='bbox 482 709 572 768; x_wconf 90' lang='lat' dir='ltr'><strong>certo</strong></span> <span class='ocrx_word' id='word_1_16' title='bbox 598 709 810 767; x_wconf 83' lang='lat' dir='ltr'><strong>assumentes</strong></span> <span class='ocrx_word' id='word_1_17' title='bbox 840 691 1011 765; x_wconf 84' lang='lat' dir='ltr'><strong>Christum</strong></span> <span class='ocrx_word' id='word_1_18' title='bbox 1044 690 1152 764; x_wconf 87' lang='lat' dir='ltr'><strong>fuisse</strong></span> <span class='ocrx_word' id='word_1_19' title='bbox 1178 686 1304 763; x_wconf 91' lang='lat' dir='ltr'><strong>ibidem</strong></span> 
     </span>
     <span class='ocr_line' id='line_1_4' title="bbox 188 803 1305 911; baseline -0.007 -28"><span class='ocrx_word' id='word_1_20' title='bbox 188 809 232 883; x_wconf 89' lang='lat' dir='ltr'><strong>de</strong></span> <span class='ocrx_word' id='word_1_21' title='bbox 256 808 355 911; x_wconf 90' lang='lat' dir='ltr'><strong>plena</strong></span> <span class='ocrx_word' id='word_1_22' title='bbox 380 808 603 883; x_wconf 73' lang='lat' dir='ltr'><strong>dissolutione</strong></span> <span class='ocrx_word' id='word_1_23' title='bbox 628 807 800 895; x_wconf 90' lang='lat' dir='ltr'><strong>locutum,</strong></span> <span class='ocrx_word' id='word_1_24' title='bbox 828 805 920 907; x_wconf 91' lang='lat' dir='ltr'><strong>quod</strong></span> <span class='ocrx_word' id='word_1_25' title='bbox 944 821 1053 880; x_wconf 88' lang='lat' dir='ltr'><strong>tamen</strong></span> <span class='ocrx_word' id='word_1_26' title='bbox 1080 804 1166 878; x_wconf 81' lang='lat' dir='ltr'><strong>falso</strong></span> <span class='ocrx_word' id='word_1_27' title='bbox 1190 804 1233 878; x_wconf 90' lang='lat' dir='ltr'><strong>ab</strong></span> <span class='ocrx_word' id='word_1_28' title='bbox 1259 803 1305 876; x_wconf 91' lang='lat' dir='ltr'><strong>iis</strong></span> 
     </span>
     <span class='ocr_line' id='line_1_5' title="bbox 189 925 566 1000; baseline -0.013 0"><span class='ocrx_word' id='word_1_29' title='bbox 189 926 317 1000; x_wconf 80' lang='lat' dir='ltr'><strong>assumi</strong></span> <span class='ocrx_word' id='word_1_30' title='bbox 343 925 566 999; x_wconf 76' lang='lat' dir='ltr'><strong>ostendimus,</strong></span> 
     </span>
    </p>

    <p class='ocr_par' dir='ltr' id='par_1_3' title="bbox 189 1036 1306 1368">
     <span class='ocr_line' id='line_1_6' title="bbox 262 1036 1306 1135; baseline -0.003 -24"><span class='ocrx_word' id='word_1_31' title='bbox 262 1042 398 1113; x_wconf 89' lang='lat' dir='ltr'><strong>Possem</strong></span> <span class='ocrx_word' id='word_1_32' title='bbox 413 1039 480 1111; x_wconf 90' lang='lat' dir='ltr'><strong>alia</strong></span> <span class='ocrx_word' id='word_1_33' title='bbox 493 1037 643 1111; x_wconf 88' lang='lat' dir='ltr'><strong>eiusdem</strong></span> <span class='ocrx_word' id='word_1_34' title='bbox 658 1038 840 1111; x_wconf 91' lang='lat' dir='ltr'><strong>Clementis</strong></span> <span class='ocrx_word' id='word_1_35' title='bbox 857 1036 1048 1111; x_wconf 91' lang='lat' dir='ltr'><strong>testimonia</strong></span> <span class='ocrx_word' id='word_1_36' title='bbox 1064 1063 1200 1134; x_wconf 84' lang='lat' dir='ltr'><strong>urgere,</strong></span> <span class='ocrx_word' id='word_1_37' title='bbox 1216 1061 1306 1135; x_wconf 93' lang='lat' dir='ltr'><strong>quae</strong></span> 
     </span>
     <span class='ocr_line' id='line_1_7' title="bbox 189 1151 1304 1253; baseline -0.004 -26"><span class='ocrx_word' id='word_1_38' title='bbox 189 1154 225 1227; x_wconf 88' lang='lat' dir='ltr'><strong>in</strong></span> <span class='ocrx_word' id='word_1_39' title='bbox 249 1154 339 1227; x_wconf 90' lang='lat' dir='ltr'><strong>idem</strong></span> <span class='ocrx_word' id='word_1_40' title='bbox 361 1155 579 1253; x_wconf 87' lang='lat' dir='ltr'><strong>conspirant,</strong></span> <span class='ocrx_word' id='word_1_41' title='bbox 604 1180 719 1226; x_wconf 88' lang='lat' dir='ltr'><strong>verum</strong></span> <span class='ocrx_word' id='word_1_42' title='bbox 745 1153 801 1226; x_wconf 90' lang='lat' dir='ltr'><strong>his</strong></span> <span class='ocrx_word' id='word_1_43' title='bbox 826 1151 1093 1252; x_wconf 78' lang='lat' dir='ltr'><strong>praetermissis,</strong></span> <span class='ocrx_word' id='word_1_44' title='bbox 1115 1153 1198 1225; x_wconf 90' lang='lat' dir='ltr'><strong>satis</strong></span> <span class='ocrx_word' id='word_1_45' title='bbox 1219 1151 1304 1223; x_wconf 91' lang='lat' dir='ltr'><strong>mihi</strong></span> 
     </span>
     <span class='ocr_line' id='line_1_8' title="bbox 189 1266 1306 1368; baseline -0.002 -26"><span class='ocrx_word' id='word_1_46' title='bbox 189 1270 269 1357; x_wconf 84' lang='lat' dir='ltr'><strong>erit,</strong></span> <span class='ocrx_word' id='word_1_47' title='bbox 286 1296 427 1368; x_wconf 89' lang='lat' dir='ltr'><strong>eaquae</strong></span> <span class='ocrx_word' id='word_1_48' title='bbox 446 1269 481 1340; x_wconf 93' lang='lat' dir='ltr'><strong>in</strong></span> <span class='ocrx_word' id='word_1_49' title='bbox 500 1270 700 1368; x_wconf 85' lang='lat' dir='ltr'><strong>insequente</strong></span> <span class='ocrx_word' id='word_1_50' title='bbox 715 1266 775 1341; x_wconf 90' lang='lat' dir='ltr'><strong>lib.</strong></span> <span class='ocrx_word' id='word_1_51' title='bbox 791 1270 849 1340; x_wconf 90' lang='lat' dir='ltr'><strong>lll.</strong></span> <span class='ocrx_word' id='word_1_52' title='bbox 866 1270 1022 1342; x_wconf 85' lang='lat' dir='ltr'><strong>Stromat.</strong></span> <span class='ocrx_word' id='word_1_53' title='bbox 1040 1293 1115 1367; x_wconf 90' lang='lat' dir='ltr'><strong>cap.</strong></span> <span class='ocrx_word' id='word_1_54' title='bbox 1132 1267 1186 1339; x_wconf 88' lang='lat' dir='ltr'><strong>vl.</strong></span> <span class='ocrx_word' id='word_1_55' title='bbox 1203 1266 1306 1340; x_wconf 88' lang='lat' dir='ltr'><strong>habet</strong></span> 
     </span>
    </p>
   </div>
   <div class='ocr_carea' id='block_1_3' title="bbox 187 1379 1309 4353">
    <p class='ocr_par' dir='ltr' id='par_1_4' title="bbox 187 1379 1309 3439">
     <span class='ocr_line' id='line_1_9' title="bbox 189 1379 1307 1480; baseline -0.004 -24"><span class='ocrx_word' id='word_1_56' title='bbox 189 1383 224 1456; x_wconf 92' lang='lat' dir='ltr'><strong>in</strong></span> <span class='ocrx_word' id='word_1_57' title='bbox 250 1385 399 1457; x_wconf 89' lang='lat' dir='ltr'><strong>medium</strong></span> <span class='ocrx_word' id='word_1_58' title='bbox 424 1384 565 1470; x_wconf 77' lang='lat' dir='ltr'><strong>afferre,</strong></span> <span class='ocrx_word' id='word_1_59' title='bbox 594 1383 651 1456; x_wconf 89' lang='lat' dir='ltr'><strong>ubi</strong></span> <span class='ocrx_word' id='word_1_60' title='bbox 678 1382 807 1457; x_wconf 90' lang='lat' dir='ltr'><strong>scilicet</strong></span> <span class='ocrx_word' id='word_1_61' title='bbox 832 1382 968 1456; x_wconf 89' lang='lat' dir='ltr'><strong>scribit:</strong></span> <span class='ocrx_word' id='word_1_62' title='bbox 985 1382 1076 1455; x_wconf 84' lang='lat' dir='ltr'><strong>«Hic</strong></span> <span class='ocrx_word' id='word_1_63' title='bbox 1096 1381 1171 1480; x_wconf 76' lang='lat' dir='ltr'><strong>ip‘se</strong></span> <span class='ocrx_word' id='word_1_64' title='bbox 1190 1379 1307 1454; x_wconf 86' lang='lat' dir='ltr'><strong>Domi-</strong></span> 
     </span>
     <span class='ocr_line' id='line_1_10' title="bbox 189 1495 1306 1596; baseline -0.003 -25"><span class='ocrx_word' id='word_1_65' title='bbox 189 1526 255 1573; x_wconf 92' lang='lat' dir='ltr'><strong>nus</strong></span> <span class='ocrx_word' id='word_1_66' title='bbox 280 1499 382 1573; x_wconf 89' lang='lat' dir='ltr'><strong>dioit:</strong></span> <span class='ocrx_word' id='word_1_67' title='bbox 413 1499 508 1586; x_wconf 86' lang='lat' dir='ltr'><strong>Quod</strong></span> <span class='ocrx_word' id='word_1_68' title='bbox 533 1500 621 1571; x_wconf 82' lang='lat' dir='ltr'><strong>Deus</strong></span> <span class='ocrx_word' id='word_1_69' title='bbox 642 1500 813 1571; x_wconf 67' lang='lat' dir='ltr'><strong>coniunxit</strong></span> <span class='ocrx_word' id='word_1_70' title='bbox 838 1499 929 1570; x_wconf 83' lang='lat' dir='ltr'><strong>bomo</strong></span> <span class='ocrx_word' id='word_1_71' title='bbox 952 1524 1017 1570; x_wconf 81' lang='lat' dir='ltr'><strong>non</strong></span> <span class='ocrx_word' id='word_1_72' title='bbox 1040 1495 1306 1596; x_wconf 78' lang='lat' dir='ltr'><strong>separet...lllud</strong></span> 
     </span>
     <span class='ocr_line' id='line_1_11' title="bbox 191 1611 1302 1711; baseline -0.005 -24"><span class='ocrx_word' id='word_1_73' title='bbox 191 1628 321 1687; x_wconf 91' lang='lat' dir='ltr'><strong>autem:</strong></span> <span class='ocrx_word' id='word_1_74' title='bbox 342 1613 418 1688; x_wconf 82' lang='lat' dir='ltr'><strong>Non</strong></span> <span class='ocrx_word' id='word_1_75' title='bbox 443 1639 549 1686; x_wconf 79' lang='lat' dir='ltr'><strong>omnes</strong></span> <span class='ocrx_word' id='word_1_76' title='bbox 575 1615 709 1711; x_wconf 81' lang='lat' dir='ltr'><strong>copiunt</strong></span> <span class='ocrx_word' id='word_1_77' title='bbox 734 1613 869 1686; x_wconf 81' lang='lat' dir='ltr'><strong>uerbum</strong></span> <span class='ocrx_word' id='word_1_78' title='bbox 890 1613 969 1698; x_wconf 80' lang='lat' dir='ltr'><strong>ltoc;</strong></span> <span class='ocrx_word' id='word_1_79' title='bbox 990 1628 1020 1685; x_wconf 84' lang='lat' dir='ltr'><strong>et</strong></span> <span class='ocrx_word' id='word_1_80' title='bbox 1045 1626 1122 1685; x_wconf 84' lang='lat' dir='ltr'><strong>auat</strong></span> <span class='ocrx_word' id='word_1_81' title='bbox 1145 1611 1302 1696; x_wconf 76' lang='lat' dir='ltr'><strong>conuehi,</strong></span> 
     </span>
     <span class='ocr_line' id='line_1_12' title="bbox 191 1726 1307 1828; baseline -0.004 -27"><span class='ocrx_word' id='word_1_82' title='bbox 191 1730 250 1828; x_wconf 80' lang='lat' dir='ltr'><strong>qui</strong></span> <span class='ocrx_word' id='word_1_83' title='bbox 275 1731 324 1801; x_wconf 84' lang='lat' dir='ltr'><strong>sic</strong></span> <span class='ocrx_word' id='word_1_84' title='bbox 351 1731 427 1801; x_wconf 81' lang='lat' dir='ltr'><strong>noti</strong></span> <span class='ocrx_word' id='word_1_85' title='bbox 447 1742 525 1801; x_wconf 82' lang='lat' dir='ltr'><strong>sunt</strong></span> <span class='ocrx_word' id='word_1_86' title='bbox 537 1757 549 1813; x_wconf 91' lang='lat'><strong>,·</strong></span> <span class='ocrx_word' id='word_1_87' title='bbox 576 1743 608 1800; x_wconf 82' lang='lat' dir='ltr'><strong>ct</strong></span> <span class='ocrx_word' id='word_1_88' title='bbox 630 1743 707 1800; x_wconf 84' lang='lat' dir='ltr'><strong>sunt</strong></span> <span class='ocrx_word' id='word_1_89' title='bbox 731 1728 889 1812; x_wconf 81' lang='lat' dir='ltr'><strong>cunuchi,</strong></span> <span class='ocrx_word' id='word_1_90' title='bbox 919 1729 979 1826; x_wconf 84' lang='lat' dir='ltr'><strong>qui</strong></span> <span class='ocrx_word' id='word_1_91' title='bbox 1002 1728 1141 1800; x_wconf 65' lang='lat' dir='ltr'><strong>coecati</strong></span> <span class='ocrx_word' id='word_1_92' title='bbox 1162 1740 1239 1799; x_wconf 79' lang='lat' dir='ltr'><strong>sunt</strong></span> <span class='ocrx_word' id='word_1_93' title='bbox 1263 1726 1307 1799; x_wconf 85' lang='lat' dir='ltr'><strong>ab</strong></span> 
     </span>
     <span class='ocr_line' id='line_1_13' title="bbox 192 1843 1307 1942; baseline -0.002 -27"><span class='ocrx_word' id='word_1_94' title='bbox 192 1843 393 1917; x_wconf 74' lang='lat' dir='ltr'><strong>hominihus:</strong></span> <span class='ocrx_word' id='word_1_95' title='bbox 406 1858 437 1916; x_wconf 82' lang='lat' dir='ltr'><strong>et</strong></span> <span class='ocrx_word' id='word_1_96' title='bbox 448 1859 524 1916; x_wconf 81' lang='lat' dir='ltr'><strong>sunt</strong></span> <span class='ocrx_word' id='word_1_97' title='bbox 537 1844 692 1928; x_wconf 74' lang='lat' dir='ltr'><strong>cunuchi,</strong></span> <span class='ocrx_word' id='word_1_98' title='bbox 710 1844 770 1942; x_wconf 79' lang='lat' dir='ltr'><strong>qui</strong></span> <span class='ocrx_word' id='word_1_99' title='bbox 779 1869 813 1915; x_wconf 84' lang='lat' dir='ltr'><strong>sc</strong></span> <span class='ocrx_word' id='word_1_100' title='bbox 830 1845 918 1941; x_wconf 78' lang='lat' dir='ltr'><strong>ipsos</strong></span> <span class='ocrx_word' id='word_1_101' title='bbox 935 1856 1160 1915; x_wconf 80' lang='lat' dir='ltr'><strong>castraverunt</strong></span> <span class='ocrx_word' id='word_1_102' title='bbox 1171 1855 1307 1940; x_wconf 83' lang='lat' dir='ltr'><strong>propter</strong></span> 
     </span>
     <span class='ocr_line' id='line_1_14' title="bbox 188 1955 1306 2058; baseline -0.001 -27"><span class='ocrx_word' id='word_1_103' title='bbox 188 1985 325 2058; x_wconf 75' lang='lat' dir='ltr'><strong>requam</strong></span> <span class='ocrx_word' id='word_1_104' title='bbox 345 1960 515 2032; x_wconf 82' lang='lat' dir='ltr'><strong>coelorum.</strong></span> <span class='ocrx_word' id='word_1_105' title='bbox 538 1958 606 2045; x_wconf 75' lang='lat' dir='ltr'><strong>Qut</strong></span> <span class='ocrx_word' id='word_1_106' title='bbox 623 1972 729 2057; x_wconf 80' lang='lat' dir='ltr'><strong>potest</strong></span> <span class='ocrx_word' id='word_1_107' title='bbox 749 1984 863 2057; x_wconf 83' lang='lat' dir='ltr'><strong>capere</strong></span> <span class='ocrx_word' id='word_1_108' title='bbox 887 1959 1016 2056; x_wconf 81' lang='lat' dir='ltr'><strong>capiat:</strong></span> <span class='ocrx_word' id='word_1_109' title='bbox 1042 1958 1198 2031; x_wconf 87' lang='lat' dir='ltr'><strong>nesciunt</strong></span> <span class='ocrx_word' id='word_1_110' title='bbox 1214 1955 1306 2056; x_wconf 90' lang='lat' dir='ltr'><strong>quod</strong></span> 
     </span>
     <span class='ocr_line' id='line_1_15' title="bbox 190 2072 1308 2174; baseline -0.004 -25"><span class='ocrx_word' id='word_1_111' title='bbox 190 2092 369 2174; x_wconf 88' lang='lat' dir='ltr'><strong>postquam</strong></span> <span class='ocrx_word' id='word_1_112' title='bbox 396 2074 439 2147; x_wconf 89' lang='lat' dir='ltr'><strong>de</strong></span> <span class='ocrx_word' id='word_1_113' title='bbox 464 2073 607 2148; x_wconf 90' lang='lat' dir='ltr'><strong>divortio</strong></span> <span class='ocrx_word' id='word_1_114' title='bbox 632 2088 724 2147; x_wconf 89' lang='lat' dir='ltr'><strong>esset</strong></span> <span class='ocrx_word' id='word_1_115' title='bbox 749 2072 896 2160; x_wconf 89' lang='lat' dir='ltr'><strong>locutus,</strong></span> <span class='ocrx_word' id='word_1_116' title='bbox 924 2099 1000 2146; x_wconf 91' lang='lat' dir='ltr'><strong>cum</strong></span> <span class='ocrx_word' id='word_1_117' title='bbox 1027 2072 1164 2171; x_wconf 89' lang='lat' dir='ltr'><strong>quidam</strong></span> <span class='ocrx_word' id='word_1_118' title='bbox 1190 2097 1308 2170; x_wconf 81' lang='lat' dir='ltr'><strong>rogas·</strong></span> 
     </span>
     <span class='ocr_line' id='line_1_16' title="bbox 191 2186 1306 2287; baseline -0.004 -26"><span class='ocrx_word' id='word_1_119' title='bbox 191 2203 285 2277; x_wconf 81' lang='lat' dir='ltr'><strong>sont,</strong></span> <span class='ocrx_word' id='word_1_120' title='bbox 313 2188 342 2262; x_wconf 92' lang='lat' dir='ltr'><strong>si</strong></span> <span class='ocrx_word' id='word_1_121' title='bbox 370 2188 420 2263; x_wconf 89' lang='lat' dir='ltr'><strong>sic</strong></span> <span class='ocrx_word' id='word_1_122' title='bbox 440 2188 485 2262; x_wconf 94' lang='lat' dir='ltr'><strong>sit</strong></span> <span class='ocrx_word' id='word_1_123' title='bbox 501 2213 605 2262; x_wconf 90' lang='lat' dir='ltr'><strong>causa</strong></span> <span class='ocrx_word' id='word_1_124' title='bbox 624 2189 756 2276; x_wconf 83' lang='lat' dir='ltr'><strong>uxoris,</strong></span> <span class='ocrx_word' id='word_1_125' title='bbox 776 2213 842 2261; x_wconf 93' lang='lat' dir='ltr'><strong>non</strong></span> <span class='ocrx_word' id='word_1_126' title='bbox 860 2187 997 2287; x_wconf 84' lang='lat' dir='ltr'><strong>expedit</strong></span> <span class='ocrx_word' id='word_1_127' title='bbox 1016 2186 1145 2260; x_wconf 92' lang='lat' dir='ltr'><strong>homini</strong></span> <span class='ocrx_word' id='word_1_128' title='bbox 1168 2211 1306 2259; x_wconf 85' lang='lat' dir='ltr'><strong>uxorem</strong></span> 
     </span>
     <span class='ocr_line' id='line_1_17' title="bbox 190 2301 1308 2400; baseline -0.003 -24"><span class='ocrx_word' id='word_1_129' title='bbox 190 2302 332 2391; x_wconf 87' lang='lat' dir='ltr'><strong>ducere,</strong></span> <span class='ocrx_word' id='word_1_130' title='bbox 356 2320 436 2378; x_wconf 88' lang='lat' dir='ltr'><strong>tunc</strong></span> <span class='ocrx_word' id='word_1_131' title='bbox 461 2303 547 2376; x_wconf 79' lang='lat' dir='ltr'><strong>dixit</strong></span> <span class='ocrx_word' id='word_1_132' title='bbox 570 2304 755 2377; x_wconf 86' lang='lat' dir='ltr'><strong>Dominus:</strong></span> <span class='ocrx_word' id='word_1_133' title='bbox 783 2303 859 2376; x_wconf 85' lang='lat' dir='ltr'><strong>Non</strong></span> <span class='ocrx_word' id='word_1_134' title='bbox 884 2329 990 2375; x_wconf 82' lang='lat' dir='ltr'><strong>omnes</strong></span> <span class='ocrx_word' id='word_1_135' title='bbox 1015 2305 1150 2400; x_wconf 80' lang='lat' dir='ltr'><strong>capiunt</strong></span> <span class='ocrx_word' id='word_1_136' title='bbox 1173 2301 1308 2373; x_wconf 84' lang='lat' dir='ltr'><strong>verbum</strong></span> 
     </span>
     <span class='ocr_line' id='line_1_18' title="bbox 190 2416 1306 2518; baseline 0.001 -29"><span class='ocrx_word' id='word_1_137' title='bbox 190 2418 264 2504; x_wconf 83' lang='lat' dir='ltr'><strong>boo,</strong></span> <span class='ocrx_word' id='word_1_138' title='bbox 292 2418 350 2492; x_wconf 83' lang='lat' dir='ltr'><strong>scd</strong></span> <span class='ocrx_word' id='word_1_139' title='bbox 374 2419 493 2518; x_wconf 76' lang='lat' dir='ltr'><strong>quibus</strong></span> <span class='ocrx_word' id='word_1_140' title='bbox 517 2419 631 2492; x_wconf 86' lang='lat' dir='ltr'><strong>dotum</strong></span> <span class='ocrx_word' id='word_1_141' title='bbox 654 2435 713 2492; x_wconf 79' lang='lat' dir='ltr'><strong>est.</strong></span> <span class='ocrx_word' id='word_1_142' title='bbox 730 2419 802 2492; x_wconf 88' lang='lat' dir='ltr'><strong>Hoc</strong></span> <span class='ocrx_word' id='word_1_143' title='bbox 823 2433 934 2491; x_wconf 89' lang='lat' dir='ltr'><strong>autem</strong></span> <span class='ocrx_word' id='word_1_144' title='bbox 960 2417 1018 2517; x_wconf 90' lang='lat' dir='ltr'><strong>qui</strong></span> <span class='ocrx_word' id='word_1_145' title='bbox 1045 2416 1227 2515; x_wconf 80' lang='lat' dir='ltr'><strong>rogabant,</strong></span> <span class='ocrx_word' id='word_1_146' title='bbox 1247 2442 1306 2490; x_wconf 88' lang='lat' dir='ltr'><strong>vo-</strong></span> 
     </span>
     <span class='ocr_line' id='line_1_19' title="bbox 188 2533 1308 2633; baseline -0.001 -26"><span class='ocrx_word' id='word_1_147' title='bbox 188 2533 303 2609; x_wconf 87' lang='lat' dir='ltr'><strong>lebant</strong></span> <span class='ocrx_word' id='word_1_148' title='bbox 327 2562 368 2609; x_wconf 83' lang='lat' dir='ltr'><strong>ex</strong></span> <span class='ocrx_word' id='word_1_149' title='bbox 393 2562 434 2609; x_wconf 90' lang='lat' dir='ltr'><strong>eo</strong></span> <span class='ocrx_word' id='word_1_150' title='bbox 460 2536 567 2623; x_wconf 88' lang='lat' dir='ltr'><strong>scire,</strong></span> <span class='ocrx_word' id='word_1_151' title='bbox 595 2562 640 2608; x_wconf 91' lang='lat' dir='ltr'><strong>an</strong></span> <span class='ocrx_word' id='word_1_152' title='bbox 664 2562 767 2610; x_wconf 76' lang='lat' dir='ltr'><strong>uxore</strong></span> <span class='ocrx_word' id='word_1_153' title='bbox 792 2535 952 2607; x_wconf 89' lang='lat' dir='ltr'><strong>damnata</strong></span> <span class='ocrx_word' id='word_1_154' title='bbox 975 2552 1008 2607; x_wconf 89' lang='lat' dir='ltr'><strong>at</strong></span> <span class='ocrx_word' id='word_1_155' title='bbox 1032 2535 1139 2607; x_wconf 90' lang='lat' dir='ltr'><strong>eiecta</strong></span> <span class='ocrx_word' id='word_1_156' title='bbox 1171 2548 1308 2633; x_wconf 87' lang='lat' dir='ltr'><strong>propter</strong></span> 
     </span>
     <span class='ocr_line' id='line_1_20' title="bbox 188 2649 1307 2740; baseline 0 -17"><span class='ocrx_word' id='word_1_157' title='bbox 188 2650 457 2740; x_wconf 80' lang='lat' dir='ltr'><strong>fornicationem,</strong></span> <span class='ocrx_word' id='word_1_158' title='bbox 485 2651 647 2725; x_wconf 89' lang='lat' dir='ltr'><strong>concedat</strong></span> <span class='ocrx_word' id='word_1_159' title='bbox 671 2651 771 2724; x_wconf 89' lang='lat' dir='ltr'><strong>aliam</strong></span> <span class='ocrx_word' id='word_1_160' title='bbox 796 2651 931 2724; x_wconf 87' lang='lat' dir='ltr'><strong>ducere.</strong></span> <span class='ocrx_word' id='word_1_161' title='bbox 949 2650 1050 2722; x_wconf 83' lang='lat' dir='ltr'><strong>Aiunt</strong></span> <span class='ocrx_word' id='word_1_162' title='bbox 1069 2666 1181 2723; x_wconf 91' lang='lat' dir='ltr'><strong>autem</strong></span> <span class='ocrx_word' id='word_1_163' title='bbox 1198 2649 1307 2723; x_wconf 88' lang='lat' dir='ltr'><strong>athle-</strong></span> 
     </span>
     <span class='ocr_line' id='line_1_21' title="bbox 189 2766 1308 2867; baseline -0.001 -29"><span class='ocrx_word' id='word_1_164' title='bbox 189 2780 242 2838; x_wconf 89' lang='lat' dir='ltr'><strong>tas</strong></span> <span class='ocrx_word' id='word_1_165' title='bbox 267 2792 402 2866; x_wconf 88' lang='lat' dir='ltr'><strong>quoque</strong></span> <span class='ocrx_word' id='word_1_166' title='bbox 426 2793 494 2841; x_wconf 90' lang='lat' dir='ltr'><strong>non</strong></span> <span class='ocrx_word' id='word_1_167' title='bbox 522 2793 648 2867; x_wconf 87' lang='lat' dir='ltr'><strong>paucos</strong></span> <span class='ocrx_word' id='word_1_168' title='bbox 670 2766 840 2840; x_wconf 87' lang='lat' dir='ltr'><strong>abstinere</strong></span> <span class='ocrx_word' id='word_1_169' title='bbox 856 2792 877 2839; x_wconf 89' lang='lat' dir='ltr'><strong>a</strong></span> <span class='ocrx_word' id='word_1_170' title='bbox 892 2770 1035 2852; x_wconf 66' lang='lat' dir='ltr'><strong>venem,</strong></span> <span class='ocrx_word' id='word_1_171' title='bbox 1057 2782 1194 2864; x_wconf 85' lang='lat' dir='ltr'><strong>propter</strong></span> <span class='ocrx_word' id='word_1_172' title='bbox 1213 2792 1308 2839; x_wconf 79' lang='lat' dir='ltr'><strong>exer-</strong></span> 
     </span>
     <span class='ocr_line' id='line_1_22' title="bbox 190 2878 1309 2981; baseline 0.004 -30"><span class='ocrx_word' id='word_1_173' title='bbox 190 2878 379 2953; x_wconf 78' lang='lat' dir='ltr'><strong>citationem</strong></span> <span class='ocrx_word' id='word_1_174' title='bbox 404 2881 555 2981; x_wconf 86' lang='lat' dir='ltr'><strong>oorporis</strong></span> <span class='ocrx_word' id='word_1_175' title='bbox 575 2881 796 2955; x_wconf 87' lang='lat' dir='ltr'><strong>continentes.</strong></span> <span class='ocrx_word' id='word_1_176' title='bbox 814 2880 926 2967; x_wconf 82' lang='lat' dir='ltr'><strong>Quare</strong></span> <span class='ocrx_word' id='word_1_177' title='bbox 942 2905 1004 2953; x_wconf 91' lang='lat' dir='ltr'><strong>neo</strong></span> <span class='ocrx_word' id='word_1_178' title='bbox 1021 2879 1160 2954; x_wconf 89' lang='lat' dir='ltr'><strong>castitas</strong></span> <span class='ocrx_word' id='word_1_179' title='bbox 1178 2896 1232 2955; x_wconf 89' lang='lat' dir='ltr'><strong>est</strong></span> <span class='ocrx_word' id='word_1_180' title='bbox 1246 2881 1309 2955; x_wconf 93' lang='lat' dir='ltr'><strong>bo·</strong></span> 
     </span>
     <span class='ocr_line' id='line_1_23' title="bbox 191 2990 1304 3096; baseline 0.005 -32"><span class='ocrx_word' id='word_1_181' title='bbox 191 3018 273 3065; x_wconf 90' lang='lat' dir='ltr'><strong>num</strong></span> <span class='ocrx_word' id='word_1_182' title='bbox 285 2990 523 3082; x_wconf 65' lang='lat' dir='ltr'><strong>et&#39;exuirtute,</strong></span> <span class='ocrx_word' id='word_1_183' title='bbox 540 2996 607 3069; x_wconf 90' lang='lat' dir='ltr'><strong>nisi</strong></span> <span class='ocrx_word' id='word_1_184' title='bbox 628 2996 688 3070; x_wconf 84' lang='lat' dir='ltr'><strong>fiat</strong></span> <span class='ocrx_word' id='word_1_185' title='bbox 707 3012 842 3096; x_wconf 87' lang='lat' dir='ltr'><strong>propter</strong></span> <span class='ocrx_word' id='word_1_186' title='bbox 861 2995 1073 3069; x_wconf 89' lang='lat' dir='ltr'><strong>dilectionem</strong></span> <span class='ocrx_word' id='word_1_187' title='bbox 1095 2996 1130 3069; x_wconf 90' lang='lat' dir='ltr'><strong>in</strong></span> <span class='ocrx_word' id='word_1_188' title='bbox 1150 2997 1304 3070; x_wconf 85' lang='lat' dir='ltr'><strong>Deum...</strong></span> 
     </span>
     <span class='ocr_line' id='line_1_24' title="bbox 189 3107 1308 3212; baseline 0.004 -32"><span class='ocrx_word' id='word_1_189' title='bbox 189 3107 283 3181; x_wconf 90' lang='lat' dir='ltr'><strong>Idem</strong></span> <span class='ocrx_word' id='word_1_190' title='bbox 308 3128 419 3183; x_wconf 89' lang='lat' dir='ltr'><strong>autem</strong></span> <span class='ocrx_word' id='word_1_191' title='bbox 449 3115 461 3208; x_wconf 90' lang='lat'>(</span> <span class='ocrx_word' id='word_1_192' title='bbox 473 3109 647 3211; x_wconf 90' lang='lat' dir='ltr'><strong>apostolus</strong></span> <span class='ocrx_word' id='word_1_193' title='bbox 667 3111 815 3207; x_wconf 89' lang='lat' dir='ltr'><strong>Paulus)</strong></span> <span class='ocrx_word' id='word_1_194' title='bbox 844 3111 903 3185; x_wconf 93' lang='lat' dir='ltr'><strong>illa</strong></span> <span class='ocrx_word' id='word_1_195' title='bbox 929 3138 1064 3212; x_wconf 89' lang='lat' dir='ltr'><strong>quoque</strong></span> <span class='ocrx_word' id='word_1_196' title='bbox 1090 3112 1225 3186; x_wconf 86' lang='lat' dir='ltr'><strong>scribit:</strong></span> <span class='ocrx_word' id='word_1_197' title='bbox 1250 3113 1308 3187; x_wconf 79' lang='lat' dir='ltr'><strong>dl-</strong></span> 
     </span>
     <span class='ocr_line' id='line_1_25' title="bbox 191 3224 1304 3324; baseline 0.004 -29"><span class='ocrx_word' id='word_1_198' title='bbox 191 3224 312 3322; x_wconf 70' lang='lat' dir='ltr'><strong>lt&#39;qctus</strong></span> <span class='ocrx_word' id='word_1_199' title='bbox 330 3251 365 3298; x_wconf 77' lang='lat' dir='ltr'><strong>cs</strong></span> <span class='ocrx_word' id='word_1_200' title='bbox 384 3227 502 3311; x_wconf 63' lang='lat' dir='ltr'><strong>nana,</strong></span> <span class='ocrx_word' id='word_1_201' title='bbox 518 3252 558 3298; x_wconf 78' lang='lat' dir='ltr'><strong>ne</strong></span> <span class='ocrx_word' id='word_1_202' title='bbox 571 3251 710 3324; x_wconf 80' lang='lat' dir='ltr'><strong>quaeres</strong></span> <span class='ocrx_word' id='word_1_203' title='bbox 724 3227 927 3300; x_wconf 80' lang='lat' dir='ltr'><strong>solutionem.</strong></span> <span class='ocrx_word' id='word_1_204' title='bbox 943 3228 1077 3300; x_wconf 86' lang='lat' dir='ltr'><strong>Solutus</strong></span> <span class='ocrx_word' id='word_1_205' title='bbox 1089 3254 1122 3300; x_wconf 86' lang='lat' dir='ltr'><strong>cs</strong></span> <span class='ocrx_word' id='word_1_206' title='bbox 1134 3227 1176 3300; x_wconf 85' lang='lat' dir='ltr'><strong>ab</strong></span> <span class='ocrx_word' id='word_1_207' title='bbox 1189 3254 1304 3313; x_wconf 80' lang='lat' dir='ltr'><strong>ucorc,</strong></span> 
     </span>
     <span class='ocr_line' id='line_1_26' title="bbox 187 3342 679 3439; baseline -0.004 -27"><span class='ocrx_word' id='word_1_208' title='bbox 187 3365 227 3412; x_wconf 76' lang='lat' dir='ltr'><strong>aa</strong></span> <span class='ocrx_word' id='word_1_209' title='bbox 251 3366 391 3439; x_wconf 80' lang='lat' dir='ltr'><strong>quaeras</strong></span> <span class='ocrx_word' id='word_1_210' title='bbox 412 3366 549 3413; x_wconf 73' lang='lat' dir='ltr'><strong>uxoren</strong></span> <span class='ocrx_word' id='word_1_211' title='bbox 564 3342 679 3437; x_wconf 78' lang='grc'><strong>(45).»</strong></span> 
     </span>
    </p>

    <p class='ocr_par' dir='ltr' id='par_1_5' title="bbox 187 3455 1309 4353">
     <span class='ocr_line' id='line_1_27' title="bbox 260 3455 1306 3554; baseline 0.003 -28"><span class='ocrx_word' id='word_1_212' title='bbox 260 3455 602 3531; x_wconf 80' lang='lat' dir='ltr'><strong>Animadvertendum</strong></span> <span class='ocrx_word' id='word_1_213' title='bbox 636 3480 737 3554; x_wconf 89' lang='lat' dir='ltr'><strong>porro</strong></span> <span class='ocrx_word' id='word_1_214' title='bbox 761 3472 832 3544; x_wconf 89' lang='lat' dir='ltr'><strong>est,</strong></span> <span class='ocrx_word' id='word_1_215' title='bbox 862 3456 1065 3530; x_wconf 83' lang='lat' dir='ltr'><strong>Clementem</strong></span> <span class='ocrx_word' id='word_1_216' title='bbox 1092 3456 1170 3530; x_wconf 88' lang='lat' dir='ltr'><strong>heic</strong></span> <span class='ocrx_word' id='word_1_217' title='bbox 1201 3472 1306 3531; x_wconf 90' lang='lat' dir='ltr'><strong>totum</strong></span> 
     </span>
     <span class='ocr_line' id='line_1_28' title="bbox 188 3570 1307 3669; baseline 0.001 -24"><span class='ocrx_word' id='word_1_218' title='bbox 188 3596 265 3645; x_wconf 89' lang='lat' dir='ltr'><strong>esse</strong></span> <span class='ocrx_word' id='word_1_219' title='bbox 288 3571 323 3643; x_wconf 92' lang='lat' dir='ltr'><strong>in</strong></span> <span class='ocrx_word' id='word_1_220' title='bbox 349 3570 554 3644; x_wconf 87' lang='lat' dir='ltr'><strong>vindicanda</strong></span> <span class='ocrx_word' id='word_1_221' title='bbox 578 3571 771 3669; x_wconf 87' lang='lat' dir='ltr'><strong>nuptiarum</strong></span> <span class='ocrx_word' id='word_1_222' title='bbox 797 3571 973 3646; x_wconf 88' lang='lat' dir='ltr'><strong>honestate</strong></span> <span class='ocrx_word' id='word_1_223' title='bbox 998 3588 1031 3645; x_wconf 90' lang='lat' dir='ltr'><strong>et</strong></span> <span class='ocrx_word' id='word_1_224' title='bbox 1055 3572 1232 3646; x_wconf 86' lang='lat' dir='ltr'><strong>sanctitate</strong></span> <span class='ocrx_word' id='word_1_225' title='bbox 1250 3571 1307 3646; x_wconf 92' lang='lat' dir='ltr'><strong>ad-</strong></span> 
     </span>
     <span class='ocr_line' id='line_1_29' title="bbox 188 3684 1304 3786; baseline 0.001 -26"><span class='ocrx_word' id='word_1_226' title='bbox 188 3710 308 3760; x_wconf 80' lang='lat' dir='ltr'><strong>uersus</strong></span> <span class='ocrx_word' id='word_1_227' title='bbox 326 3685 513 3761; x_wconf 86' lang='lat' dir='ltr'><strong>haereticos</strong></span> <span class='ocrx_word' id='word_1_228' title='bbox 532 3684 623 3758; x_wconf 90' lang='lat' dir='ltr'><strong>illius</strong></span> <span class='ocrx_word' id='word_1_229' title='bbox 639 3685 758 3759; x_wconf 88' lang='lat' dir='ltr'><strong>aetatis</strong></span> <span class='ocrx_word' id='word_1_230' title='bbox 776 3684 852 3759; x_wconf 91' lang='lat' dir='ltr'><strong>illas</strong></span> <span class='ocrx_word' id='word_1_231' title='bbox 872 3686 921 3759; x_wconf 87' lang='lat' dir='ltr'><strong>uti</strong></span> <span class='ocrx_word' id='word_1_232' title='bbox 942 3701 1055 3786; x_wconf 89' lang='lat' dir='ltr'><strong>turpes</strong></span> <span class='ocrx_word' id='word_1_233' title='bbox 1073 3686 1304 3776; x_wconf 80' lang='lat' dir='ltr'><strong>traducentes,</strong></span> 
     </span>
     <span class='ocr_line' id='line_1_30' title="bbox 189 3801 1309 3903; baseline 0.003 -30"><span class='ocrx_word' id='word_1_234' title='bbox 189 3826 257 3875; x_wconf 88' lang='lat' dir='ltr'><strong>non</strong></span> <span class='ocrx_word' id='word_1_235' title='bbox 282 3801 359 3876; x_wconf 92' lang='lat' dir='ltr'><strong>ideo</strong></span> <span class='ocrx_word' id='word_1_236' title='bbox 383 3804 559 3903; x_wconf 87' lang='lat' dir='ltr'><strong>propterea</strong></span> <span class='ocrx_word' id='word_1_237' title='bbox 591 3801 719 3875; x_wconf 78' lang='lat' dir='ltr'><strong>dixisse</strong></span> <span class='ocrx_word' id='word_1_238' title='bbox 744 3802 915 3875; x_wconf 85' lang='lat' dir='ltr'><strong>Christum</strong></span> <span class='ocrx_word' id='word_1_239' title='bbox 949 3801 1229 3876; x_wconf 90' lang='lat' dir='ltr'><strong>sciscitantibus:</strong></span> <span class='ocrx_word' id='word_1_240' title='bbox 1263 3829 1309 3876; x_wconf 80' lang='lat' dir='ltr'><strong>cn</strong></span> 
     </span>
     <span class='ocr_line' id='line_1_31' title="bbox 188 3917 1309 4017; baseline 0.001 -28"><span class='ocrx_word' id='word_1_241' title='bbox 188 3941 291 3989; x_wconf 71' lang='lat' dir='ltr'><strong>umore</strong></span> <span class='ocrx_word' id='word_1_242' title='bbox 303 3917 460 3991; x_wconf 57' lang='lat' dir='ltr'><strong>&amp;mnata</strong></span> <span class='ocrx_word' id='word_1_243' title='bbox 472 3933 503 3989; x_wconf 88' lang='lat' dir='ltr'><strong>ct</strong></span> <span class='ocrx_word' id='word_1_244' title='bbox 516 3920 616 3990; x_wconf 79' lang='lat' dir='ltr'><strong>eiecta</strong></span> <span class='ocrx_word' id='word_1_245' title='bbox 628 3932 764 4016; x_wconf 82' lang='lat' dir='ltr'><strong>propter</strong></span> <span class='ocrx_word' id='word_1_246' title='bbox 781 3918 1028 4017; x_wconf 77' lang='lat' dir='ltr'><strong>fornicationem</strong></span> <span class='ocrx_word' id='word_1_247' title='bbox 1039 3918 1192 3991; x_wconf 77' lang='lat' dir='ltr'><strong>concedat</strong></span> <span class='ocrx_word' id='word_1_248' title='bbox 1204 3918 1309 3991; x_wconf 81' lang='lat' dir='ltr'><strong>aliem</strong></span> 
     </span>
     <span class='ocr_line' id='line_1_32' title="bbox 188 4030 1308 4133; baseline 0.002 -29"><span class='ocrx_word' id='word_1_249' title='bbox 188 4030 318 4117; x_wconf 81' lang='lat' dir='ltr'><strong>docere,</strong></span> <span class='ocrx_word' id='word_1_250' title='bbox 347 4031 384 4104; x_wconf 96' lang='lat' dir='ltr'><strong>id</strong></span> <span class='ocrx_word' id='word_1_251' title='bbox 409 4033 613 4120; x_wconf 85' lang='lat' dir='ltr'><strong>concedere3</strong></span> <span class='ocrx_word' id='word_1_252' title='bbox 648 4034 707 4107; x_wconf 92' lang='lat' dir='ltr'><strong>sed</strong></span> <span class='ocrx_word' id='word_1_253' title='bbox 734 4032 845 4133; x_wconf 90' lang='lat' dir='ltr'><strong>potius</strong></span> <span class='ocrx_word' id='word_1_254' title='bbox 872 4032 993 4105; x_wconf 83' lang='lat' dir='ltr'><strong>exinde</strong></span> <span class='ocrx_word' id='word_1_255' title='bbox 1019 4032 1179 4106; x_wconf 87' lang='lat' dir='ltr'><strong>laudandi</strong></span> <span class='ocrx_word' id='word_1_256' title='bbox 1204 4033 1308 4107; x_wconf 84' lang='lat' dir='ltr'><strong>vitam</strong></span> 
     </span>
     <span class='ocr_line' id='line_1_33' title="bbox 187 4146 1309 4251; baseline 0.002 -30"><span class='ocrx_word' id='word_1_257' title='bbox 187 4146 413 4221; x_wconf 83' lang='lat' dir='ltr'><strong>continentem</strong></span> <span class='ocrx_word' id='word_1_258' title='bbox 430 4150 642 4223; x_wconf 89' lang='lat' dir='ltr'><strong>occasionem</strong></span> <span class='ocrx_word' id='word_1_259' title='bbox 660 4150 780 4233; x_wconf 87' lang='lat' dir='ltr'><strong>sumit,</strong></span> <span class='ocrx_word' id='word_1_260' title='bbox 805 4148 1010 4223; x_wconf 89' lang='lat' dir='ltr'><strong>contrarium</strong></span> <span class='ocrx_word' id='word_1_261' title='bbox 1032 4149 1168 4222; x_wconf 90' lang='lat' dir='ltr'><strong>omnino</strong></span> <span class='ocrx_word' id='word_1_262' title='bbox 1186 4175 1309 4251; x_wconf 79' lang='lat' dir='ltr'><strong>suppo</strong></span> 
     </span>
     <span class='ocr_line' id='line_1_34' title="bbox 187 4262 1309 4353; baseline 0.004 -20"><span class='ocrx_word' id='word_1_263' title='bbox 187 4285 292 4349; x_wconf 90' lang='lat' dir='ltr'><strong>nens,</strong></span> <span class='ocrx_word' id='word_1_264' title='bbox 320 4279 355 4337; x_wconf 91' lang='lat' dir='ltr'><strong>et</strong></span> <span class='ocrx_word' id='word_1_265' title='bbox 378 4263 443 4337; x_wconf 86' lang='lat' dir='ltr'><strong>hac</strong></span> <span class='ocrx_word' id='word_1_266' title='bbox 469 4263 512 4337; x_wconf 90' lang='lat' dir='ltr'><strong>de</strong></span> <span class='ocrx_word' id='word_1_267' title='bbox 535 4289 640 4338; x_wconf 88' lang='lat' dir='ltr'><strong>causa</strong></span> <span class='ocrx_word' id='word_1_268' title='bbox 665 4264 807 4338; x_wconf 85' lang='lat' dir='ltr'><strong>adducit·</strong></span> <span class='ocrx_word' id='word_1_269' title='bbox 833 4263 959 4337; x_wconf 87' lang='lat' dir='ltr'><strong>Christi</strong></span> <span class='ocrx_word' id='word_1_270' title='bbox 985 4262 1183 4338; x_wconf 87' lang='lat' dir='ltr'><strong>oraculum:</strong></span> <span class='ocrx_word' id='word_1_271' title='bbox 1213 4264 1309 4353; x_wconf 83' lang='lat' dir='ltr'><strong>Quod</strong></span> 
     </span>
    </p>
   </div>
   <div class='ocr_carea' id='block_1_4' title="bbox 262 4412 1144 4481">
    <p class='ocr_par' dir='ltr' id='par_1_6' title="bbox 262 4412 1144 4481">
     <span class='ocr_line' id='line_1_35' title="bbox 262 4412 1144 4481; baseline 0.005 -17"><span class='ocrx_word' id='word_1_272' title='bbox 262 4412 313 4478; x_wconf 79' lang='lat' dir='ltr'><strong>(ts)</strong></span> <span class='ocrx_word' id='word_1_273' title='bbox 329 4412 376 4465; x_wconf 77' lang='lat' dir='ltr'><strong>Ed.</strong></span> <span class='ocrx_word' id='word_1_274' title='bbox 391 4414 434 4467; x_wconf 84' lang='lat' dir='ltr'><strong>cit.</strong></span> <span class='ocrx_word' id='word_1_275' title='bbox 444 4426 500 4480; x_wconf 68' lang='lat' dir='ltr'><strong>pag.</strong></span> <span class='ocrx_word' id='word_1_276' title='bbox 512 4418 568 4468; x_wconf 75' lang='lat' dir='ltr'><strong>tte.</strong></span> <span class='ocrx_word' id='word_1_277' title='bbox 582 4418 637 4467; x_wconf 81' lang='grc'><strong>447.</strong></span> <span class='ocrx_word' id='word_1_278' title='bbox 649 4415 675 4468; x_wconf 82' lang='lat' dir='ltr'><strong>et</strong></span> <span class='ocrx_word' id='word_1_279' title='bbox 686 4414 711 4466; x_wconf 89' lang='lat' dir='ltr'><strong>in</strong></span> <span class='ocrx_word' id='word_1_280' title='bbox 721 4414 902 4468; x_wconf 77' lang='lat' dir='ltr'><strong>cdoromens.</strong></span> <span class='ocrx_word' id='word_1_281' title='bbox 915 4417 976 4468; x_wconf 86' lang='lat' dir='ltr'><strong>tom.</strong></span> <span class='ocrx_word' id='word_1_282' title='bbox 988 4414 1009 4467; x_wconf 88' lang='lat'><strong>1.</strong></span> <span class='ocrx_word' id='word_1_283' title='bbox 1020 4428 1076 4481; x_wconf 76' lang='lat' dir='ltr'><strong>pag.</strong></span> <span class='ocrx_word' id='word_1_284' title='bbox 1089 4420 1144 4470; x_wconf 74' lang='grc'><strong>544.</strong></span> 
     </span>
    </p>
   </div>
   <div class='ocr_carea' id='block_1_5' title="bbox 0 0 1627 5084">
    <p class='ocr_par' dir='ltr' id='par_1_7' title="bbox 0 0 1627 5084">
     <span class='ocr_line' id='line_1_36' title="bbox 0 0 1627 5084; baseline 0 0"><span class='ocrx_word' id='word_1_285' title='bbox 0 0 1627 5084; x_wconf 95' lang='lat' dir='ltr'><strong> </strong></span> 
     </span>
    </p>
   </div>
  </div>
 </body>
</html>
