3234 5084
245 443 906 499 cnr.1.mr.u.m.muus.mrn.ssmr.
920 444 1105 521 tumosis.
1122 446 1188 501 mv.
1225 424 1295 498 tto

246 563 346 653 Quod
371 563 401 638 si
422 564 552 664 pollute
573 580 608 638 et
629 563 859 640 admirabilis
884 563 1073 642 declaratur
1090 593 1175 642 uxor
1192 594 1294 668 repu-

171 678 282 766 diata,
304 704 393 778 quae
416 678 460 752 ad
486 705 573 754 nova
602 679 781 754 transisset
803 693 898 770 vcta,
926 696 1181 782 praeterquam
1203 677 1296 784 quod

173 795 342 870 eiusmodi
360 794 433 869 sive
449 794 590 896 pollutio
612 797 683 870 sive
708 795 914 871 abominatio
932 824 999 871 non
1016 798 1143 888 ethica,
1167 799 1227 873 sed
1244 799 1294 872 le·

173 910 259 1009 galis
293 910 361 985 dici
395 927 520 1010 potest,
549 937 589 985 ea
619 912 773 1013 respicit,
803 927 840 985 ut
868 911 1037 1001 diximus,
1064 941 1132 988 non
1157 915 1295 1018 quidem

172 1025 337 1100 dimissae
362 1025 476 1100 uxoris
501 1051 578 1100 oum
602 1025 671 1102 alio
698 1026 817 1100 marito
842 1027 1132 1117 coniunctionem,
1154 1029 1215 1104 sed
1241 1056 1295 1103 re-

172 1167 329 1239 gressum
354 1140 398 1214 ad
423 1140 604 1240 pristinum
630 1140 799 1214 maritum.
821 1141 950 1214 Revera
967 1141 998 1215 ai
1018 1141 1082 1216 iste
1107 1143 1294 1243 permissus

172 1256 297 1331 luisset
321 1282 517 1355 regressus,
541 1256 717 1356 repudium
745 1283 811 1330 non
839 1256 961 1331 luisset
978 1256 1046 1330 nisi
1073 1257 1241 1348 fucatum,
1264 1270 1298 1333 et

171 1369 289 1444 aditus
316 1387 453 1471 apertus
471 1370 593 1445 luisset
617 1370 661 1443 ad
679 1369 861 1470 quamdam
879 1368 982 1445 veluti
1001 1371 1298 1447 commutationem

171 1511 314 1559 uxorum
339 1512 428 1585 quae
453 1511 538 1560 sane
556 1483 754 1559 abominatio
778 1512 889 1561 coram
913 1486 1051 1563 Domino
1079 1488 1152 1583 (92)
1193 1486 1289 1561 foret.

169 1599 212 1674 Et
228 1599 294 1675 hac
319 1601 447 1673 ratione
476 1600 649 1675 euanescit
677 1599 860 1674 difficultas
886 1626 927 1674 ex
950 1600 1211 1675 Deuteronomio
1243 1616 1291 1675 at-

171 1741 239 1816 que
264 1741 306 1790 ex
331 1715 474 1789 Ieremia
491 1715 597 1815 petita
619 1717 709 1811 (93),

241 1831 429 1906 Malachiae
453 1831 511 1932 qui
536 1832 718 1933 opponitur
742 1831 838 1907 locus
863 1832 999 1908 diversa
1023 1833 1151 1907 ratione
1168 1833 1293 1933 exponi

167 1947 364 2035 consuevit3
389 1963 469 2020 suut
488 1946 578 2020 enim
602 1946 660 2048 qui
683 1946 795 2047 ipsum
818 1947 986 2022 laventem
1011 1948 1124 2049 potius
1148 1947 1294 2023 diuortio

169 2087 230 2136 seu
257 2061 398 2161 repudio
423 2060 605 2135 exhibeant
629 2087 731 2162 quam
757 2062 1004 2138 adversantem.
1033 2064 1129 2138 luxta
1153 2062 1217 2137 hos
1243 2089 1294 2136 ar·

168 2177 242 2277 guit
258 2178 435 2279 Deusper
459 2177 658 2278 prophetam
679 2203 780 2251 suum
808 2177 970 2268 iudaeos,
990 2179 1082 2280 quod
1099 2177 1292 2278 superindu-

167 2309 276 2366 cereot
300 2319 342 2366 ex
367 2292 568 2392 alienigenis
593 2292 730 2394 pellices
748 2309 782 2367 et
798 2294 1012 2394 despicerent
1035 2321 1157 2369 uxores
1183 2320 1289 2384 suas,

167 2434 256 2509 quas
281 2408 456 2509 tyrannica
480 2435 522 2482 ac
538 2409 622 2482 dure
639 2407 827 2484 tractabant
848 2435 888 2484 eo
908 2410 1000 2511 quod
1023 2411 1217 2500 senuerint,
1238 2436 1294 2484 ue-

168 2539 404 2624 nustatemque
428 2525 606 2626 pristinam
631 2525 818 2601 amiserint.
852 2527 925 2602 Hae
949 2527 1110 2629 lacrymis
1136 2553 1177 2601 ac
1202 2527 1290 2600 dcti-

167 2638 233 2714 bus
251 2641 325 2715 suis
346 2639 390 2714 ob
409 2667 547 2741 passam
566 2641 724 2716 iniuriam
743 2641 904 2742 templum
922 2642 1113 2742 replebant,
1135 2641 1293 2743 quocirca

169 2755 261 2830 Deus
287 2782 354 2831 non
382 2756 448 2829 iam
467 2755 611 2846 ironice,
633 2772 670 2830 ut
691 2756 797 2858 aliqui
824 2771 1021 2845 autumant,
1040 2756 1101 2830 sed
1127 2756 1217 2830 serio
1241 2755 1292 2829 eis

169 2872 314 2961 indicit,
345 2888 385 2945 ut
417 2872 447 2946 si
474 2872 611 2947 odiosae
637 2872 721 2974 ipsis
748 2873 900 2947 redditae
923 2899 1044 2948 uxores
1069 2898 1146 2947 esse
1171 2896 1291 2972 coepe·

169 2988 256 3075 rint,
278 2987 390 3088 potius
409 3014 469 3087 per
486 2987 637 3062 libellum
665 2988 796 3089 repudii
824 2988 949 3064 liberas
976 2988 1167 3078 dimittant,
1188 3013 1291 3088 quam

167 3102 255 3177 dure
273 3128 315 3177 ac
339 3103 512 3204 tyrannice
540 3103 605 3177 sub
630 3104 790 3179 seruitute
807 3105 990 3193 retineant;
1012 3105 1129 3205 sicque
1154 3104 1289 3205 possint

167 3217 295 3293 liberae
319 3244 412 3307 esse,
447 3245 488 3294 ac
522 3219 553 3292 si
579 3219 630 3293 eis
658 3218 794 3294 libuerit
819 3218 863 3295 ad
893 3246 999 3296 novas
1033 3246 1072 3294 se
1111 3218 1292 3293 transferre

167 3334 318 3437 nuptias.
339 3335 476 3412 Interim
505 3336 588 3411 viris
614 3335 839 3411 comminatur
855 3337 1075 3436 gravissimas
1093 3361 1219 3435 poenas
1245 3333 1288 3407 ob

242 3519 293 3585 (m)
312 3520 354 3572 se
366 3521 432 3573 arm
454 3482 558 3585 utana
577 3520 652 3572 van·
671 3522 807 3574 mensur
822 3523 848 3573 a
864 3521 980 3573 aaaron
999 3521 1120 3584 naua,
1136 3522 1162 3571 e
1174 3521 1201 3570 n
1217 3531 1288 3583 pm·

167 3601 253 3667 phud
262 3600 745 3665 cbatdctcs,ettnvers.atex.aecuon
769 3601 797 3653 ln
821 3614 884 3653 ress.
897 3601 1029 3666 ssrtaeaet
1047 3600 1156 3652 umtea.
1174 3599 1289 3650 luerim

165 3720 293 3786 murm
306 3720 422 3773 umus
437 3722 508 3773 textu
528 3712 615 3817 ,πῃ-η
639 3696 719 3814 epp}
743 3722 817 3801 ⁸³¹3
836 3711 1022 3802 pippin-tp
1044 3723 1113 3780 outa
1126 3718 1289 3771 omento

167 3851 231 3915 qen
245 3847 283 3899 ad
292 3846 397 3910 semo»
411 3850 526 3899 mount
537 3851 566 3898 ln
578 3848 679 3912 μικρὴ.
691 3847 756 3899 eald.
769 3849 899 3906 montom
910 3846 1073 3899 ammanite
1082 3847 1122 3897 ert
1140 3857 1230 3897 coram
1240 3846 1288 3895 lto

169 3932 252 3980 tutuo.
264 3931 293 3979 ln
304 3942 367 3979 vers.
380 3931 453 3980 Lxx.
468 3931 598 3988 Quoniam
617 3928 778 3980 abomtnotto
794 3930 833 3979 est
845 3930 907 3978 unte
929 3929 1069 3978 Dominum
1095 3928 1180 3976 Deum
1199 3926 1286 3976 tuum.

168 4011 199 4061 ln
216 4022 282 4061 vers.
293 4009 398 4073 mnam:
412 4010 481 4068 Qutc
495 4008 675 4060 utomtuuodc
689 4021 731 4060 res
739 4011 778 4059 est
787 4004 876 4059 coram
892 4010 1016 4058 Domtno:
1029 4009 1056 4056 ln
1068 4005 1135 4056 amb.
1153 4007 1210 4056 Hcs
1219 4006 1290 4055 enlm

163 4087 318 4140 wrote
334 4091 373 4141 ott
387 4091 416 4139 tn
433 4091 574 4153 conspectu
590 4091 645 4139 Det.
657 4090 746 4151 ltaque
761 4100 812 4137 noa
824 4086 855 4137 ad
873 4087 1010 4150 mulierem,
1020 4099 1084 4150 quae
1099 4085 1204 4136 alterum
1215 4083 1288 4136 mari·

165 4170 221 4219 mm
241 4167 317 4219 desit
336 4169 459 4221 elmmodl
479 4169 642 4221 utemtnuttc
658 4167 771 4231 retertur,
780 4167 825 4219 sed
839 4167 871 4218 ad
884 4180 940 4219 earu
957 4180 1021 4231 quae
1031 4166 1063 4218 ad
1083 4167 1190 4232 priorem
1206 4164 1288 4215 ulrum

239 4328 290 4393 (98)
304 4329 345 4381 ct.
360 4330 441 4381 Diaeta
462 4332 507 4396 op.
521 4330 564 4383 clt.
575 4343 632 4395 pag.
652 4336 682 4382 so
692 4342 763 4396 seqq.
775 4329 819 4382 ubi
833 4330 916 4395 plures
931 4329 995 4381 nme
1012 4328 1038 4380 ln
1062 4342 1113 4381 rem
1129 4327 1286 4381 rabbinorum

155 4409 318 4463 mdonutes
333 4408 434 4474 profert.

246 4515 287 4571 lll
1208 4518 1241 4567 to
