3234 5084
278 413 347 465 cnr.
364 411 411 463 rr.
427 411 469 463 or
481 411 561 463 mss.
572 410 668 462 nnn.
682 411 767 473 narr,
783 410 848 462 uon
862 410 1024 463 concon.
1040 414 1112 463 arr.
1127 414 1175 464 nr.
1231 392 1299 463 ott

175 556 255 605 eam
280 529 433 604 docuerit
450 527 672 602 sententiam:
691 546 730 601 ut
744 528 897 601 omittam
914 528 950 600 in
967 529 1145 628 supposita
1161 556 1300 632 respon-

177 645 274 721 sicne
297 657 458 717 autenm
483 641 597 740 egisse
621 659 737 717 contra
761 642 931 743 propriam
956 642 1216 734 conscientiam,
1244 663 1303 721 aut

179 759 356 860 decepisse
381 755 636 857 postulatorcm.

250 874 345 946 ldem
369 870 426 944 dic
447 869 492 944 de
517 871 714 948 Innocentio
730 872 819 945 vul.
842 871 885 947 ds
901 898 970 973 quo
988 873 1089 947 relert
1105 875 1245 950 Pontius
1261 902 1303 951 ex

179 986 415 1063 Panormitani
441 985 534 1075 fide,
554 986 647 1086 qnod
670 987 819 1088 cuipiam
844 987 1049 1063 matrimonii
1074 990 1137 1062 rati
1156 989 1304 1065 dissolu-

179 1103 304 1178 tionem
329 1102 478 1202 petenti,
498 1127 556 1175 ore
580 1102 724 1177 rotundo
748 1103 879 1201 negarit
900 1128 939 1178 se
956 1101 992 1176 id
1009 1129 1132 1204 posse;
1160 1128 1305 1206 cumque

188 1219 219 1294 ei
239 1218 381 1293 Glossae
404 1217 588 1292 auctoritas
614 1217 728 1292 oblata
753 1217 895 1307 luisset,
915 1217 1144 1319 responderit:
1164 1219 1307 1293 Maledi-

181 1349 253 1408 ctus
266 1334 327 1434 qui
339 1347 368 1406 te
380 1331 492 1406 docuit
508 1336 623 1431 (138):
645 1333 815 1434 siquidem
836 1350 870 1408 et
887 1334 1105 1409 Innocentius
1117 1335 1204 1407 lllll.
1225 1361 1306 1435 pcn-

179 1450 344 1524 tifieatum
369 1448 475 1548 gessit
500 1464 579 1548 post
603 1448 782 1522 Mancinum
799 1450 837 1537 ll.
861 1464 895 1523 et
906 1450 1095 1548 Eugenium
1107 1450 1160 1522 lv.
1185 1452 1300 1546 (139),

179 1566 239 1666 qui
265 1563 508 1664 dispensarunt
535 1564 580 1636 in·
596 1565 810 1639 matrimonio
836 1581 921 1639 rato.
950 1564 1035 1652 Quis
1069 1581 1242 1665 praeterea
1265 1563 1306 1637 il·

178 1679 245 1755 lico
269 1704 337 1753 uon
361 1679 475 1753 videat
498 1678 622 1769 verba,
649 1679 788 1782 quaesi
810 1680 1019 1780 tribuuntur,
1043 1679 1182 1778 indigna
1205 1680 1307 1780 plane

180 1821 259 1869 esse
284 1810 376 1869 tanto
401 1793 591 1869 Pontifice?
615 1795 730 1868 Virum
754 1811 844 1870 certe
869 1794 1063 1894 theologum
1085 1794 1225 1870 dedecet
1249 1795 1304 1869 his

179 1909 279 1983 inniti
303 1907 437 1983 fabellis
462 1907 506 1983 ad
531 1935 595 1983 sua
622 1908 747 2009 placita
772 1909 951 1983 firmanda.

251 2023 304 2096 Ex
329 2022 395 2097 hac
421 2048 524 2123 quam
548 2022 712 2098 hactonus
738 2024 950 2098 instituimus
974 2023 1108 2125 analysi
1132 2050 1306 2122 argumen·
1428 2056 1431 2061 ·

179 2154 292 2213 torum
315 2134 443 2237 quibus
468 2154 647 2234 negantem
672 2138 873 2211 sententiam
900 2137 1046 2235 theologi
1070 2152 1301 2239 propugnant,

179 2251 329 2352 quisque
354 2249 455 2327 lacile
478 2249 709 2350 deprehendet
728 2250 846 2324 eadem
870 2252 980 2349 magis
1005 2252 1203 2352 apparentia
1226 2278 1304 2326 esse

177 2392 285 2468 Qum
308 2364 430 2441 solida.
461 2365 511 2437 Ex
535 2365 654 2439 eadem
679 2366 770 2441 enim
792 2382 924 2440 constat
949 2370 984 2440 1.
1012 2366 1180 2440 eiusmodi
1206 2392 1306 2463 argn-

180 2496 298 2555 menta
323 2480 542 2555 fundamento
566 2507 644 2555 csso
675 2481 855 2568 destituta,
883 2508 924 2555 ac
951 2481 1130 2582 procedere
1155 2508 1196 2555 ex
1220 2481 1307 2556 lalsa

179 2595 387 2698 hypothesi;
410 2597 443 2668 2.
466 2593 556 2670 olere
581 2596 785 2697 principium
803 2596 859 2669 sin
877 2596 990 2669 minus
1009 2597 1303 2696 protestanticum,

179 2710 303 2786 saltem
317 2710 441 2785 minus
466 2709 691 2786 orthodoxum
714 2729 748 2785 et
773 2728 881 2785 tutum
900 2711 943 2785 de
963 2712 1238 2812 interpretatione
1252 2711 1309 2783 Bi·

181 2826 329 2901 bliorum
355 2826 549 2901 etdivinae
575 2826 768 2901 traditionis
793 2828 925 2927 privato
945 2854 1048 2901 sensu
1072 2827 1240 2902 contrario
1258 2826 1308 2899 illi

184 2968 288 3042 quem
313 2967 399 3017 rom.
419 2942 599 3017 Pontifices
625 2943 732 3017 secuti
756 2959 855 3031 sunt,
878 2943 977 3043 qnasi
995 2943 1050 3017 isti
1077 2944 1121 3017 ab
1145 2941 1309 3016 ecclesiae

184 3055 342 3130 doctrina
364 3071 443 3130 eta
474 3056 590 3130 divina
620 3055 843 3145 revelatione,
873 3058 909 3130 iu
935 3084 998 3132 sua
1024 3057 1145 3157 agendi
1178 3058 1309 3132 ratione

186 3171 399 3245 recesserint.
433 3169 532 3257 Quod
558 3169 746 3245 luculenter
771 3171 932 3245 evincunt
961 3198 1049 3272 quae
1075 3197 1116 3245 ex
1144 3171 1309 3244 Drcuinic

184 3286 383 3385 attulimus,
411 3287 454 3361 de
480 3314 548 3387 quo
574 3285 685 3387 inquit
709 3286 816 3361 Collet
849 3287 993 3359 «Solide
1018 3303 1135 3361 auctor
1159 3284 1237 3358 libri
1267 3285 1310 3359 de

186 3429 224 3477 re
248 3400 511 3475 sacramentaria
528 3400 596 3475 ait:
629 3401 829 3477 «Neminem
845 3403 905 3500 qui
926 3427 999 3473 oere
1019 3401 1181 3498 theologos
1194 3401 1308 3500 scoot,

184 3547 208 3593 o
232 3516 383 3606 doctrice
406 3516 557 3591 eeclesiae
583 3517 733 3617 exemplo
760 3517 844 3589 tolio
868 3515 1093 3601 dimembratae,
1130 3530 1198 3589 tom
1225 3514 1312 3614 qood

188 3636 313 3707 {neoto
332 3633 466 3733 penitus
486 3646 581 3717 sont,
613 3646 681 3704 torn
701 3631 787 3730 quod
810 3631 989 3731 ddocplr'oc
1010 3631 1171 3704 diuinitus
1193 3632 1312 3703 consti-

189 3762 260 3820 toto
283 3749 383 3848 [colis
408 3748 583 3820 casuariis
608 3746 748 3820 convelli
769 3773 834 3819 oco
854 3748 960 3846 possit
976 3747 1123 3843 (140),»

263 3960 330 4024 (aas)
345 3963 400 4015 ιιι).
414 3963 458 4014 lx.
474 3974 529 4027 cop.
544 3967 568 4013 a.
579 3973 605 4012 n.
622 3967 660 4013 rc.

261 4040 329 4105 (les)
343 4042 440 4093 Etenim
456 4042 579 4094 munuc
596 4040 672 4093 Μ)
684 4054 726 4092 sn.
745 4043 815 4093 tter.
838 4040 938 4093 elerum
950 4040 1069 4093 motae
1087 4038 1167 4090 anns
1185 4050 1265 4102 nque
1282 4038 1314 4090 ed

189 4132 231 4172 an.
249 4121 317 4171 1447.
331 4132 383 4184 quc
400 4123 497 4173 uatus
517 4122 556 4173 est
570 4119 679 4186 pontilex
699 4119 823 4184 &seclus
842 4122 885 4170 lv.
896 4120 941 4184 qul
962 4119 1027 4171 risit
1045 4131 1125 4185 neque
1142 4117 1174 4168 ad
1187 4128 1228 4167 an.
1243 4121 1312 4169 teos

191 4199 349 4250 Innocentius
368 4211 428 4250 vero
439 4202 505 4252 vm.
519 4200 583 4252 rexlt
593 4199 722 4252 ecclesiam
732 4198 765 4251 ab
776 4212 818 4249 un.
837 4203 904 4251 1⁴⁸4.
916 4197 949 4249 ad
962 4212 1003 4249 an.
1021 4202 1089 4251 1⁴97.

262 4278 330 4343 (tls)
344 4279 570 4344 moecenatina.
584 4281 628 4333 clt.
638 4294 664 4332 u.
679 4284 734 4333 451.
746 4278 790 4331 ubi
800 4278 881 4330 illud:
903 4281 1006 4331 incerto
1013 4281 1123 4344 molter
1140 4280 1217 4339 root,
1228 4288 1316 4341 nempe

192 4360 256 4412 lach
274 4373 337 4411 rom.
350 4359 509 4425 pontificum,
525 4361 569 4425 qul
580 4360 677 4414 dedisse
687 4360 847 4427 perhibentur
857 4359 1063 4425 wanilonem
1081 4357 1234 4411 mauimcnli
1252 4356 1317 4419 reti,

252 4466 294 4522 111
1162 4470 1197 4522 34
