3234 5084
322 457 1146 516 osr.rn.orsmsurnto.c1a.mn1ss.minuans.
1231 435 1301 508 ata

189 580 355 657 defuerint
377 579 480 669 olim,
508 605 618 680 neque
641 578 743 653 hodie
767 576 880 652 adhuc
900 578 1013 652 desint
1032 577 1119 651 inter
1135 577 1231 676 ipsos
1249 603 1306 652 ca·

189 697 353 786 tholicos,
374 698 454 796 qui,
481 696 726 770 nonobstante
751 693 886 769 concilii
912 693 1086 768 tridentini
1112 694 1302 778 sanctione,

188 814 284 888 venti
309 838 375 887 non
401 813 471 887 sint
492 836 704 912 propugnare
726 810 928 884 contrariam
953 809 1153 884 doctrinam.

262 926 342 1004 ldeo
366 952 446 1001 sero
472 929 506 998 in
530 927 651 1027 quinto
675 925 790 1000 seculo
814 925 1051 1011 consistimus,
1074 924 1174 1024 quia,
1202 939 1240 998 ut
1256 924 1308 998 vi-

190 1041 322 1129 dimus,
341 1040 551 1114 Chemnitius
576 1041 702 1141 aliique
722 1066 798 1114 cum
824 1065 864 1112 ec
889 1038 973 1112 lassi
998 1053 1077 1112 sunt
1096 1053 1173 1137 post
1193 1064 1223 1112 s.
1240 1038 1309 1110 Au·

191 1158 363 1254 gustinum
393 1156 558 1229 horridius
586 1155 751 1257 disputari
785 1158 844 1228 loc
874 1154 914 1228 de
941 1182 975 1227 re
1007 1156 1175 1252 emisse,
1208 1155 1307 1253 quasi

192 1297 313 1370 nempe
336 1271 556 1371 hipponensis
585 1269 720 1370 praesul
745 1270 895 1344 omnium
922 1268 1072 1367 primus,
1108 1269 1162 1340 sin
1193 1267 1307 1341 minus

193 1410 313 1459 novam
339 1386 374 1457 in
398 1386 574 1460 ecclesiam
601 1386 644 1459 de
663 1384 960 1460 indissolubilitate
976 1383 1163 1482 coniugalis
1180 1384 1306 1458 vinculi

193 1500 343 1576 intulerit
354 1500 560 1589 doctrinam,
575 1501 695 1575 saltem
714 1500 878 1574 hactenus
895 1500 1075 1600 ancipitem
1093 1525 1134 1573 ac
1150 1498 1305 1586 dubiam,

191 1613 294 1688 veluti
312 1630 436 1689 certam
452 1616 667 1690 adstruxerit.
692 1615 727 1687 Si
745 1615 887 1716 proinde
910 1615 1014 1689 semel
1038 1615 1224 1688 constiterit
1240 1614 1310 1687 Au·

192 1729 364 1827 gustinum
377 1745 498 1805 etcum
511 1755 553 1804 eo
569 1729 749 1804 concilium
766 1729 996 1804 milevitanum
1010 1754 1077 1803 non
1091 1729 1309 1830 proposuisse

191 1843 259 1917 nisi
285 1842 471 1919 doctrinam
498 1843 622 1918 seculis
644 1844 806 1919 anteactis
827 1843 955 1945 ubique
977 1843 1158 1918 theoretice
1174 1870 1215 1917 ac
1230 1871 1309 1945 prs·

191 1959 276 2032 ctice
291 1976 509 2060 propagatam
521 1985 562 2034 ac
578 1959 755 2047 traditam,
772 1985 915 2060 pronum
932 1961 997 2033 erit
1013 1960 1137 2034 inferre
1153 1976 1224 2033 tum
1241 1960 1309 2032 llu-

191 2074 382 2172 gustinum,
405 2090 475 2150 tum
501 2075 710 2152 milevitanos
732 2093 845 2177 patres
870 2075 964 2161 filum
986 2075 1176 2151 traditionis
1203 2076 1309 2149 luisse

192 2189 383 2278 insecutos,
411 2190 564 2291 adeoque
588 2190 661 2264 iure
685 2190 866 2265 concilium
893 2190 1109 2264 tridentinum
1132 2190 1306 2276 sanxisse,

192 2304 369 2380 ecclesiam
387 2331 453 2380 non
471 2332 616 2394 enasse,
637 2306 718 2380 dum
740 2306 854 2381 docuit
873 2330 913 2380 ac
937 2305 1035 2380 dccet
1056 2306 1146 2379 iuxta
1167 2331 1312 2403 evange-

192 2418 293 2493 licam
316 2436 351 2496 et
374 2421 594 2521 apostolicam
616 2422 822 2509 doctrinam,
848 2420 1097 2495 matrimonium
1115 2419 1159 2496 ob
1180 2420 1310 2495 adulte-

195 2534 280 2607 rium
305 2535 441 2612 alteriue
465 2537 620 2636 coniugis
645 2563 712 2613 nou
739 2562 842 2637 posse
866 2535 1019 2612 dissolui.

270 2648 422 2726 Ceterum
446 2654 536 2754 quod
558 2653 678 2727 attinet
698 2652 741 2727 ad
767 2667 984 2726 monumenta
1009 2651 1230 2752 posteriorum
1256 2674 1310 2724 se-

194 2764 364 2855 culorum,
383 2794 427 2842 oe
445 2768 578 2867 longior
595 2794 699 2869 quam
716 2793 779 2868 par
797 2769 855 2855 sit,
877 2782 991 2841 nostra
1008 2765 1216 2840 elucubratio
1233 2790 1311 2839 eva·

195 2878 274 2966 dat,
295 2905 336 2954 ca
352 2883 455 2956 veluti
468 2884 503 2956 in
515 2884 754 2983 compendium
772 2909 850 2957 mox
865 2882 1076 2981 redigemus,
1097 2881 1311 2982 potissimum

196 3018 276 3066 uero
293 3020 381 3093 quae
402 3021 423 3069 a
441 2998 591 3072 veriatis
617 2998 749 3071 tramite
772 2997 951 3071 deflectere
970 2997 1046 3071 visa
1071 3011 1167 3084 sunt,
1194 3020 1312 3094 exege-

196 3108 274 3184 ticis
297 3126 331 3184 et
353 3111 479 3187 criticis
504 3112 853 3190 animadversionibus
871 3113 1113 3213 expendemus.

270 3226 313 3300 Ut
336 3226 439 3325 igitur
463 3253 552 3302 nunc
575 3229 611 3300 in
636 3229 847 3304 documentis
877 3229 1026 3329 priorum
1054 3229 1207 3329 quinque
1231 3254 1311 3302 con-

195 3344 358 3417 sistamus
381 3341 590 3430 seculorum,
620 3344 700 3417 hino
723 3360 856 3445 patrum
889 3344 1095 3432 doctrinam,
1129 3343 1210 3416 inde
1233 3368 1312 3416 vero

194 3456 462 3531 adversariorum
474 3458 686 3556 exceptiones
703 3457 962 3559 perpendemus.
981 3457 1045 3529 Alii
1064 3458 1179 3558 itaque
1199 3483 1239 3530 ex
1256 3482 1313 3557 pa·

196 3571 304 3645 tribus
316 3588 430 3673 aperte
446 3590 479 3646 et
495 3572 625 3674 absque
642 3573 782 3671 ambage
796 3575 918 3648 docent
936 3574 969 3646 in
985 3572 1194 3660 nullorum,
1211 3587 1311 3672 atque

196 3685 323 3761 idcirco
341 3713 384 3761 ne
405 3688 645 3762 interveniente
666 3688 802 3787 quidem
822 3687 1010 3776 adulterio,
1030 3686 1171 3761 dissolvi
1196 3688 1314 3761 coniu-

194 3802 287 3896 gium
305 3828 421 3902 posse,
446 3804 493 3877 ita
511 3819 565 3891 ut,
585 3803 718 3877 vivente
741 3802 854 3876 adhuc
870 3802 975 3877 altero
1000 3803 1160 3900 coniuge,
1183 3801 1314 3903 absque

195 3915 349 3991 adulterii
376 3918 540 4004 facinore,
569 3918 696 3991 nemini
723 3919 774 3993 lae
800 3920 848 3994 sit
872 3919 969 3993 alteri
992 3945 1029 3992 ee
1050 3918 1220 4018 copulare.

267 4030 362 4105 'lales
387 4058 486 4132 porro
512 4048 609 4120 sunt,
633 4047 669 4107 ut
685 4032 856 4120 uidimus,
878 4033 1020 4106 Hermas
1037 4033 1090 4105 vir
1107 4032 1312 4132 apostolicus

195 4171 236 4219 ac
259 4147 383 4221 llomm
406 4147 553 4246 degens,
581 4146 830 4247 Athenagoras,
859 4149 1031 4236 lustinus,
1061 4148 1310 4235 Tertullianus,

194 4260 349 4335 Clemens
370 4262 476 4350 alen,
497 4262 679 4361 Origenes,
706 4265 915 4366 Cyprianus,
945 4263 1070 4364 quibus
1096 4263 1220 4338 addere
1238 4289 1313 4363 pos·

193 4402 313 4450 sumus
329 4403 370 4449 er
393 4378 489 4451 tertio
509 4377 624 4452 seculo
641 4395 810 4453 auctorem
827 4405 1014 4467 canonum,
1040 4377 1099 4478 qui
1117 4378 1218 4477 vulgo
1234 4405 1314 4477 cpo-
