3234 5084
325 428 409 534 taos
469 476 531 533 ιιι.
543 475 591 529 ιιι.
609 473 696 537 saer.
712 471 843 531 ιιιιιι,
861 474 901 529 ns
918 470 1030 527 mnus.
1047 474 1143 528 uara.
1159 472 1280 531 muer.
1306 468 1310 473 ·
1327 538 1332 545 ‚

324 595 368 671 de
387 594 488 673 domo
507 614 581 671 sua
599 593 751 692 Cumque
775 616 913 690 οςιιειι
939 590 1080 667 alterum
1105 592 1260 673 nauum
1284 588 1434 681 duxerit,

322 725 356 784 et
373 709 432 785 ille
447 732 586 809 quoque
609 707 720 783 oderit·
736 733 834 795 eam,
855 705 1054 807 dederitque
1066 707 1098 782 ei
1111 706 1260 781 libellum
1282 706 1435 807 repudii,

324 840 358 898 et
380 823 547 901 dimiserit
570 823 613 897 de
638 820 739 897 domo
763 847 848 910 sua,
870 819 923 897 vel
944 837 1034 895 certe
1054 836 1206 897 mortuus
1226 820 1347 909 suerit,
1366 846 1435 897 non

322 940 443 1039 poterit
466 938 558 1041 prior
575 937 715 1011 maritus
734 937 886 1036 recipere
902 962 976 1010 eam
989 936 1026 1011 iu
1036 962 1174 1010 uxorem
1185 963 1193 1007 :
1206 936 1292 1036 'quia
1307 933 1436 1036 polluta

323 1071 395 1142 est,
424 1068 458 1127 et
483 1050 720 1127 abominabilis
746 1050 836 1124 lacta
860 1066 913 1126 est
935 1076 1049 1125 coram
1071 1050 1250 1124 Domino.»
1285 1086 1289 1093 ·

397 1168 491 1256 Quae
509 1167 611 1241 verba
628 1166 671 1240 de
688 1165 910 1265 permissione
923 1192 984 1239 seu
1001 1164 1210 1264 indulgentia
1221 1192 1243 1239 a
1254 1165 1324 1238 Deo
1344 1163 1433 1239 lacta

322 1280 365 1356 ob
387 1282 544 1357 duritiam
566 1280 680 1355 cordis
698 1279 902 1353 israeliticae
924 1280 1051 1376 gentis,
1072 1306 1140 1353 nou
1160 1294 1270 1353 autem
1283 1279 1326 1352 de
1339 1304 1436 1379 prae·

321 1412 416 1497 cepto
440 1394 659 1493 intelligenda
682 1419 784 1482 esse,
814 1409 852 1468 ut
875 1393 1060 1469 autumavit
1084 1393 1247 1468 lutherus
1276 1396 1365 1490 (tt),
1392 1418 1433 1467 er

320 1509 455 1584 Christo
481 1509 666 1582 discimus:
696 1533 806 1608 neque
832 1506 875 1580 de
900 1506 964 1582 hoc
995 1506 1066 1582 ulla
1089 1521 1141 1581 est
1166 1506 1403 1581 controversia.

392 1624 458 1698 Sed
486 1649 609 1721 magna
636 1622 716 1697 olim
748 1623 960 1701 contentione
992 1623 1079 1697 inter
1113 1622 1209 1722 ipsos
1237 1622 1432 1699 iudaeorum

319 1738 473 1813 doctores
499 1764 539 1811 ac
564 1736 743 1834 magistros
777 1736 1001 1836 disceptatum
1025 1752 1077 1811 est
1099 1736 1143 1810 de
1164 1737 1198 1810 vi
1223 1735 1325 1809 huius
1354 1763 1434 1838 per·

319 1853 511 1940 missionis,
527 1851 637 1951 deque
654 1851 728 1924 eins
739 1849 974 1950 amplitudine.
990 1849 1106 1924 Aetate
1123 1851 1319 1950 praesertim
1333 1850 1431 1927 Chri-

320 1968 364 2045 sti
382 1966 515 2043 Domini
534 1965 688 2066 quaestio
711 1964 860 2039 lervebat
880 1965 967 2041 inter
985 1965 1136 2041 scholam
1158 1964 1376 2041 hillelliauam
1397 1981 1433 2042 et

321 2106 569 2168 sammcanam,
598 2079 641 2153 de
665 2079 1033 2180 quarumascbolarum
1067 2079 1203 2180 placitis
1233 2107 1296 2155 suo
1328 2080 1430 2170 loco,

318 2212 419 2295 prout
439 2195 622 2295 opressit,
643 2193 772 2295 aliquid
798 2194 997 2294 scripsimus
1017 2197 1107 2291 (60).
1123 2194 1253 2267 Exinde
1277 2194 1428 2271 nonnulli

318 2310 513 2385 existimant
537 2310 661 2385 sactum
685 2335 762 2384 esse
785 2326 823 2383 ut
847 2309 1015 2411 pharisaei
1033 2335 1055 2382 a
1070 2309 1257 2399 salvatore,
1281 2311 1363 2411 quid
1376 2309 1431 2386 -de

317 2450 358 2500 ee
387 2426 587 2525 quaestione
616 2426 691 2526 ipse
721 2425 859 2499 sentiret
892 2424 1148 2523 interrogatione
1176 2424 1426 2526 exquisierint:

321 2541 388 2613 «si
414 2539 490 2614 licet
514 2538 642 2631 homini
676 2539 841 2614 dimittere
869 2564 1007 2614 uxorem
1031 2566 1127 2614 snam
1151 2565 1361 2643 quacumque
1384 2568 1426 2617 es

319 2681 422 2730 causa
446 2653 563 2752 (ollio
580 2655 666 2729 inter
694 2655 894 2728 recentiores
919 2652 1018 2730 etiam
1044 2653 1157 2729 adhuc
1180 2657 1269 2757 viget
1292 2671 1428 2731 senteu-

319 2769 439 2847 tiamm
464 2770 645 2859 dissensio.

383 2883 484 2967 ¹llatio
505 2882 607 2958 huius
633 2884 858 2977 dissensionis
877 2901 949 2961 orta
971 2903 1023 2962 est
1042 2866 1306 2989 potissimum'er
1323 2890 1426 2967 inter-

317 2994 500 3094 pretatione
522 2993 702 3069 hebraicae
724 2995 819 3071 vocis
852 3015 927 3107 app
960 3017 1055 3109 stt-'pp
1097 3008 1114 3096 (
1124 3001 1258 3077 derectis
1293 3001 1424 3099 delur)
1504 3006 1508 3015 “

316 3135 419 3210 quam
437 3108 573 3207 vulgata
589 3109 735 3185 reddidit
750 3112 897 3211 aliquam
912 3113 1115 3213 foeditatem,
1133 3131 1168 3191 et
1184 3142 1225 3191 ex
1249 3116 1325 3192 aliis
1349 3144 1427 3193 ver·

315 3223 390 3298 bis:
412 3226 494 3323 quic
501 3226 633 3323 polluto
646 3243 694 3301 est
706 3242 737 3299 et
748 3227 976 3302 abominabiles
988 3232 1077 3330 suctu
1089 3246 1256 3305 calcorum
1271 3232 1421 3307 Domino.

388 3340 507 3439 ltaque
534 3354 612 3413 sunt
636 3340 694 3441 qui
720 3356 859 3416 censent
890 3342 975 3416 nihil
1006 3345 1130 3420 Mosam
1157 3346 1247 3421 circa
1272 3346 1423 3423 libellum
1493 3413 1498 3421 .
1610 3346 1616 3355 ⁴

316 3454 447 3557 repudii
473 3457 707 3547 constituisse,
735 3483 812 3532 cum
838 3458 905 3533 iam
929 3458 986 3532 hic
1011 3487 1092 3549 usu,
1121 3477 1157 3535 et
1181 3463 1423 3541 consuetudine

316 3586 388 3661 tum
412 3571 503 3671 apud
534 3570 681 3674 reliquos
706 3572 873 3673 populos,
902 3591 972 3649 tum
996 3576 1085 3676 apud
1109 3575 1270 3652 hebraeos
1302 3578 1419 3681 ipsos,

315 3687 525 3783 praesertim&
538 3713 579 3761 ex
604 3687 703 3786 longa
728 3687 829 3761 huius
846 3688 962 3789 populi
977 3689 1067 3790 apud
1084 3691 1257 3792 aegyptios
1273 3717 1423 3768 commo-

315 3800 441 3878 ratione
453 3800 655 3876 obtinuisset
671 3803 758 3899 (62).
775 3803 871 3876 Iusta
883 3803 1022 3881 istorum
1036 3803 1195 3904 placitum
1208 3833 1329 3883 sensus
1345 3834 1420 3883 rer-

385 4004 435 4066 (te)
450 4006 479 4054 ln
490 4017 534 4069 sna
548 4006 661 4057 remlone
671 4006 809 4069 germanica
822 4006 965 4060 mullorum.
1041 3996 1044 4001 ⁴

384 4083 437 4224 (pq)
451 4086 485 4214 pr
499 4084 624 4147 praem.
636 4085 747 4151 uem.
762 4088 848 4139 tract.
862 4087 895 4140 de
910 4091 1027 4144 mata.
1041 4094 1142 4155 capit.
1158 4106 1230 4158 prop.
1239 4096 1270 4145 v.
1282 4093 1372 4147 unet
1383 4095 1434 4149 ud.

311 4170 440 4305 ΜΡἰιι
453 4200 541 4297 usal.
555 4247 619 4297 m.
632 4254 655 4299 a.

386 4321 436 4385 (rr)
452 4324 490 4373 ru
506 4326 541 4375 re.
553 4325 632 4376 mue
647 4326 772 4380 ιιιιιιιι
794 4329 820 4379 ιι
841 4342 882 4394 op.
899 4340 975 4394 ree.
995 4301 1044 4385 ris
1056 4336 1210 4387 meua.
1222 4336 1286 4398 μη.
1298 4336 1420 4388 umas

314 4402 464 4453 rencourt.
479 4408 546 4456 1776.
557 4419 611 4470 pag.
625 4413 678 4458 tat.
