3234 5084
329 457 400 510 cur.
413 453 461 509 ur.
475 457 516 507 ur
533 457 629 510 seusu
648 456 1136 514 rmn.c1n.rnu1ss.rmm.‚uur.
1151 459 1173 509 1.
1242 439 1311 510 stt

270 576 334 663 Qui
356 602 436 651 uero
453 577 660 651 lactantium
681 603 702 650 a
719 578 840 652 ceteris
863 578 1047 652 catholicae
1069 578 1242 652 doctrinae
1259 582 1315 654 ad·

195 691 382 767 sartoribus
408 693 549 767 minime
569 693 764 793 discrepare
787 694 1007 780 contendunt,
1028 694 1254 768 diversimode
1280 696 1314 768 id

194 807 359 881 efficiunt.
381 809 464 880 Nam
483 823 582 896 suut,
605 809 664 908 qui
687 827 824 883 censent
845 810 1050 883 lactantium
1069 810 1116 883 ita
1134 810 1315 909 scripsisse

196 939 351 1022 respectu
368 923 484 997 habito
498 924 538 996 ad
554 924 645 1022 leges
663 924 797 1012 civiles,
819 951 907 1024 quae
924 941 1032 998 astate
1048 924 1108 997 illa
1127 941 1242 998 contra
1260 926 1314 999 ius

196 1038 350 1112 naturale
374 1047 407 1112 el
431 1040 583 1113 divinum
601 1039 687 1113 alias
710 1041 848 1138 nuptias
873 1041 945 1113 viro
971 1040 1151 1112 dimittenti
1176 1066 1315 1114 uxorem

196 1178 294 1225 suam
307 1151 351 1225 ob
361 1152 613 1227 fornicationem
628 1153 856 1227 concedebant
867 1157 956 1249 (61).
967 1153 1009 1226 At
1019 1180 1059 1227 ex
1073 1171 1228 1227 contentu
1242 1182 1318 1228 con·

197 1267 333 1342 trarium
347 1284 507 1367 apparet;
524 1269 694 1368 siquidem
711 1269 787 1369 ipse
805 1270 918 1368 potius
936 1268 1092 1344 civilibus
1111 1269 1242 1366 legibus
1256 1297 1317 1369 op·

196 1382 292 1480 pouit
315 1381 421 1478 legem
447 1382 610 1455 divinam.
638 1383 704 1454 Alii
732 1401 844 1457 autem
878 1383 961 1457 [orte
987 1382 1196 1481 probabilius
1227 1382 1317 1455 arbi·

196 1511 328 1570 uantur
346 1522 414 1570 uon
434 1496 526 1570 aliud
546 1498 755 1573 lactantium
774 1498 929 1574 adductis
946 1498 1061 1571 verbis
1080 1498 1312 1595 significasse,

195 1639 298 1713 quam
316 1613 408 1713 quod
421 1612 577 1688 Christus
595 1614 712 1688 llattb.
729 1616 818 1688 xlx.
835 1615 969 1702 docuit,
990 1641 1113 1713 nempe
1129 1640 1197 1687 nou
1215 1614 1317 1688 licere

195 1742 326 1827 praeter
352 1728 605 1803 lomicationem
629 1756 766 1804 uxorem
791 1729 978 1818 dimittere,
999 1731 1083 1831 quin
1100 1746 1211 1803 umen
1236 1756 1325 1804 cou-,

195 1844 354 1930 cesserit,
374 1870 477 1918 uxore
498 1844 563 1917 hac
583 1844 627 1918 dc
648 1870 752 1920 eausa
774 1845 940 1933 dimissa,
962 1844 1064 1918 aliam
1085 1845 1207 1918 ducere
1224 1846 1313 1940 (62).

267 1960 336 2034 Nec
353 1958 477 2032 desunt
493 1976 689 2055 argumenta
706 1959 871 2034 indirecta
884 1977 917 2032 et
930 1959 1070 2045 directa,
1087 1985 1175 2060 quae
1189 1957 1223 2030 id
1237 1984 1317 2031 sua-

195 2071 276 2145 dere
291 2071 481 2145 videantur.
495 2072 663 2146 ludirecta
680 2074 818 2171 quidem
837 2089 997 2172 petuntur
1008 2088 1079 2146 tum
1092 2101 1132 2147 ex
1145 2100 1201 2160 eo,
1223 2071 1315 2173 quod

195 2214 380 2288 numquam
388 2188 579 2262 lactantius
593 2187 628 2260 in
641 2189 714 2262 suis
726 2188 886 2287 operibus
900 2187 953 2262 vel
967 2188 1115 2262 insinuet
1129 2187 1314 2288 aliquando

196 2301 296 2376 licere
328 2319 466 2401 propter
489 2302 691 2376 adulterium
717 2304 764 2375 ita
788 2302 928 2377 dissolvi
959 2303 1169 2401 coniugium,
1199 2318 1236 2376 ut
1261 2303 1312 2376 las

195 2417 240 2491 sit
265 2418 365 2492 eliam
389 2419 513 2491 ducere
538 2443 694 2505 uxorem;
715 2433 784 2490 tum
803 2444 844 2491 en
860 2444 900 2491 eo
917 2418 1008 2517 quod
1030 2418 1120 2490 idem
1143 2417 1315 2491 dissonans

194 2532 238 2606 de
263 2533 419 2607 civilibus
442 2532 574 2630 legibus
596 2533 799 2631 comparatis
821 2559 898 2606 oum
920 2532 993 2630 lege
1013 2533 1129 2607 diviua
1149 2533 1314 2606 omnimo-

193 2647 273 2722 dam
299 2648 447 2745 coniugii
474 2648 627 2722 adstruat
651 2648 862 2734 firmitatem,
892 2645 1063 2721 scribens:
1088 2648 1190 2719 «Nou
1207 2646 1311 2733 euim,

196 2762 288 2834 siout
311 2762 396 2835 iuris
426 2760 550 2860 publici
568 2761 652 2835 ratio
670 2776 722 2834 est
743 2764 832 2856 (63),
848 2760 921 2834 sola
939 2760 1060 2833 mulier
1077 2759 1229 2832 adultera
1246 2773 1310 2847 est,

195 2900 286 2972 quae
309 2874 410 2948 babet
435 2875 554 2950 elium:
577 2876 717 2948 maritus
735 2891 860 2962 autem,
881 2875 1013 2948 etiamsi
1036 2874 1150 2974 plures
1177 2873 1317 2962 babeat.

195 2990 383 3064 acrimiue
410 2991 565 3064 adulterii
600 2991 731 3066 solutus
756 3008 820 3066 est.
847 2991 912 3064 Sed
937 2991 1053 3066 divina
1078 2990 1132 3065 lex
1156 2991 1204 3064 ita
1228 2991 1315 3067 duos

194 3105 232 3178 iu
270 3105 536 3192 matrimonium,
575 3108 666 3206 quod
691 3122 743 3181 est
770 3107 805 3179 iu
834 3132 956 3206 corpus
982 3134 1114 3196 uuum,
1143 3107 1216 3206 pari
1242 3106 1316 3180 iure

194 3220 386 3318 coniungit,
413 3236 449 3294 ut
473 3221 604 3294 adulter
638 3220 801 3294 habeatur
827 3222 985 3322 quisquis
1019 3247 1216 3321 compagem
1241 3245 1315 3294 cor-

195 3334 288 3434 poris
313 3335 348 3407 in
373 3334 508 3409 diuersa
534 3334 726 3410 distraxerit
741 3336 858 3431 loll.»

265 3591 316 3655 (et)
333 3593 371 3643 ltu
387 3592 470 3644 lucebi
490 3594 518 3643 iu
537 3605 601 3658 resp.
613 3592 644 3643 ad
662 3595 743 3644 Brauu
758 3593 785 3643 iu
801 3605 843 3656 op.
853 3592 896 3643 clt.
909 3590 1136 3644 raderstatttttus
1147 3587 1249 3640 vinculi
1259 3601 1314 3640 rao·

195 3670 341 3722 trintontul.
354 3673 417 3723 sect.
433 3674 465 3722 tt.
477 3685 531 3735 cap.
543 3675 563 3722 1.
574 3672 598 3737 §.
611 3680 634 3724 o.
646 3685 701 3737 urg.
714 3676 753 3722 76.

267 3752 318 3812 (st)
334 3753 371 3801 lta
389 3753 484 3815 Nourry
502 3753 528 3802 in
546 3755 684 3817 Appurctu
703 3751 740 3802 ad
761 3750 1135 3814 tttttottrnaxtmpatrum,
1149 3747 1314 3798 tum.ll.d1s·

195 3831 255 3880 sert.
264 3832 309 3880 ΙΙΙ.
321 3829 347 3879 ln
359 3833 470 3882 Luctaut.
481 3844 537 3895 cap.
549 3836 589 3882 27.
600 3833 647 3881 art.
661 3837 687 3882 5.

267 3909 319 3973 (ott)
334 3909 429 3961 ttluuit
445 3910 476 3961 ad
499 3911 547 3976 lea.
561 3910 663 3963 lulium
676 3911 709 3962 de
725 3910 826 3972 adult,
836 3923 886 3974 qua
898 3909 995 3960 mulieri
1007 3922 1056 3959 uon
1068 3907 1218 3972 penuittitur
1231 3907 1256 3956 iu
1271 3920 1316 3970 pu·

196 3987 262 4039 blico
273 3988 365 4040 iudicio
380 3991 512 4042 occussndl
528 3991 645 4055 facultas,
659 3991 754 4050 etiamsi
773 3989 898 4055 proprIam
916 3989 1032 4039 iniuriam
1048 3989 1167 4038 adversus
1187 3987 1317 4050 coniugem

194 4069 368 4134 expostularet.
379 4071 452 4129 Quod
464 4085 513 4123 uou
529 4073 609 4123 solum
623 4071 766 4123 Laclantius
787 4071 843 4121 heic
861 4070 1025 4134 improbrasse
1043 4068 1156 4128 videtur,
1178 4067 1221 4117 scd
1241 4068 1316 4117 ctiam

193 4149 417 4213 peruenturum.
430 4151 456 4200 iu
469 4153 573 4209 Queat.
584 4150 620 4201 od
630 4149 751 4201 antioch.
767 4149 862 4202 ducem
883 4149 915 4199 ad
931 4148 1023 4202 calcem
1042 4160 1100 4211 opp.
1112 4160 1134 4198 s.
1145 4147 1263 4197 Athenas.
1275 4145 1315 4195 ed.

196 4229 274 4279 Maur.
287 4231 348 4279 tom.
357 4230 389 4280 ll.
402 4243 458 4294 pag.
472 4238 526 4282 teu
537 4230 595 4280 item
607 4230 740 4294 Gregorius
750 4230 887 4292 naumann,
899 4228 1044 4278 runbrosius
1052 4227 1144 4290 aliique
1156 4225 1222 4289 apud
1235 4225 1318 4276 cuiae·

195 4307 264 4357 cium
276 4307 333 4358 eud.
343 4308 383 4359 tit.

266 4388 320 4453 (64)
337 4388 398 4440 tntu.
415 4389 458 4441 tit.
468 4391 511 4442 Vl.
524 4391 614 4442 mutar.
625 4391 741 4443 tmtttttt.
752 4403 808 4455 cup.
819 4391 907 4440 xxlll.
919 4401 945 4439 u.
957 4391 996 4442 tt.
1006 4386 1046 4439 ed.
1058 4388 1101 4439 cit.
1114 4401 1169 4452 pag.
1179 4390 1223 4438 274
1232 4399 1285 4448 seq,
