3234 5084
363 387 430 457 trs
506 406 568 457 nn.
585 404 632 457 ιιι.
649 402 735 454 sacr.
752 400 1323 456 narrar.nnrnn1ss.mrn.onursr.

361 522 593 601 sanctionibus
608 521 843 622 episcoporum
862 519 1059 608 latinorum,
1079 522 1277 620 inquorum
1297 519 1477 620 pmrinciis

362 666 423 715 seu
447 636 661 714 dioecesibus
692 636 802 734 graeci
828 636 975 735 degunt,
996 635 1246 723 assentiamur,
1277 634 1380 734 plura
1407 651 1480 710 sant

361 778 449 855 quae
473 750 619 825 obstant.

436 865 483 941 llo
509 869 544 938 1.
574 864 684 939 obstat
707 864 838 939 sanctio
855 864 1054 951 tridentina,
1076 890 1164 963 quse
1180 863 1345 938 definivit
1368 889 1409 939 ac
1429 863 1479 939 de

361 981 519 1068 claravit,
549 1007 616 1054 non
649 1006 751 1079 posse
782 979 922 1055 dissolui
949 979 1161 1054 matrimonia
1184 995 1330 1079 propter
1357 978 1480 1052 adulte

361 1100 448 1171 rium
465 1097 557 1171 iuxta
575 1096 761 1170 doctrinam
773 1094 1000 1193 euangelicam
1017 1110 1050 1168 et
1066 1094 1288 1195 apostolicam
1303 1124 1312 1182 ;
1335 1093 1480 1194 adeoque

361 1212 427 1285 nisi
452 1212 566 1286 dicere
587 1212 731 1286 velimus
748 1211 926 1301 ecclesiam
951 1210 1175 1284 universalem
1201 1211 1274 1310 pati
1303 1236 1427 1310 possa,
1445 1228 1478 1282 ut

362 1344 478 1402 contra
502 1327 688 1401 doctrinam
713 1325 940 1424 evangelicam
965 1341 998 1398 et
1021 1325 1239 1425 apostolicam
1266 1326 1475 1400 matrimonia

363 1460 440 1541 post
471 1441 612 1540 legalem
646 1441 799 1515 adulterii
833 1440 1063 1540 probationem
1095 1441 1319 1527 dirimantur,
1355 1456 1389 1514 et
1419 1438 1478 1511 alia

361 1558 534 1643 ineantur,
556 1556 702 1656 prolecto
720 1555 911 1629 reiiciamus
936 1580 1075 1629 necesse
1095 1570 1147 1629 est
1170 1555 1343 1629 eiusmodi
1369 1554 1478 1627 distin·

360 1671 503 1743 ctionem
534 1669 620 1742 inter
650 1669 792 1743 divortia
818 1669 905 1743 lacta
931 1670 1067 1768 propria
1091 1695 1152 1742 seu
1182 1669 1317 1769 privata
1348 1667 1478 1741 auctori·

362 1801 445 1872 tate,
473 1801 507 1859 et
530 1784 673 1858 divortia
697 1810 786 1885 quae
811 1784 894 1859 bant
919 1801 996 1884 post
1020 1784 1198 1858 iuridicam
1222 1783 1388 1857 adulterii
1412 1806 1478 1882 pro

361 1898 530 1975 bationem
561 1897 732 1998 latamque
763 1924 784 1972 a
816 1898 908 1972 ciuili
939 1896 1257 1972 aucentesimum
1287 1894 1478 1971 auctoritate

362 2014 583 2090 sententiam:
604 2013 689 2087 haec
712 2014 800 2087 enim
828 2013 875 2087 rei
901 2012 1124 2089 substantiam
1142 2012 1339 2111 nullatenus
1365 2011 1475 2084 immu-

363 2144 446 2203 tant.
475 2128 634 2229 Alioquin
659 2128 833 2204 admittere
857 2127 1056 2204 deberemus
1081 2128 1171 2229 quod
1201 2127 1307 2229 paulo
1336 2142 1415 2201 ante
1437 2122 1477 2198 ci

363 2259 451 2317 tatus
476 2261 592 2319 auctor
616 2244 862 2319 dissertationis
886 2245 934 2317 Do
951 2244 1101 2317 diuortiis
1118 2244 1153 2316 in
1177 2243 1325 2319 bavaria
1340 2239 1473 2323 effutiit,

361 2356 539 2432 ecclesiam
565 2374 693 2431 tantum
718 2358 788 2432 illis
813 2358 989 2432 anathema
1007 2358 1070 2432 boc
1086 2382 1215 2431 canone
1235 2358 1311 2431 llll.
1333 2356 1473 2437 dixisse,

361 2474 420 2574 qui
448 2473 693 2547 matrimonium
720 2473 755 2545 in
780 2499 862 2547 casu
888 2471 1041 2547 adulterii
1067 2459 1202 2573 proprio
1225 2488 1319 2547 motu
1342 2466 1474 2545 dissolri

362 2615 465 2690 mese
480 2605 680 2664 assererent.
701 2588 773 2663 Hoc
788 2614 867 2663 uero
884 2602 1046 2688 quantum
1063 2615 1084 2661 a
1100 2613 1179 2663 vero
1202 2586 1367 2676 abludat,
1380 2594 1476 2658 ‘nemo

363 2704 603 2779 catholicorum
626 2720 700 2790 est,
720 2702 779 2802 qui
805 2728 871 2777 non
896 2701 1020 2775 videat.
1049 2703 1087 2775 ln
1111 2702 1155 2776 iis
1180 2703 1271 2777 enim
1290 2727 1380 2804 quae
1403 2710 1474 2772 sunt

363 2835 478 2892 contra
502 2819 686 2892 doctrinam
711 2816 939 2915 euangelicam
964 2832 998 2890 et
1021 2817 1256 2918 apostolicam,
1278 2846 1340 2892 seu
1362 2827 1472 2890 ‚conum

362 2933 535 3007 ueritatem
560 2932 722 3005 divinitus
748 2932 927 3005 revelatam
945 2931 1038 3006 nulla
1064 2932 1135 3007 lieri
1153 2949 1263 3035 potest
1281 2927 1468 3008 transactio.

436 3046 470 3116 2.
500 3042 622 3118 Obstat
634 3045 830 3119 constitutio
846 3045 1026 3120 Clementis
1044 3048 1129 3118 lllll.
1150 3048 1208 3147 qui
1226 3046 1393 3148 praecipit
1406 3039 1471 3139 epi·

362 3159 475 3260 scopis
501 3158 635 3248 latinis,
657 3159 693 3231 in
718 3185 860 3260 quorum
886 3159 1100 3235 dioecesibus
1125 3162 1236 3260 graeci
1254 3188 1338 3237 suas
1354 3157 1471 3233 hubent

363 3273 524 3349 ecclesias
542 3299 691 3375 suosque
716 3274 801 3348 ritus
827 3292 979 3363 seruant,
1000 3291 1036 3348 ut
1053 3275 1139 3349 inter
1162 3276 1325 3375 coniuges
1342 3289 1470 3373 graccus

362 3389 577 3465 matrimonia
593 3389 723 3477 dirimi,
740 3415 801 3464 seu
819 3390 963 3465 divortia
980 3390 1091 3490 quoad
1108 3390 1280 3465 vinculum
1299 3390 1372 3465 lieri
1387 3381 1469 3458 collo

362 3504 456 3579 modo
481 3509 675 3606 permittant
691 3520 751 3579 aut
768 3506 957 3605 patiantur,
982 3522 1015 3580 et
1032 3507 1061 3579 si
1079 3506 1206 3607 quade
1222 3507 1310 3581 lacto
1327 3521 1470 3607 praecet-

361 3622 484 3709 serint,
503 3647 544 3695 aa
568 3621 662 3695 nulla
686 3637 719 3696 et
744 3621 840 3696 irrita
864 3621 1044 3696 declarent.
1066 3623 1168 3697 Poma
1192 3621 1221 3696 si
1246 3611 1464 3697 nullomodo,

361 3762 441 3834 ergo
466 3763 575 3838 neque
599 3738 736 3837 pmprio
761 3754 872 3826 motu,
894 3766 1004 3838 neque
1019 3737 1120 3838 legali
1138 3739 1304 3813 sententia
1325 3724 1465 3823 disiungi

361 3851 406 3926 ob
423 3852 623 3927 adulterium
640 3853 753 3953 quoad
770 3853 943 3928 uinculum
960 3854 1172 3929 matrimonia
1188 3870 1342 3955 possunt.
1362 3848 1395 3921 Si
1411 3839 1466 3943 qui

361 3966 503 4067 proinde
526 3967 676 4067 episcopi
703 3969 775 4043 suis
793 3969 965 4070 synodicis
984 3968 1216 4044 sanctionibus
1239 3969 1275 4042 id
1291 3990 1393 4043 unum
1415 3981 1466 4031 ffl-

363 4100 503 4169 uerunt,
523 4108 566 4156 ne
590 4083 701 4157 mariti
719 4086 915 4160 auctoritate
932 4084 1088 4185 propria,
1109 4084 1268 4186 nullaque
1290 4076 1465 4185 praemissa

364 4198 549 4287 sententia,
569 4216 627 4274 aut
650 4201 757 4276 lorma
781 4201 897 4275 iudicii
926 4227 1047 4277 uxores
1063 4202 1219 4277 adulterii
1239 4212 1407 4303 praetextu
1421 4185 1463 4261 dl·

361 4312 546 4398 mitterent,
566 4330 599 4388 et
623 4314 719 4389 nouis
743 4314 904 4414 deinceps
929 4315 1089 4391 uxoribus
1115 4318 1349 4414 iungerentur,
1376 4312 1462 4409 prout
