3234 5084
208 512 211 516 Α
293 452 362 502 cir.
381 450 424 499 ιν.
441 449 481 499 un
497 447 609 498 amsa.
628 447 1108 499 accinctumaccensum
1126 448 1160 499 tr.
1217 426 1284 497 iti

245 571 443 669 Anonymus
469 593 548 640 vero
574 581 690 639 auctor
706 567 820 665 operis
844 566 893 638 De
912 564 1069 664 potestate
1085 566 1235 640 ecclcsiae
1252 571 1289 640 io

173 686 416 759 matrimonium
440 698 471 754 ei
495 681 534 753 do
558 681 846 753 indissolubiliioic
873 681 1075 752 mirimortii'
1097 707 1152 753 aa.
1178 683 1286 753 1791.

173 802 320 900 vulgati,
342 827 385 873 cx
400 798 543 872 historie
560 823 662 897 qnam
683 796 797 871 retulit
817 796 861 870 de
886 812 1014 869 mumta
1030 796 1168 871 canonis
1186 795 1291 872 forma

174 916 364 1003 concludit,
390 913 582 987 mirandum
600 939 668 986 non
686 937 781 999 esse,
811 910 903 1011 qnod
920 936 1049 998 canon,
1069 912 1127 1011 qui
1145 911 1291 1011 politicis

175 1034 305 1129 magis,
325 1056 426 1131 quam
444 1027 682 1102 ecclesiasticis
700 1026 865 1125 auspiciis
882 1040 981 1098 natus
999 1024 1055 1113 sit,
1076 1025 1110 1097 in
1128 1051 1168 1098 ea
1186 1026 1292 1101 lorma

176 1146 333 1222 conditus
351 1144 467 1231 luerit,
489 1168 674 1242 quaecum
694 1139 856 1238 dignitate
880 1139 1042 1214 ecciesiae
1068 1167 1186 1240 pamm
1212 1167 1292 1214 con·

178 1262 284 1336 ciliari
299 1260 419 1358 possit,
430 1259 557 1359 qnippe
569 1282 656 1357 quae
670 1255 871 1330 contrariam
884 1255 1070 1330 doctrinam
1080 1280 1146 1329 uon
1157 1255 1292 1330 damna-

179 1376 284 1461 verit;
309 1401 372 1448 nec
392 1398 570 1473 superesse
593 1371 704 1459 alind,
732 1397 835 1471 quam
860 1387 897 1444 ut
921 1369 1024 1444 verba
1039 1370 1200 1444 canonis:
1220 1396 1293 1443 com

180 1490 448 1572 amittebat,
470 1487 696 1562 conditionate
713 1501 949 1585 supponantur
967 1485 1031 1559 hoc
1043 1510 1167 1559 sensu:
1188 1484 1294 1560 eccle·

181 1607 265 1680 siam
291 1633 358 1680 non
384 1631 513 1690 errare,
540 1605 573 1676 si
595 1601 763 1690 docuerit,
791 1618 826 1675 et
848 1618 925 1676 actu
949 1603 1085 1689 doceat3
1111 1628 1209 1676 secus
1235 1628 1294 1702 pu·

183 1740 248 1796 tres
267 1721 465 1795 tridentinos
483 1719 682 1794 historicum
700 1744 845 1793 errorem
857 1718 1069 1792 commisisse
1079 1734 1289 1820 sequeretur,

183 1853 296 1936 utpote
313 1837 371 1937 qui
390 1835 654 1909 existimaverint
665 1833 852 1907 doctrinam
865 1832 908 1906 de
919 1832 1215 1908 indissolubilitate
1226 1859 1295 1905 ma·

182 1954 327 2026 trimouii
348 1979 410 2053 pro
430 1979 513 2026 casu
534 1950 688 2025 adulterii
707 1977 767 2051 per
782 1976 945 2025 canonem
963 1951 1032 2021 llll.
1054 1974 1148 2024 conc.
1174 1950 1295 2023 triden-

181 2069 241 2140 tini
261 2094 348 2142 scss.
367 2068 479 2139 lllllll.
505 2067 708 2168 propositam
726 2067 792 2139 iam
807 2082 906 2139 anim
927 2064 971 2139 ab
989 2064 1132 2141 ecclesia
1148 2063 1295 2139 declara·

182 2198 249 2256 tam
274 2182 401 2271 fuisse,
430 2207 505 2255 cum
532 2198 641 2255 tamen
669 2180 704 2252 id
731 2180 855 2254 lactum
881 2179 971 2253 haud
1002 2179 1102 2254 luerit
1128 2182 1217 2277 (si).
1246 2182 1295 2255 lta

184 2296 335 2370 nonnulli
361 2297 448 2371 serio
473 2295 665 2394 nugantur!
1065 2350 1067 2353 .

257 2410 317 2484 Ast
340 2438 450 2511 neque
473 2409 530 2482 hic
554 2409 646 2483 stetit
665 2411 712 2483 lo.
743 2410 907 2510 Iosephus
931 2406 1025 2499 llatz,
1045 2410 1198 2510 quicum
1215 2410 1296 2482 lau·

184 2525 264 2600 noio
284 2540 354 2598 tum
371 2550 517 2599 canones
535 2523 682 2624 reliquos
707 2550 815 2625 nuper
839 2540 1131 2613 commemoratos,
1151 2539 1222 2599 tum
1239 2550 1297 2597 ca·

184 2667 304 2715 nonem
318 2640 409 2714 hunc
420 2641 491 2711 llll.
508 2638 744 2738 disciplinares
758 2666 835 2714 esse
848 2640 1007 2727 affirmat3
1024 2641 1085 2714 scd
1103 2640 1181 2714 dato
1197 2639 1297 2714 etiam

185 2773 219 2828 et
234 2782 300 2830 nnn
317 2782 497 2843 concesso,
518 2756 682 2830 eiusmodi
709 2780 871 2829 canonem
891 2750 1107 2829 doctrinalem
1126 2780 1220 2841 esse,
1245 2755 1298 2827 in-·

187 2872 385 2970 quirendum
407 2872 518 2946 adhuc
536 2872 693 2959 essenii,
715 2898 757 2945 aa
776 2896 843 2944 non
862 2870 1013 2971 synodus
1029 2894 1190 2945 canonem
1208 2869 1299 2944 hunc

188 2983 379 3074 condendo,
399 2986 522 3060 limites
539 2987 714 3087 potestatis
732 3012 816 3061 suae
832 2984 1035 3060 excesserit?
1052 2985 1152 3075 Cum,
1171 3002 1209 3059 ut
1225 2984 1300 3088 ipse

189 3101 253 3187 ait,
278 3125 337 3199 pro
358 3100 508 3174 doctrina
523 3101 715 3198 evangelica
738 3118 772 3175 et
789 3100 973 3200 apostolica
990 3126 1029 3175 ea
1049 3099 1158 3174 solum
1174 3100 1299 3176 verius

188 3215 380 3313 Scripturas
396 3240 466 3287 sac.
494 3214 611 3288 haberi
634 3216 761 3315 possit,
782 3242 884 3316 quam
909 3232 1020 3315 patres
1037 3215 1200 3291 ecclesiae
1214 3244 1300 3290 una-

191 3329 273 3402 nimi
298 3354 465 3403 consensn
489 3354 551 3428 pro
577 3328 635 3401 tali
652 3328 801 3403 habent:
823 3329 858 3401 id
883 3329 973 3430 quod
993 3330 1037 3403 de
1061 3328 1301 3405 indissolubili-

189 3463 256 3520 tate
281 3445 484 3520 matrimonii
510 3444 696 3545 praedicari
721 3447 840 3547 nequit
859 3449 948 3543 (38).

274 3561 400 3637 Omitto
424 3560 624 3649 Secherum,
653 3562 712 3661 qui
738 3561 918 3636 arbitratur
950 3578 1051 3638 totam
1084 3562 1171 3637 hanc
1198 3588 1302 3662 qaae·

190 3767 296 3819 seidcrfii
313 3771 380 3818 tabi.
396 3779 451 3831 pag.
473 3773 503 3818 ab
522 3780 591 3831 seqq.
610 3765 727 3818 mamus
752 3779 826 3830 qnam
845 3767 918 3819 cont.
940 3766 1128 3831 Polychronium
1151 3768 1301 3831 (tomeun,

191 3850 347 3897 Dissertatio
369 3846 570 3898 biblica-critica
597 3845 630 3897 de
658 3859 687 3896 ec
709 3846 780 3910 quod
803 3850 831 3897 ia
856 3859 921 3897 casa
949 3846 1078 3897 adultuli
1097 3848 1214 3909 cantabis
1231 3847 1305 3897 drea

191 3924 328 3977 ommium
347 3927 511 3976 matrimonii
536 3938 570 3975 ex
589 3925 645 3989 leae
664 3924 757 3976 divina
776 3928 878 3976 batam
897 3928 945 3977 est.
962 3925 1032 3988 Apud
1052 3924 1188 3976 Bintbcrim
1198 3925 1245 3976 icc.
1257 3925 1300 3976 cit.

192 4020 247 4069 pag.
265 4010 307 4056 tti
321 4019 372 4069 seq.
390 4010 416 4056 et
437 4006 519 4057 lucebi
542 4019 583 4071 op.
603 4006 647 4057 cit.
667 4005 894 4057 Iadissciabiiiias
914 4005 1017 4057 vinculi
1036 4004 1241 4057 mirimoaialir
1258 4003 1302 4056 dc·

192 4087 347 4135 monstrata
361 4096 395 4135 ea
407 4088 466 4136 iare
477 4085 599 4137 natarali
611 4088 638 4136 et
652 4087 764 4150 positivo
775 4084 876 4136 diotae.
893 4084 1033 4147 moguntiae
1050 4088 1117 4136 tiss.
1131 4096 1155 4147 p.
1173 4087 1216 4135 tei
1230 4096 1300 4148 seqq.

192 4164 230 4213 ct.
247 4162 392 4226 boskorioy
407 4178 449 4228 op.
461 4166 504 4216 eit.
517 4169 557 4216 Do
567 4168 649 4216 matr.
661 4168 722 4216 tom.
738 4166 770 4214 ii.
784 4177 838 4229 pua
853 4167 907 4215 tii.
919 4175 971 4227 seq.

268 4241 319 4305 (87)
334 4241 405 4306 Apud
425 4244 568 4309 nestorius
583 4247 643 4298 ibid.

269 4323 320 4384 (aa)
335 4325 363 4373 iu
382 4337 423 4386 op.
441 4338 517 4388 gerni.
541 4329 687 4378 Harmonia
706 4327 795 4390 mut
814 4325 936 4378 stolium
961 4328 1094 4380 bavariae
1118 4327 1303 4381 &attaliam

192 4416 253 4454 ram
273 4407 481 4469 conscripturo
502 4408 529 4456 ct
548 4406 699 4459 traditione.
717 4407 780 4458 ibid.
802 4420 857 4471 pag.
872 4411 926 4458 sib.
