3234 5084
320 422 387 483 cir.
409 429 453 479 rr.
472 429 604 483 usuras.
621 429 718 481 urar
731 430 892 494 numen
905 430 1066 485 umacus.
1079 432 1208 485 sarar.
1244 415 1310 487 tat

196 573 297 647 quam
320 548 390 621 vim
416 546 599 636 habereut,
621 574 688 621 non
706 546 808 623 modo
833 550 1033 625 sententiam
1058 550 1148 625 hanc
1172 551 1314 652 impete-

197 680 270 738 rent
284 664 328 738 de
351 677 516 762 potestate
538 663 709 764 pontificis
734 663 956 764 dispensandi
983 692 1101 763 graves
1124 668 1168 742 ob
1192 694 1314 743 causas

195 792 223 853 a‘
239 777 375 855 vinculo
399 778 599 853 matrimonii
627 780 712 867 rati,
742 781 802 855 sed
828 781 930 854 etiam
956 782 1029 881 pari
1055 782 1154 858 modo
1179 784 1315 884 impete·

195 911 269 971 rent
290 894 544 995 praecedentem
562 894 785 993 dogmaticam
806 896 929 970 thesim
951 896 1176 973 desolatione
1198 900 1314 973 matri·

195 1010 300 1085 monii
326 1009 390 1087 reti
415 1036 475 1109 per
498 1008 681 1084 solemnem
712 1010 885 1108 religionis
920 1012 1174 1111 professionem.
1204 1014 1313 1114 Atque

196 1128 274 1203 heic
298 1125 406 1203 obiter
428 1142 507 1201 noto
531 1126 691 1227 pleraque
715 1144 912 1226 argumenta
935 1155 1023 1228 quae
1039 1128 1128 1203 hanc
1146 1129 1313 1228 impetunt

196 1242 417 1329 sententiam,
438 1242 599 1342 impetere
623 1242 747 1343 pariter
764 1242 903 1316 alteram
929 1242 972 1316 de
996 1242 1164 1318 solutione
1186 1269 1246 1342 per
1263 1269 1314 1319 so

196 1358 340 1433 lemnam
366 1357 539 1455 religionis
560 1357 817 1458 professionem.
846 1357 981 1432 Scilicet
997 1359 1041 1434 oh
1065 1358 1201 1433 easdem
1228 1384 1313 1458 pene

90 1507 93 1513 ·
197 1473 344 1547 rationes
357 1470 401 1546 oh
414 1497 501 1572 quas
519 1472 680 1546 haeretici
694 1472 790 1547 aiunt
802 1472 979 1548 ecclesiam
993 1500 1104 1548 errare
1121 1474 1203 1549 dum
1217 1474 1315 1547 docet

196 1589 445 1663 matrimonium
465 1604 574 1664 ratum
594 1616 655 1688 per
673 1588 856 1663 solemnem
877 1589 1050 1688 religionis
1070 1589 1312 1690 professionem

195 1702 357 1790 dissolri,
374 1703 429 1777 isti
447 1704 606 1779 catholici
621 1703 767 1802 theologi
783 1705 952 1779 affirmant
970 1705 1148 1780 Pontifices
1161 1731 1306 1792 errasse,

196 1819 277 1893 dum
294 1820 339 1894 ob
355 1820 440 1896 alias
458 1846 581 1895 causas
599 1820 849 1895 matrimonium
869 1837 978 1897 ratum
992 1821 1230 1897 dissolverunt.

200 2018 204 2027 ,
267 1935 379 2022 Quum
398 1942 484 2010 'vero
510 1938 595 2017 haec
619 1964 640 2010 a
664 1938 738 2011 viro
771 1936 936 2011 catholico
970 1938 1104 2038 probari
1136 1963 1202 2011 non
1234 1963 1313 2035 pos-

194 2051 283 2137 sint,
312 2066 346 2124 et
367 2050 541 2150 pontificia
567 2053 748 2127 auctoritas
780 2079 871 2127 uuus
896 2058 937 2127 e'x
962 2052 1111 2128 fontibus
1139 2077 1200 2126 seu
1230 2051 1313 2126 locis

195 2164 395 2263 theologicis
412 2166 457 2240 sit
474 2165 519 2239 ad
544 2165 746 2241 firmandam
772 2167 923 2268 aliquam
944 2168 1160 2242 doctrinam»
1181 2181 1311 2268 postea·

193 2307 297 2381 quam
329 2307 414 2356 rom.
447 2282 626 2355 Pontifices
650 2299 684 2356 et
708 2282 807 2356 dictis
833 2301 867 2358 et
898 2283 996 2358 lactis
1022 2283 1251 2384 patefecerunt
1276 2306 1313 2358 se

195 2398 299 2499 pesse
322 2396 440 2470 diuina
455 2397 500 2470 'ad
518 2397 553 2469 id
572 2397 743 2496 praeditos
764 2397 947 2485 facultate,
967 2398 1165 2497 urgentibus
1183 2398 1310 2485 causis,

195 2512 459 2612 exposcentibus
478 2513 558 2586 item
583 2513 672 2588 huno
696 2539 737 2586 ac
760 2512 907 2587 utilitate
927 2513 1095 2600 fidelium,
1115 2513 1315 2611 dispensare

194 2630 230 2700 in
256 2627 470 2702 matrimonio
496 2630 590 2714 rato,
609 2629 709 2703 nemo
733 2629 801 2702 iam
828 2628 1120 2703 siuetemeritatis
1146 2644 1225 2702 nota
1254 2651 1315 2727 po·

194 2742 272 2816 terit
288 2741 377 2815 hanc
400 2757 599 2842 potestatem
616 2742 652 2816 in
670 2741 812 2818 dubium
838 2768 1014 2832 revocare,
1036 2741 1145 2817 multu
1158 2752 1238 2817 vero
1254 2742 1315 2817 mi·

193 2883 260 2932 nus
286 2857 443 2931 inficiari.
540 2888 545 2893 ·

208 3000 212 3021 ·
267 2974 334 3046 Neu
365 2969 451 3045 illud
485 2970 621 3047 silentio
653 2974 834 3073 praeterire
866 2973 1029 3049 dehemus
1061 2973 1153 3075 quod
1188 2966 1313 3048 summi

195 3087 373 3162 Pontifices
405 3087 496 3161 haud
523 3090 623 3163 caeca
648 3090 794 3178 ratiom,
827 3088 890 3163 sed
914 3089 1069 3164 consulto
1095 3116 1172 3163 sese
1197 3114 1312 3186 gesse·

187 3207 264 3278 rim
295 3206 330 3276 in
363 3204 530 3278 dusmodi
564 3205 880 3306 dispensationibus
911 3205 1161 3280 concedendis.¹
1179 3205 1311 3278 Etenim

191 3318 446 3394 GlemonsVlll.
466 3320 572 3395 voluit
587 3320 789 3422 utquaestio
805 3322 890 3396 haec
908 3322 943 3393 iu
961 3321 1221 3419 congregatione
1239 3346 1315 3420 par-

189 3430 328 3511 ticulari
353 3451 434 3510 coto
446 3437 480 3509 S.
498 3434 537 3509 fl.
554 3437 594 3509 lt.
610 3438 856 3526 cardinalium,
878 3440 1024 3538 quatuor
1049 3462 1120 3509 sae.
1141 3437 1244 3510 Rotae
1260 3462 1318 3508 aa

195 3553 356 3639 diturum,
371 3546 584 3652 duorumque
601 3552 788 3653 insignium
806 3552 1038 3653 theologorum
1055 3550 1311 3651 expenderetur.

195 3662 246 3739 lh
262 3664 380 3742 eadem
398 3692 497 3767 porro
515 3670 774 3769 congregatione
799 3669 999 3767 suffragium
1025 3666 1130 3742 latum
1147 3684 1217 3755 est,
1247 3672 1317 3766 quo

196 3776 362 3858 &nuntia
378 3784 422 3857 de
448 3784 569 3857 summi
596 3785 769 3884 pontificis
794 3800 959 3886 potestate
976 3784 1012 3857 in
1028 3782 1230 3857 dirimendis
1248 3807 1317 3855 me

198 3897 364 3973 trimouiis
389 3896 472 3974 ratis
489 3896 653 3992 laudata,
673 3901 885 4003 probataque
909 3917 978 3989 est,
1004 3926 1074 4000 qua
1098 3900 1317 3998 insequentes

196 4006 321 4086 summi
353 4012 531 4091 Rontitinea
559 4015 838 4093 'constantissime
862 4016 906 4091 ad
933 4015 998 4093 hos
1021 4038 1132 4116 usqne
1162 4011 1238 4087 dias
1261 4011 1316 4087 usi

196 4128 446 4227 suntllldp'
629 4158 671 4167 ’·
890 4190 892 4197 .
1070 4156 1074 4165 ·
1122 4150 1124 4165 ’
1200 4136 1223 4145 ”

269 4332 336 4397 (rut)
351 4332 390 4385 ct.
405 4332 567 4387 Phocarum
577 4332 731 4388 resolutton.
744 4349 798 4388 suc.
812 4349 901 4400 coam.
916 4338 993 4387 coac.
1007 4337 1066 4385 tom.
1077 4334 1127 4383 tv.
1142 4334 1235 4382 Romae
1250 4335 1316 4381 ttae.

188 4416 215 4466 iu
226 4418 314 4468 cnuto
333 4415 443 4467 ntem
461 4429 508 4469 scu
524 4418 661 4470 turrttcrro
678 4431 732 4483 pag.
748 4424 786 4470 tc.
1173 4491 1193 4533 a
