3234 5084
305 453 374 505 oar.
387 452 425 505 ιι.
440 452 481 505 ιιι
496 451 609 505 annm.
621 452 706 507 aare
734 454 767 506 ιιι
781 452 870 507 euos.
886 453 999 506 mour.
1016 453 1087 505 ιιι.
1103 454 1152 507 ιιι.
1223 434 1293 505 ite

180 572 347 657 moieno,
376 595 445 645 nou
470 585 582 645 autem
603 569 648 645 ed
672 570 818 646 induem
842 570 1056 673 subsequens
1080 570 1124 647 de
1148 570 1216 647 ulia
1232 574 1297 648 du·

177 687 284 765 oeuda
314 700 375 763 aut
398 710 466 762 non
491 685 647 761 ducenda
669 711 774 760 uxore
794 687 885 783 (98).

683 911 722 1011 p.
751 911 796 984 ιι.

215 1125 307 1177 haimo
321 1125 491 1190 interpretatio
501 1126 616 1176 textaoru
631 1125 750 1176 Matthaei
765 1123 796 1175 da
812 1124 954 1176 omnimode
968 1124 1094 1176 christiani
1110 1126 1261 1177 matrimonii

356 1203 574 1255 indissolubilitete
589 1217 619 1255 eu
635 1205 712 1254 iteret
727 1209 759 1255 L
781 1206 806 1255 et
822 1206 882 1255 iun.
898 1206 964 1255 xvi.
980 1204 1112 1256 stabilitur.

252 1381 347 1469 Quae
363 1382 512 1456 diximus
528 1383 572 1457 de
589 1382 715 1486 Christi
733 1400 846 1457 mente
862 1382 952 1458 eirea
971 1382 1199 1458 omnimodam
1215 1408 1296 1458 oon-

178 1496 302 1596 iugalis
322 1498 449 1572 vinculi
469 1498 684 1588 firmitatem,
705 1500 849 1574 mirifice
864 1498 1106 1573 eoniirmantur
1125 1497 1209 1572 loeis
1235 1525 1298 1598 pa-

178 1612 303 1687 rallelis
328 1613 431 1687 11ιηί
448 1614 491 1688 X.
512 1616 572 1689 11.
589 1617 650 1689 ni.
670 1631 704 1690 et
719 1617 828 1690 Lucae
843 1615 927 1689 xvi.
950 1616 1009 1689 18.
1034 1616 1119 1688 Nam
1137 1612 1229 1687 nulla
1250 1614 1301 1687 in-

178 1729 264 1802 ieeta
279 1729 324 1802 de
341 1730 563 1807 fornicatione
588 1732 800 1831 exceptione,
821 1731 975 1807 Christus
1001 1746 1145 1833 utroque
1167 1730 1203 1803 in
1225 1729 1300 1806 loeo

177 1843 330 1919 absolute
356 1847 557 1945 pronunciat
573 1847 730 1922 edultem
748 1874 825 1923 reos
844 1847 939 1936 fieri,
959 1847 1189 1947 quicumque,
1210 1847 1298 1922 [uoto

176 1959 335 2049 divanio,
356 1986 460 2037 nonas
478 1964 614 2065 nuptias
636 1964 785 2038 inierint.
806 1964 850 2038 Ut
866 1977 979 2037 autem
995 1962 1172 2062 utriusque
1189 1977 1300 2036 textus

175 2076 229 2151 nis
252 2093 436 2177 appareat,
466 2095 617 2178 praestet
639 2106 755 2155 eorum
773 2078 958 2179 quemlibet
981 2105 1059 2153 oum
1078 2076 1152 2153 suis
1176 2077 1299 2153 adinu-

174 2190 239 2265 otis
263 2191 388 2265 referre
413 2208 448 2266 et
472 2195 683 2294 expendere,
711 2195 818 2295 idque
838 2194 1003 2269 adrem
1027 2218 1107 2281 eos,
1136 2192 1195 2293 qui
1220 2191 1300 2267 sub-

174 2304 426 2402 intelligendam
446 2307 542 2382 iniis
567 2335 645 2383 esse
664 2325 785 2410 putent
806 2309 961 2383 eamdem
989 2307 1190 2407 perioopen,
1211 2334 1301 2408 quae

173 2420 262 2521 apud
284 2420 488 2495 Matthaeum
508 2424 670 2511 oeourrit,
693 2440 794 2525 atque
818 2451 860 2499 ex
884 2422 1052 2499 Matthaeo
1070 2422 1298 2524 supplendum

173 2535 264 2635 quod
283 2535 320 2608 in
343 2535 422 2609 aliis
445 2538 630 2634 evangeliis
655 2541 818 2614 omissum
843 2555 908 2613 est.

247 2650 357 2723 Refert
382 2650 484 2748 igitur
501 2679 532 2726 s.
554 2654 703 2743 namus,
728 2654 914 2755 quodcum
935 2654 1113 2726 audissent
1136 2651 1299 2752 discipuli

174 2789 374 2865 responsum
390 2791 412 2838 a
429 2765 564 2841 Christo
582 2767 774 2867 pharisaeis
791 2769 909 2843 datum
935 2768 979 2842 de
996 2766 1295 2842 indissolubilitate

174 2879 343 2978 ooniugii,
364 2878 454 2954 iaetu
480 2880 663 2957 abolitione
681 2883 787 2957 libelli
806 2882 957 2985 repudii,
980 2897 1202 2983 revocatoque
1218 2908 1301 2958 eon-

175 2994 268 3093 iugio
289 2995 334 3069 ad
352 2995 531 3095 pristinam
549 2998 819 3074 institutionem:
843 3001 912 3072 uln
930 3000 1030 3074 domo
1047 2999 1169 3073 iterum
1194 2999 1301 3075 disei-

175 3110 247 3213 puli
275 3112 351 3186 eius
379 3113 422 3187 de
452 3114 571 3189 eodem
605 3115 893 3215 interrogaremini
921 3144 1011 3191 enm.
1048 3116 1091 3191 Et
1124 3117 1173 3190 ait
1201 3116 1295 3192 illia:

177 3227 390 3329 Qmoumque
406 3230 575 3306 dimiserit
586 3259 724 3308 uxorem
738 3260 856 3323 suam,
872 3251 907 3310 et
918 3234 1021 3308 aliam
1033 3234 1182 3323 duxerit,
1199 3234 1299 3308 adul-

177 3343 298 3418 terium
323 3345 500 3419 committit
525 3373 738 3448 supeream.
766 3351 810 3423 Et
833 3351 864 3423 si
890 3376 974 3423 uxor
995 3349 1163 3423 dimiserit
1187 3351 1298 3424 uirum

176 3484 289 3548 mum,
311 3476 345 3535 et
368 3461 426 3535 alii
452 3464 633 3562 nupserit,
661 3465 902 3539 moechatur.»
920 3466 1016 3552 Quae
1040 3465 1177 3565 quidem
1195 3463 1299 3539 verbe

178 3575 263 3651 adeo
276 3592 355 3651 sunt
367 3577 565 3677 perspicua,
582 3594 620 3654 ut
636 3577 765 3654 nullum
779 3579 1048 3679 tergiversationi
1069 3578 1179 3653 loeum
1198 3578 1300 3652 relin-

179 3707 298 3791 quant.

248 3807 371 3881 Verum
395 3806 461 3881 hoo
486 3808 563 3908 ipso
586 3807 671 3882 nihii
695 3808 899 3893 ¹intentatum
918 3807 1103 3883 aduersarii
1121 3808 1295 3895 omittunt,

177 3935 215 3993 ut
237 3919 307 3994 iilis
332 3916 488 3996 tedebran
506 3923 693 3998 offundant.
716 3924 782 3996 Alii
808 3925 901 3997 enim
918 3950 959 3996 eu
972 3948 1032 4010 eo,
1057 3922 1149 4023 quod
1166 3924 1298 3996 Marcus

174 4035 380 4111 mentionem
399 4037 551 4112 iniecerit
568 4039 610 4113 de
626 4067 727 4114 uxore
741 4038 921 4113 dimittente
933 4041 1043 4112 uirum
1059 4064 1173 4124 suum,
1194 4064 1297 4139 quam

175 4150 364 4226 liatthaeus
390 4154 637 4254 praetermisit,
666 4155 815 4229 inierunt
839 4156 987 4229 Marcum
1011 4180 1078 4228 non
1104 4180 1300 4229 esermone

177 4267 254 4343 iesu
270 4268 376 4345 verba
392 4269 451 4345 iila
466 4270 673 4362 reddidisse,
695 4272 794 4347 seda
818 4274 915 4348 Petro
935 4271 1090 4373 apostolo
1112 4271 1211 4348 euius
1235 4271 1300 4347 tuit

248 4420 300 4485 (ie)
314 4422 356 4475 ci.
373 4421 515 4477 Belinrniu.
531 4425 696 4478 mmmm.
711 4437 767 4489 oap.
784 4426 849 4477 xvi.
