3234 5084
396 470 466 522 aar.
481 471 513 521 r.
531 467 572 522 nr
587 470 696 523 sotur.
714 469 842 524 mrem.
858 471 955 524 nra.
972 471 1043 523 aar.
1058 472 1081 522 r.
1234 450 1302 522 tta

189 605 249 663 aut
271 586 462 662 inconsulto
479 587 514 662 id
535 589 608 663 lieri
632 589 755 663 dehere
775 614 837 689 per
856 614 894 664 se
910 589 1058 690 quisque
1072 586 1181 664 ridet.⁴
1195 589 1251 665 Sic
1268 590 1305 664 il

191 704 281 778 licite
307 703 342 777 id
369 704 483 792 fieret,
504 704 668 805 quamdiu
693 703 804 805 proles
823 704 935 779 adhuc
952 703 1158 780 instituenda
1181 722 1250 792 est,
1271 721 1306 781 et

188 835 365 920 parentum
390 844 472 893 cura
496 844 537 893 ac
561 817 787 893 sollicitudine
812 818 961 917 indiget,
982 845 1044 894 nec
1067 820 1103 893 in
1125 835 1197 894 tuto
1220 820 1305 895 satie

188 949 242 1009 est
265 933 388 1035 posita.
421 935 610 1033 Numquam
639 935 730 1007 enim
761 933 956 1032 evangelica
983 932 1126 1008 consilia
1149 933 1304 1009 homines

188 1047 334 1122 liberant
349 1046 394 1120 ab
410 1047 549 1135 officiis,
565 1047 690 1148 quihus
711 1074 752 1121 ex
775 1048 850 1146 lege
874 1047 1018 1122 naturali
1042 1073 1083 1122 ac
1107 1047 1223 1123 divina
1247 1048 1305 1124 oh

186 1164 417 1262 stringuntur,
434 1188 543 1263 neque
558 1162 704 1237 ecclesia
719 1189 882 1264 umquam
899 1163 995 1239 hisce
1011 1162 1047 1236 in
1063 1163 1201 1240 casibus
1217 1164 1306 1240 eius·

187 1279 280 1353 modi
310 1278 466 1379 probaret
489 1277 736 1378 separationem
760 1278 805 1352 ad
828 1279 1023 1378 religiosum
1052 1294 1176 1355 statum
1201 1280 1305 1379 proli-

185 1393 336 1468 tendum.
365 1392 464 1480 Quod
488 1418 569 1468 uero
593 1394 710 1468 attinet
734 1393 777 1468 ad
804 1393 993 1494 simplicem
1022 1395 1303 1497 separationema

188 1525 281 1599 toro,
300 1509 344 1583 de
361 1535 429 1610 qua
445 1508 606 1607 coniuges
632 1508 718 1583 inter
741 1534 780 1583 se
802 1509 1009 1584 conveniunt
1030 1509 1169 1584 maioris
1193 1510 1305 1609 perie-

184 1623 308 1699 ctionis
331 1623 460 1722 gratia,
488 1622 576 1697 nihil
599 1621 731 1712 obstat,
754 1620 937 1698 dummodo
960 1621 1222 1699 incontinentiae
1246 1649 1304 1724 pe·

186 1739 328 1814 riculum
355 1738 449 1812 aliud
473 1765 541 1814 non
566 1738 719 1815 suadeat.
748 1740 931 1841 Utriusque
947 1739 1172 1841 separationis
1197 1764 1305 1815 exem·

183 1854 241 1954 pla
264 1854 299 1927 in'
322 1854 503 1930 annalibus
528 1854 769 1930 ecclesiasticis
796 1871 999 1956 suppetunt3
1024 1872 1105 1931 nota
1124 1866 1204 1930 sunt
1229 1880 1301 1931 om·

183 1969 284 2044 nibus
308 1969 462 2072 exempla
486 1996 516 2044 s.
545 1970 742 2045 Pulcheriae
758 1986 791 2045 et
815 1970 998 2058 llarciani;
1019 1996 1050 2045 s.
1071 1969 1236 2045 llelaniae
1252 1969 1301 2043 iu·

182 2085 288 2161 nioris
313 2100 347 2159 et
370 2086 525 2176 Piniani;
544 2086 726 2187 Aproniani
748 2102 781 2160 at
805 2086 938 2174 Avitum
963 2111 993 2161 e.
1014 2085 1174 2184 Birgittae
1197 2101 1231 2160 et
1247 2083 1302 2160 Ul·

181 2199 292 2289 tonis,
311 2217 350 2275 ut
366 2200 433 2275 alia
451 2227 538 2303 pene
553 2202 730 2276 innumera
745 2201 912 2277 eiusmodi
930 2199 1085 2301 exempla
1106 2200 1232 2301 quihus
1250 2199 1301 2273 iu·

181 2316 270 2414 giter
293 2316 466 2416 splenduit
488 2317 632 2393 ecclesia
647 2318 731 2405 Dei,
751 2318 872 2392 tacitus
890 2333 1111 2417 praeteream.
1132 2315 1299 2390 Constans

182 2455 282 2532 porro
305 2428 391 2507 hacc
415 2432 537 2531 agendi
557 2431 641 2507 ratio
657 2431 743 2507 eatis
769 2430 928 2531 patefacit
950 2430 1091 2531 quinam
1108 2453 1232 2504 sensus
1248 2453 1301 2503 ec·

180 2544 307 2620 clasiae
331 2547 396 2622 hac
419 2546 463 2623 de
488 2574 525 2622 re
550 2546 662 2622 luerit.

253 2662 335 2735 Sine
358 2688 623 2738 consensuram
642 2662 780 2737 alterius
801 2661 929 2762 partis,
949 2662 1052 2734 immo
1069 2660 1171 2733 etiam
1189 2684 1231 2734 ea
1247 2684 1301 2732 re·

183 2792 372 2874 pugnante,
392 2771 502 2877 potest
518 2776 766 2852 matrimonium
784 2776 898 2877 quoad
916 2790 1027 2852 torum
1043 2773 1301 2875 convictumque

180 2888 297 2961 dirimi
320 2889 364 2963 ob
395 2892 543 2980 crimen3
571 2893 675 2993 idque
704 2892 846 2995 triplex,
877 2917 998 2992 nempe
1021 2889 1066 2965 oh
1095 2888 1298 2965 adulterium

180 3001 323 3076 alteriue
348 3005 523 3104 coningis3
543 3007 587 3081 oh
604 3007 808 3108 apostasiam
827 3033 943 3081 avara
965 3004 1126 3104 religione
1150 3005 1223 3080 sive
1240 3030 1301 3106 per

180 3116 412 3192 infidelitatem
431 3120 503 3194 sire
527 3146 588 3221 per
603 3120 790 3210 haeresim,
815 3147 903 3221 quae
920 3118 1131 3195 infidelitatis
1149 3135 1202 3195 est
1218 3145 1297 3219 spc-

178 3234 271 3321 cies3
300 3258 341 3307 ac
362 3233 407 3308 oh
431 3235 658 3310 inductionem
683 3236 756 3311 sive
780 3236 1010 3312 sedumionem
1034 3236 1079 3309 ad
1106 3250 1293 3335 peccatum.

253 3347 351 3423 Circa
367 3348 524 3423 adulterii
541 3350 667 3425 crimen
685 3349 777 3424 nulla
793 3366 904 3451 potest
919 3350 1199 3436 esseccutentio,
1220 3374 1298 3424 cum

178 3481 295 3564 aperta
318 3466 390 3540 sint
413 3465 540 3540 Christi
565 3465 666 3541 verhe
692 3466 727 3539 in
751 3484 894 3569 utroque
915 3465 1073 3541 Matthaei
1095 3481 1204 3553 textu,
1231 3463 1297 3539 sci-

179 3579 257 3654 licet
283 3581 321 3653 V.
351 3582 410 3655 δὲ.
445 3598 479 3655 et
503 3581 589 3654 XlX.
623 3586 657 3653 9.
690 3581 816 3683 quibus
842 3582 1024 3657 denunciat
1049 3581 1213 3656 Dominus
1239 3605 1298 3654 no

178 3710 248 3769 ster
272 3722 365 3771 reum
390 3723 467 3773 esse
491 3697 696 3798 quicumque
721 3697 889 3772 dimiserit
907 3723 1043 3773 uxorem
1063 3722 1181 3783 suam,
1203 3721 1297 3769 cccc·
1415 3788 1417 3793 Ι

177 3826 236 3907 pto
265 3813 492 3911 fornicationis
522 3839 640 3898 cocao,
661 3830 719 3886 aut
743 3815 812 3886 atii
838 3814 877 3886 oh
901 3815 1159 3914 fornicationem.
1192 3809 1297 3908 igitur

179 3925 245 3999 hac
267 3928 507 4005 interveniente
531 3954 635 4004 causa
655 3929 886 4003 lomimtionis
905 3929 977 4002 sive
1001 3925 1157 4003 adulterii
1177 3925 1297 3998 immu-

179 4042 234 4116 nis
259 4042 324 4115 erit
346 4069 366 4117 a
390 4045 551 4132 crimine,
579 4045 639 4145 qui
657 4044 832 4141 coniugem
850 4043 1029 4117 dimiserit.
1051 4042 1135 4115 Nam
1159 4066 1236 4114 cum
1253 4065 1296 4113 ex

178 4157 338 4256 superius
362 4159 618 4249 demonstratis,
638 4158 804 4234 eiusmodi
823 4157 992 4257 separatio
1010 4156 1082 4230 ficri
1101 4180 1167 4229 non
1185 4153 1296 4255 possit

177 4272 293 4373 quoad
312 4273 505 4362 vinculum,
526 4292 629 4352 restat
654 4274 818 4377 proinde,
838 4290 875 4349 ut
892 4274 965 4348 fieri
990 4287 1093 4374 queat
1113 4270 1225 4373 quoad
1244 4286 1294 4345 to·

179 4414 253 4462 rum
278 4404 311 4465 et
335 4387 638 4480 cohabitationem
659 4407 761 4492 atque
785 4391 832 4466 ita
850 4415 982 4493 semper
998 4402 1166 4465 seruatum
1189 4386 1292 4463 estin
