3234 5084
294 425 364 480 err.
377 425 426 479 nr.
439 423 480 478 nr
497 423 594 479 omen
611 422 1134 481 rmn.etn.mnus.rrrr.rur.1.
1206 407 1277 484 833

163 547 259 623 sinus
281 546 373 635 eius,
396 545 504 621 telin
522 545 588 620 hoo
607 571 727 645 opere,
750 544 803 619 vel
826 546 860 618 in
881 541 954 621 alio
970 572 1026 623 me
1044 546 1156 623 adhue
1172 549 1281 650 expli·

161 687 277 748 rasse,
300 660 354 736 uel
373 662 440 734 iam
457 684 579 761 posse,
595 659 625 735 si
639 684 772 758 urgear,
792 659 1201 761 explicare(1'll).»Quo
1217 663 1279 764 pa·

161 777 243 851 riter
266 776 416 849 relerunt
435 800 525 875 quae
547 774 687 848 s.'Pater
704 772 843 874 scripsit
858 773 894 846 in
912 773 998 848 libro
1014 775 1063 850 De
1080 770 1143 876 fide
1158 791 1191 850 et
1205 803 1281 877 ope·

160 881 274 966 rilem
294 892 368 966 «Et
390 893 426 966 in
449 891 534 993 ipsis
558 889 685 965 divinis
711 889 889 965 sententiis
914 890 961 964 ita
989 890 1170 967 obscurum
1202 908 1276 981 est,

162 1026 274 1084 utrum
300 1024 335 1084 et
352 1009 437 1097 iste,
464 1007 520 1081 oui
545 1005 684 1108 quidem
711 1005 787 1080 sine
810 1004 914 1081 dubio
932 1007 1117 1082 adulteram
1134 1007 1211 1084 lieet
1231 1008 1281 1082 di·

162 1125 316 1211 mittere,
344 1120 476 1196 adulter
499 1136 609 1195 tamen
635 1120 822 1209 habeatur,
842 1120 871 1194 si
890 1120 1029 1196 alteram
1047 1122 1198 1211 duxerit,
1218 1138 1276 1211 ut,

162 1253 326 1340 quantum
352 1237 527 1325 existimo,
556 1234 731 1310 venialiter
748 1235 795 1307 ibi
814 1237 962 1337 quisque
984 1233 1117 1311 fallatur
1135 1239 1275 1335 (lm-³

162 1353 266 1427 diunt
292 1354 326 1425 2.
348 1350 427 1425 elibi
453 1351 657 1426 eontrarium
681 1350 860 1439 docuisse,
889 1351 990 1426 lioere
1021 1351 1182 1427 videlieet
1205 1352 1278 1453 ple·

161 1491 244 1542 num
262 1454 447 1541 'divortium
473 1467 509 1540 in
536 1464 691 1539 adulterii
709 1487 812 1555 essu,
835 1466 878 1540 ad
896 1466 987 1569 quod
1005 1463 1276 1567 persuadendum

161 1582 336 1683 proferunt
351 1582 443 1683 quod
460 1607 490 1655 s.
511 1580 721 1679 Augustinus
743 1581 881 1682 scripsit
897 1582 933 1653 in
952 1581 1012 1656 lib.
1033 1579 1081 1655 oa
1101 1579 1180 1655 loeo
1203 1608 1280 1656 ooo

162 1699 291 1798 eupolis
305 1697 396 1785 «oui
422 1698 511 1771 enim
538 1695 677 1770 dimittit
707 1723 844 1772 uxorem
876 1723 972 1771 suom
1004 1693 1143 1798 exeepta
1170 1723 1275 1774 eausa

158 1812 411 1901 lomioatinnis,
428 1812 510 1886 lacit
525 1838 600 1885 enm
617 1810 800 1886 moechari.
823 1813 937 1913 Usque
955 1813 1040 1887 adeo
1057 1813 1175 1889 loedus
1192 1811 1277 1888 illud

160 1929 280 2003 initum
305 1926 457 2027 nuptiale
480 1925 657 2000 cuiusdam
683 1921 883 2001 sacrementi
902 1953 956 2002 res
974 1944 1047 2016 est,
1066 1945 1105 2002 ut
1121 1953 1184 2003 nee
1200 1928 1278 2029 ipsa

159 2032 373 2146 separatione
397 2042 528 2115 irritum
553 2041 633 2130 fiat3
654 2037 928 2143 quandoquidem
959 2044 1091 2118 vivente
1119 2044 1214 2132 viro,
1243 2059 1278 2117 et

160 2184 274 2261 aquo
299 2157 419 2233 reliota
442 2171 514 2246 est,
541 2154 758 2244 moechatur,
786 2157 817 2231 si
843 2156 939 2231 alteri
965 2160 1137 2258 nupserit,
1165 2173 1200 2233 et
1217 2157 1275 2233 ille

159 2266 262 2348 huius
279 2272 358 2346 tnali
375 2265 480 2346 eausa
496 2285 568 2359 est,
589 2271 648 2371 qui
668 2270 814 2370 reliquit.
831 2270 933 2345 lliror
957 2289 1090 2361 numm,
1107 2274 1141 2347 'si
1158 2299 1274 2375 quem-

149 2388 342 2464 admodum
363 2388 441 2462 lieet
463 2386 632 2460 dimittere
652 2385 839 2460 adulterum
863 2386 1020 2476 uxorem,
1043 2388 1090 2462 ita
1110 2387 1210 2464 lioent
1234 2414 1275 2464 ea

160 2502 304 2577 dimissa
321 2501 459 2577 elteram
483 2500 617 2576 dooere.
639 2499 731 2575 Facit
755 2500 845 2574 enim
862 2500 906 2574 de
922 2501 988 2577 heo
1005 2503 1088 2578 res.
1101 2503 1273 2604 Scriptura

159 2617 334 2693 difficilem
359 2617 507 2706 nodum,
534 2615 668 2690 dicente
683 2614 864 2716 Apostolo,
888 2643 932 2691 ou
945 2635 1117 2719 praecepto
1140 2619 1276 2694 Domini

160 2734 329 2806 mulierem
351 2758 373 2806 o
396 2733 469 2805 viro
494 2757 559 2803 ooo
583 2727 696 2803 dolere
717 2728 898 2817 desedere,
918 2732 1004 2832 quod
1019 2735 1052 2806 ei
1067 2733 1270 2821 devenerit,

162 2843 292 2922 monere
302 2848 474 2947 mutpmm
484 2860 545 2920 out
554 2846 625 2919 uiro
636 2871 694 2918 suo
705 2845 928 2921 reconsiliari:
942 2872 1019 2921 enm
1036 2847 1192 2924 resedere
1207 2848 1273 2923 uti-

161 2986 232 3063 que
250 2976 285 3035 et
299 2986 434 3034 manere
451 2962 611 3061 innupta,
632 2960 699 3035 nisi
717 2959 761 3035 ab
778 2960 937 3036 adultero
947 2965 1021 3038 uiro
1038 2989 1105 3039 non
1129 2963 1272 3051 debeat,

162 3102 206 3152 ne
229 3075 417 3150 resedendo
437 3075 481 3149 ab
502 3099 553 3150 eo·
567 3075 629 3176 qui
649 3074 780 3154 adulter
796 3078 864 3152 non
880 3092 951 3168 est,
971 3078 1073 3156 faeiat
1088 3105 1166 3154 eum
1181 3106 1274 3155 moe·

147 3189 269 3267 -ohari
299 3189 519 3265 Reeonoilinri
543 3189 655 3266 summ
678 3189 752 3265 uiro
773 3190 829 3266 rel
855 3191 1046 3284 tolerando,
1073 3195 1104 3269 si
1130 3194 1169 3270 se
1194 3193 1274 3295 ipsa

159 3308 332 3382 eontinere
357 3330 423 3380 non
446 3320 576 3406 potest,
603 3304 657 3380 rel
681 3321 849 3394 eorreoto,
877 3306 1016 3382 forsitan
1041 3310 1129 3384 iuste
1145 3324 1266 3410 potest.

161 3415 337 3509 Quomodo
360 3437 473 3495 autem
497 3421 570 3500 viro
596 3422 707 3521 possit
730 3448 809 3497 esse
833 3421 969 3497 lieentia
991 3422 1168 3498 ducendae
1191 3422 1275 3498 alte-

164 3537 258 3626 rius,
285 3537 317 3612 si
342 3535 527 3616 adulteram
553 3535 747 3637 reliquerit,
775 3563 852 3611 oum
879 3537 1011 3613 mulieri
1045 3537 1182 3613 nonsit
1212 3564 1275 3612 nn·

161 3641 264 3727 bendi
297 3652 411 3742 alteri,
438 3650 469 3726 si
495 3650 684 3725 adulterum
705 3650 899 3752 reliquerit,
931 3679 998 3728 non
1025 3652 1273 3741 video...Qnod

161 3791 374 3867 nequaqnam
395 3782 477 3866 puto
497 3781 626 3840 tantum
642 3764 754 3841 velere
770 3767 946 3865 potuisse,
966 3766 1034 3843 nisi
1051 3765 1197 3843 alieuius
1219 3769 1268 3842 rei

161 3880 300 3955 maioris
333 3873 381 3955 er·
404 3881 470 3956 hae
491 3880 632 3978 {infirma
661 3879 862 3955 mortalitate
895 3882 1068 3957 hominum
1101 3882 1274 3985 quoddam

161 3984 407 4070 sacramentum
438 3993 673 4084 adhiberetur,
706 3991 797 4097 qnod
826 3996 1059 4073 deserentibus
1078 3995 1273 4074 hominibus

159 4125 261 4211 atque
277 4110 313 4184 id
329 4111 515 4187 dissolvere
531 4109 761 4211 capientibus,
782 4111 1019 4191 inconcussum
1036 4113 1106 4191 illis
1122 4130 1273 4191 manerat
1310 4133 1319 4170 t

232 4295 298 4358 (oo
313 4293 376 4346 uto.
391 4293 833 4359 inseparatasque.

232 4373 298 4436 (trs)
314 4375 375 4438 cup.
387 4375 450 4425 xrx.
462 4387 488 4426 ιι.
498 4381 537 4427 rs.
549 4374 598 4426 ωι.
612 4381 663 4427 ros.
