3234 5084
344 403 387 473 50
523 423 584 472 iit.
601 424 649 474 iii.
664 423 750 474 SEGT.
768 424 792 473 i.
811 425 849 474 DE
868 425 962 476 ltin.
979 425 1100 476 tumst.
1119 426 1261 477 innituit.

341 540 501 609 internam
517 538 664 610 diuinam
680 541 942 638 inspirationem,
963 541 1043 639 quin
1057 540 1161 613 ullum
1174 540 1276 615 huius
1289 546 1448 619 assertio

345 652 398 724 nis
427 651 660 726 documentum
689 654 846 752 prolemt.
873 654 1085 728 Innocentius
1115 681 1194 729 rero
1223 657 1282 727 lll.
1309 658 1338 729 si
1369 660 1445 732 eius

342 781 499 861 urgeatur
513 765 711 852 auctoritas,
728 767 909 866 postulavit
923 794 989 841 non
1003 767 1188 867 simplicem
1201 770 1447 868 inspirationem

343 880 402 953 scd
426 880 670 965 rwolotr'oncrn,
699 907 799 980 quam
830 898 1033 956 tamennon
1063 882 1202 982 requirit
1224 884 1447 959 Bellarminus

342 995 399 1094 qui
426 1010 596 1093 praeterea
621 995 740 1068 latetur
766 995 989 1095 polygamiam
1007 1023 1072 1071 non
1090 997 1259 1071 adversari
1283 1000 1349 1074 nisi
1374 1000 1446 1072 fini·

340 1109 405 1181 bus
431 1109 639 1182 secundariis
664 1111 877 1184 matrimonii.

415 1222 659 1297 Concludamus
677 1224 777 1320 igitur
794 1224 956 1298 adversus
982 1224 1156 1299 Calvinum
1181 1227 1323 1326 eiusque
1353 1252 1446 1303 osse-

211 1346 221 1365 ‘
343 1337 433 1424 olas,
461 1336 562 1436 Bayle
587 1338 799 1437 pmesertim,
828 1354 955 1411 veteres
981 1339 1189 1439 patriarchas
1206 1366 1273 1414 non
1292 1341 1392 1415 modo
1410 1343 1444 1413 in

343 1468 480 1524 naturae
498 1449 552 1523 ius
569 1476 685 1549 presse
703 1468 872 1550 sumptum
890 1452 1081 1551 polygamia
1099 1479 1164 1527 non
1182 1479 1361 1552 pensasse,
1384 1456 1444 1528 sed

343 1591 450 1663 neque
476 1566 510 1635 in
535 1564 642 1662 legem
667 1564 814 1664 aliquam
841 1565 988 1638 divinam
1015 1568 1214 1665 positivam,
1251 1595 1340 1668 quae
1369 1597 1442 1643 eam

343 1694 493 1751 vetuerit.

777 1856 983 1913 nnTictJLUs
1004 1859 1049 1911 iv.

348 2010 521 2086 Polygnmin
540 2008 713 2068 simnitooeu
724 2009 753 2066 in
768 2007 1016 2085 iechvangeiica
1033 2011 1152 2070 omnino
1164 2016 1208 2070 est
1222 2010 1347 2088 abolita,
1366 2011 1440 2072 adeo

548 2111 581 2163 ut
601 2103 752 2163 christiani
774 2104 950 2164 Matrimonii
970 2109 1128 2181 proprietas
1147 2109 1241 2182 prima

696 2218 730 2261 ao
750 2201 924 2261 invioiobiiis
936 2204 1092 2262 attonitas.

415 2389 507 2460 Viam
532 2385 717 2461 calvinistis
745 2386 932 2483 oppositam
962 2384 1129 2458 iniverunt
1158 2385 1325 2460 lutherani
1355 2388 1445 2462 circa

345 2503 582 2603 polygamiam.
594 2500 678 2571 Dum
697 2500 787 2571 enim
804 2498 866 2586 illi,
878 2497 1015 2571 Calvino
1028 2497 1124 2587 duce,
1141 2499 1366 2599 polygamiam
1380 2502 1444 2573 iuri

344 2643 460 2717 presse
485 2612 645 2699 naturali,
673 2629 773 2713 atque
797 2611 911 2685 divino
936 2612 1133 2687 contrariam
1161 2618 1441 2713 pronunciatunt,

344 2731 428 2805 adeo
452 2747 490 2804 ut
514 2755 587 2803 rccs
615 2726 729 2801 violati
758 2728 933 2826 utriusque
967 2728 1050 2801 iuris
1080 2745 1207 2803 veteres
1237 2729 1444 2831 patriarchas

345 2844 612 2929 inclamaverint‚
628 2841 697 2930 isti,
713 2840 854 2917 Luthero
867 2843 1038 2939 magistro,
1054 2843 1206 2917 eamdem
1220 2843 1445 2943 polygamiam

345 2957 494 3053 sublege
508 2957 583 3054 ipsa
594 2954 784 3051 evangelica
798 2956 996 3054 permissam
1013 2956 1230 3057 quandoque,
1252 2955 1445 3057 licitumque

345 3069 579 3144 adstruxerint.
596 3067 796 3140 Cunctanter
812 3068 948 3167 quidem
965 3067 1008 3141 ab
1026 3069 1140 3156 initio,
1160 3067 1383 3170 latenterque,
1403 3097 1446 3143 ne

346 3185 393 3258 rei
415 3183 559 3257 novitate
579 3181 727 3254 nondum
748 3182 831 3255 satis
853 3196 1065 3283 praeparatos
1089 3182 1344 3257 christianorum
1371 3185 1446 3256 ani·

345 3324 417 3371 mos
435 3295 657 3382 offenderent,
674 3310 710 3368 ut
727 3311 817 3396 patet
833 3321 873 3367 ex
890 3296 1017 3369 ratione
1033 3323 1100 3395 qua
1124 3322 1199 3370 sese
1216 3313 1391 3394 gesserunt
1408 3298 1443 3369 in

345 3410 501 3486 facultate
512 3410 623 3483 danda
636 3409 858 3483 secundarum
873 3410 1063 3509 nuptiarum
1072 3410 1277 3508 landgravio
1287 3410 1440 3496 Hassiae;

345 3524 553 3599 deindevem
565 3523 765 3623 pedetentim
778 3523 886 3619 magis
895 3548 935 3596 ac
943 3524 1051 3620 magis
1063 3524 1228 3597 eiusmodi
1238 3523 1445 3597 doctrinadi·

344 3640 445 3714 latata
462 3654 513 3712 cst
529 3664 568 3711 ac
580 3637 810 3725 disseminata,
827 3637 873 3710 ita
889 3637 1066 3709 utLutheri
1079 3637 1267 3736 apologiam
1280 3639 1444 3713 conficere

344 3758 378 3827 in
393 3771 572 3828 memorato
585 3753 731 3851 Philippi
745 3753 831 3828 iacto
842 3753 915 3827 eius
928 3750 1087 3852 discipuli
1104 3754 1312 3853 susceperint
1327 3756 1441 3848 (128).

416 4027 482 4089 (itt)
497 4029 563 4078 inter
576 4040 638 4090 qnos
649 4026 756 4077 eminent
768 4025 950 4076 sectendoriius
959 4025 1001 4075 lib.
1011 4026 1054 4076 iii.
1063 4025 1270 4086 hnttoennismu
1280 4039 1305 4089 ρ.
1317 4029 1362 4076 277
1372 4036 1442 4090 seqq.

344 4108 416 4157 cndu
426 4105 564 4157 inediiione
572 4109 697 4157 Locorum
707 4105 817 4170 titeoloo.
827 4108 847 4154 i.
857 4105 976 4156 Gerherdi
990 4106 1051 4156 torn.
1061 4108 1113 4155 xv.
1125 4104 1230 4168 Tubing.
1247 4109 1314 4156 tito.
1326 4119 1381 4168 ρος.
1389 4109 1442 4155 itt.

344 4186 412 4236 tien.
424 4184 512 4236 Mulier
524 4183 765 4249 Encnctopcdtsciieo
779 4183 929 4236 Hnndincit
943 4184 988 4235 des
999 4182 1199 4235 Ktrcitenrccitts
1211 4196 1253 4234 scu
1262 4183 1388 4235 Monunio
1398 4196 1441 4234 en·

343 4263 534 4329 cyclopedtennt
545 4264 685 4315 certatori.
693 4264 775 4315 Eriurt
786 4272 853 4316 itta.
868 4277 921 4328 pag.
934 4271 986 4315 tit.
997 4266 1152 4315 Monumenta
1164 4277 1236 4328 porro
1248 4264 1293 4314 imo
1306 4263 1337 4315 de
1345 4278 1372 4314 re
1382 4264 1442 4314 iuris

345 4344 434 4408 publici
445 4344 522 4395 iecere
530 4346 645 4395 Ernestm
655 4344 765 4409 princeps
775 4357 805 4395 er
818 4344 921 4409 Philippi
937 4344 1052 4408 posteris,
1063 4343 1143 4395 cerci.
1153 4343 1292 4396 Ludoviens
1306 4355 1388 4394 mmet
1397 4345 1442 4393 Pa·
