3234 5084
319 479 618 531 sicutnumerus.
637 480 732 529 sira.
751 480 782 528 m
797 479 885 528 crus.
905 479 1017 527 nourr.
1036 480 1106 527 inr.
1128 479 1151 526 r.
1231 455 1300 524 tte

181 618 235 674 est
258 616 388 672 autem:
419 597 630 697 Quicumque
651 596 817 670 dimiserit
840 623 974 670 uxorem
1002 623 1114 683 suam,
1136 597 1192 670 det
1209 597 1239 670 ei
1259 596 1300 667 li-

182 715 308 789 bellum
334 712 477 813 repudii.
499 714 570 809 Ego
595 729 704 786 autem
724 712 801 786 dico
827 712 941 786 vobis:
968 713 1054 798 Quia
1080 712 1212 799 omnis,
1242 715 1300 812 qui
1413 758 1424 784 t

181 830 351 903 dimiserit
375 854 510 901 uxorem
538 852 634 900 suam
648 830 660 911 ,'
678 844 817 926 excepta
835 827 1065 901 fornicationis
1083 854 1202 913 causa,
1223 828 1304 901 lacit

181 972 255 1019 eam
281 943 450 1017 moechari
470 970 476 1013 :
498 943 607 1040 etqui
625 942 802 1015 dimissam
829 941 981 1029 duxerit,
1005 941 1198 1016 adulterat»
1221 969 1297 1043 cap.

180 1087 261 1136 vero
276 1062 364 1134 xlx.
388 1063 421 1132 3.
444 1085 541 1159 seqq.
563 1058 705 1131 dicitur:
731 1089 747 1127 u
765 1058 807 1131 Et
829 1075 1042 1131 accesserunt
1067 1059 1111 1131 ad
1129 1033 1304 1155 eumilo·

183 1182 281 1272 sum)
301 1176 472 1277 pharisaei
492 1188 657 1248 tentantes
675 1200 766 1261 eum,
789 1190 823 1248 et
839 1174 1010 1247 dicentes:
1033 1175 1061 1247 si
1081 1174 1158 1247 licet
1176 1175 1303 1249 bomini

183 1292 353 1365 dimittere
368 1315 505 1363 uxorem
524 1313 641 1374 suam,
658 1314 872 1389 quacumque
889 1314 930 1361 ex
947 1286 1076 1361 causa?
1090 1288 1155 1373 Qui
1170 1316 1306 1389 respon·

183 1407 287 1493 dens,
309 1406 356 1479 ait
371 1404 439 1480 eis:
462 1431 528 1480 non
548 1404 698 1502 legistis,
719 1405 799 1504 quia
817 1405 876 1504 qui
896 1404 974 1477 lecit
992 1405 1159 1477 bominem
1178 1405 1222 1477 ab
1240 1407 1306 1477 ini·

184 1523 248 1608 tio,
276 1518 464 1594 masculum
490 1537 523 1594 et
549 1520 729 1594 foeminam
755 1520 834 1593 lecit
857 1519 945 1593 eosl
974 1538 1007 1594 et
1030 1520 1137 1591 dixit:
1171 1537 1307 1620 propter

186 1638 250 1711 boo
273 1636 419 1711 dimittet
439 1637 541 1710 bomo
563 1652 691 1736 patrem
711 1652 744 1710 et
769 1651 927 1722 matrem,
948 1652 981 1709 et
998 1635 1195 1709 adhaerebit
1210 1637 1304 1710 uxori

185 1779 280 1839 suae,
297 1768 333 1825 et
344 1768 444 1826 erunt
460 1752 528 1826 duo
545 1751 580 1824 in
599 1779 700 1825 carne
717 1778 797 1825 una.
821 1754 936 1852 ltaque
954 1753 1021 1825 iam
1039 1777 1105 1824 non
1125 1769 1204 1826 sunt
1220 1752 1303 1839 duo,

185 1869 246 1943 sed
268 1894 337 1942 una
358 1894 448 1942 caro.
479 1868 578 1955 Quod
603 1894 683 1966 ergo
707 1870 797 1942 Deus
823 1868 1012 1955 coniunxit,
1039 1868 1139 1942 bomo
1161 1895 1226 1942 non
1253 1896 1308 1942 se-

186 2001 293 2085 paret.
315 1985 439 2058 Dicunt
465 1984 537 2056 illi:
562 1984 652 2070 Quid
673 2011 753 2080 ergo
771 1986 904 2084 Moyses
924 1985 1095 2058 mandarit
1110 1984 1191 2057 dare
1212 1984 1305 2057 libel·

186 2102 257 2175 lum
275 2101 407 2200 repudii
433 2116 466 2174 et
491 2099 688 2173 dimittere?
713 2101 769 2173 Ait
797 2097 889 2173 illis:
920 2101 1080 2199 quoniam
1107 2102 1239 2200 Moyses
1265 2099 1309 2173 ad

186 2215 346 2289 duritiam
373 2214 607 2288 cordisvestri
634 2214 786 2314 permisit
810 2214 908 2288 robis
931 2214 1099 2288 dimittere
1115 2241 1236 2289 uxores
1253 2241 1310 2288 re-

187 2347 300 2405 stras:
337 2329 381 2403 ab
406 2329 503 2403 initio
528 2346 642 2403 autem
668 2355 735 2403 non
761 2329 825 2402 luit
850 2330 911 2403 sic.
940 2330 1023 2403 Dico
1048 2348 1159 2404 autem
1184 2331 1305 2416 vobis,

187 2445 269 2545 quia
294 2442 501 2545 quicumque
526 2443 695 2518 dimiserit
717 2469 853 2517 uxorem
876 2470 995 2531 suam,
1023 2445 1089 2518 nisi
1110 2444 1154 2517 ob
1174 2445 1312 2518 fornica·

188 2560 331 2647 tionem,
363 2575 397 2633 et
427 2560 527 2633 aliam
559 2559 707 2645 duxerit,
741 2558 957 2644 moechatur,
992 2575 1025 2631 et
1049 2561 1107 2660 qui
1133 2559 1311 2634 dimissam

189 2675 341 2763 duxerit,
376 2674 620 2749 moechatur.»
654 2675 715 2748 llis
746 2672 907 2775 parallelo
933 2693 1012 2747 sunt
1041 2702 1129 2774 quae
1157 2674 1313 2772 leguntur

189 2790 292 2863 llarci
315 2790 358 2861 Χ.
387 2807 420 2863 et
439 2789 518 2862 Luo.
539 2789 622 2861 xvl.
649 2815 737 2889 quae
759 2788 901 2862 inlerius
928 2787 1084 2863 dabimus
1108 2805 1209 2889 atque
1227 2789 1313 2863 inter

189 2932 230 2978 ea
254 2903 465 2979 collationem
492 2904 723 2979 instituemus.

276 3020 319 3093 Ut
343 3019 457 3118 itaque
479 3047 499 3092 a
528 3019 726 3118 quaestione
755 3019 797 3091 de
824 3021 1031 3118 genuinitate
1055 3045 1095 3094 ac
1126 3021 1314 3119 integritate

191 3135 333 3207 istomm
358 3149 507 3207 textuum
535 3134 693 3208 Matthaei
715 3135 906 3223 ordiamur,
929 3136 1078 3210 nonnulli
1097 3136 1313 3236 hypercritiei

192 3266 299 3324 aetate
319 3249 385 3323 bac
402 3266 516 3325 nostra
533 3252 682 3351 primum
706 3252 739 3323 in
762 3251 903 3325 dubium
922 3269 1134 3339 revocarunt,
1155 3279 1244 3351 quae
1259 3279 1315 3327 oe

191 3381 330 3437 currunt
353 3363 469 3438 blattb.
487 3366 523 3435 V.
543 3367 601 3438 31.
625 3368 682 3438 32.
704 3363 770 3436 Alii
787 3392 867 3440 vero
885 3392 972 3467 quae
990 3366 1156 3439 habentur
1172 3368 1258 3438 xlx.
1277 3370 1311 3438 9.

193 3481 276 3554 Nam
304 3479 397 3579 quod
422 3480 541 3555 attinet
564 3480 608 3554 ad
635 3481 782 3580 priorem
808 3496 935 3554 textum
961 3483 1079 3555 Franc.
1112 3481 1189 3553 Ant.
1218 3483 1318 3579 lagen

196 3598 384 3671 autumavit
400 3596 605 3671 clausulam:
634 3583 820 3694 παρεκτὸς
846 3582 977 3697 λόγου
1001 3592 1200 3693 πορνείας,
1224 3622 1317 3669 ecce·

190 3726 252 3809 pta
277 3714 505 3810 fornicatiouis
528 3738 629 3785 ceusu
654 3711 688 3784 in
710 3712 870 3808 genuinis
888 3709 1052 3809 evangelii
1067 3709 1244 3785 codicibus
1263 3711 1318 3785 de

194 3826 312 3900 luisse.
342 3827 404 3900 llis
425 3852 525 3928 porro
552 3828 761 3924 argumentis
789 3827 944 3899 innititur
964 3827 1007 3899 ad
1028 3827 1193 3931 eiusmodi
1218 3824 1319 3925 placi·

195 3957 266 4015 tum
291 3943 505 4017 statuendum
533 3943 689 4044 Lquod
711 3943 895 4043 primorum
917 3956 1104 4043 temporum
1120 3942 1318 4023 christianis

197 4083 381 4157 numquam
413 4058 449 4130 in
485 4074 629 4131 mentem
656 4058 785 4132 renerit
812 4074 1084 4159 temporaneam,
1113 4085 1174 4133 seu
1207 4059 1319 4159 quoad

196 4190 333 4269 torum,
368 4172 412 4248 ob
438 4173 640 4248 adulterium
672 4174 876 4248 matrimonii
909 4173 1110 4249 solutionem
1140 4174 1205 4249 boc
1229 4191 1320 4249 textu

196 4287 351 4373 firmare,
374 4288 434 4361 sed
460 4304 652 4362 constanter
673 4288 715 4361 ad
741 4287 885 4388 apostoli
914 4290 1008 4362 Pauli
1034 4291 1134 4387 allata
1160 4316 1320 4391 pmrooa·

196 4401 321 4488 rerint;
345 4404 378 4474 2.
396 4401 485 4501 quod
500 4402 723 4479 Tertullianus
742 4404 889 4480 referens
903 4391 1320 4480 llarcionisohiectionem

1197 4524 1218 4565 ‘b‘
