3234 5084
320 425 388 495 266
464 446 525 497 sn.
546 445 593 495 ur.
615 444 701 495 saur.
723 443 854 494 aarum.
871 443 910 493 os
927 443 1039 495 rurus.
1055 443 1151 495 asra.
1170 443 1296 495 enarer.

318 565 406 638 Beue
422 564 593 637 coniunxit
611 562 701 634 bomo
722 588 786 634 noo
806 575 953 660 separet,
977 577 1011 635 et
1030 561 1132 639 verba
1153 560 1304 661 Apostoli
1321 561 1435 635 «utti-

317 694 415 778 qotus
439 704 471 751 es
491 680 592 751 ammi
610 691 687 762 cte.,·
704 696 744 749 ac
762 674 908 750 illustrat
926 675 1079 775 exemplo
1099 701 1233 762 eorum,
1253 675 1311 774 qui
1330 676 1435 749 variis

318 793 495 868 decausis
520 791 760 866 continentiam
780 791 924 892 professi
952 807 1050 879 sunt,
1076 807 1114 865 ut
1139 789 1204 864 hac
1229 790 1358 865 ratione
1382 789 1436 862 in-

319 909 431 982 sinuet
455 922 626 1007 separatos
653 906 813 1004 coniuges
840 906 932 979 haud
953 906 1076 980 debere
1096 922 1233 1004 grauate
1253 905 1340 979 serre
1355 928 1435 978 con-

318 1023 479 1097 tinentiae
499 1023 688 1095 institutum
705 1048 745 1095 ac
767 1022 1019 1109 necessitatem,
1036 1022 1174 1121 quaudo
1187 1038 1234 1093 tot
1246 1019 1303 1092 elii
1321 1021 1434 1118 ipsum

318 1155 455 1212 servant
469 1196 477 1226 ,
506 1164 572 1212 non
601 1138 739 1238 quidem
765 1164 805 1211 ex
830 1138 891 1210 Dei
917 1136 1118 1226 dilectione,
1147 1136 1207 1211 sed
1232 1164 1273 1210 ex
1299 1136 1434 1210 motivis

318 1254 488 1328 humanis.

392 1369 502 1456 Quum
514 1393 594 1441 vero
606 1369 666 1469 qui
680 1368 746 1442 sibi
761 1367 935 1442 vindicant
952 1367 1154 1441 Clementem
1172 1367 1258 1441 alex.
1275 1366 1322 1439 nil
1341 1364 1435 1439 aliud

318 1485 459 1559 aflerant
475 1510 516 1557 er
534 1510 575 1557 eo
600 1485 666 1558 nisi
693 1499 830 1572 matum,
856 1483 891 1555 in
911 1510 978 1583 quo
998 1483 1155 1556 Matthaei
1176 1480 1331 1555 clausula
1355 1507 1437 1554 con-

318 1602 461 1688 tinetur,
485 1626 547 1675 nec
567 1600 632 1674 uisi
655 1599 770 1673 timide
789 1615 1070 1698 cunctanterque,
1092 1613 1289 1695 argumento
1302 1611 1353 1670 est
1366 1621 1434 1668 non

317 1717 421 1790 dubio
446 1732 615 1790 auctorem
639 1715 730 1788 hunc
755 1717 841 1789 inter
865 1714 1108 1814 praeclariores
1129 1713 1302 1795 doctrinae
1322 1711 1436 1787 catho-

318 1832 403 1907 licae
427 1847 530 1907 testes
556 1849 589 1905 et
613 1846 796 1906 assertores
817 1857 896 1906 esse
917 1830 1174 1907 recensendum,
1193 1830 1282 1924 (lb).

819 2050 856 2152 p.
884 2053 937 2124 vr.

788 2243 825 2292 De
841 2241 952 2305 Origene.

390 2420 551 2494 Ilamdem
577 2444 679 2520 quam
698 2417 855 2492 Clemens
877 2417 1027 2491 eiusdem
1053 2415 1243 2518 discipulus
1269 2416 1433 2515 Origenes

319 2552 530 2611 consectatus
555 2552 608 2610 est
632 2534 818 2609 doctrinam
844 2534 934 2607 circa
962 2533 1150 2607 absolutam
1174 2534 1320 2631 coniugii
1345 2534 1436 2607 chri-

318 2653 420 2726 stiani
446 2649 798 2736 indissolubilitatem,
819 2648 920 2722 etiam
945 2649 1185 2723 interveniente
1204 2648 1360 2722 adulterii
1376 2649 1436 2722 lla·

319 2769 415 2866 gitio.
444 2769 528 2840 Nam
555 2768 648 2867 prius
674 2766 749 2865 ipse
770 2765 953 2865 dispescit,
972 2780 1065 2865 'quae
1084 2780 1237 2863 spectant
1258 2764 1301 2837 ad
1320 2765 1436 2838 dimis-

319 2886 448 2958 sionem
467 2884 582 2957 uxoris
604 2908 819 2983 quacumque
838 2909 878 2955 ex
900 2908 1023 2968 causa,
1047 2881 1170 2955 deiude
1188 2883 1324 2983 exponit
1348 2906 1436 2982 quae

318 2998 485 3094 attingunt
510 2996 660 3070 libellum
686 2997 833 3096 repudii.
857 2998 906 3068 ue
932 2996 1041 3095 prima
1067 2998 1266 3097 quaestione
1290 2990 1437 3071 affirmat

320 3139 387 3186 non
410 3110 511 3186 licere
531 3113 598 3186 nisi
620 3139 660 3185 ex
678 3139 782 3186 causa
800 3113 1029 3186 fornicationis
1050 3138 1186 3186 uxorem
1208 3112 1375 3186 dimittere
1390 3111 1434 3184 ad

319 3244 465 3304 mentem
485 3228 688 3317 Salvatoris,
717 3229 760 3302 de
783 3228 907 3316 altera,
933 3255 1021 3328 quae
1041 3230 1181 3330 propius
1206 3228 1339 3324 attingit
1361 3254 1432 3301 rem

318 3365 467 3421 nostram
487 3346 535 3418 ita
554 3345 710 3434 disserit,
731 3363 768 3419 ut
785 3345 871 3418 nihil
894 3346 1079 3420 desiderari
1101 3346 1192 3420 sinat
1211 3346 1302 3420 cirea
1318 3343 1435 3419 catho-

318 3461 419 3537 licam
444 3462 632 3536 doctrinam

391 3579 446 3652 Sic
471 3578 561 3652 enim
582 3578 701 3652 scribit
716 3594 797 3652 tom.
810 3578 893 3651 xlv.
911 3579 945 3651 in
967 3578 1083 3651 ldatth.
1100 3579 1269 3676 «Propter
1286 3576 1435 3674 Scriptu-

318 3719 375 3767 rae
393 3694 514 3781 rerba,
535 3694 619 3768 haec
638 3720 772 3794 quoque
790 3694 929 3792 insuper
945 3693 1088 3766 dicenda
1106 3709 1201 3780 sunt,
1225 3691 1309 3764 latas
1328 3690 1434 3763 luisse

317 3808 484 3909 quasdam
510 3808 620 3907 leges,
649 3834 718 3882 non
744 3808 844 3909 quasi
872 3808 1077 3907 praestantia
1096 3807 1211 3907 aliqua
1224 3823 1258 3880 et
1269 3803 1435 3879 excellen-

318 3924 366 3996 tia
387 3924 580 4024 praeditas,
605 3923 665 3998 sed
692 3924 791 4024 quasi
814 3924 858 3996 ad
882 3949 1017 4011 eorum,
1043 3923 1101 4022 qui
1128 3922 1254 3996 subditi
1273 3936 1364 4007 sunt,
1386 3921 1436 3991 in-

319 4039 508 4114 firmitatem
526 4041 793 4114 accommodatas
815 4056 848 4112 et
868 4039 1090 4140 compositas3
1108 4064 1184 4112 nam
1203 4037 1333 4138 aliquid
1348 4038 1435 4110 eius-

319 4154 410 4229 modi
437 4154 493 4228 his
517 4154 630 4228 verbis
655 4154 889 4254 significatur:
918 4154 1047 4254 Moyses
1071 4153 1115 4226 ud
1140 4154 1298 4227 duritiem
1326 4151 1435 4225 cordis

392 4322 442 4386 (tc)
457 4325 520 4374 Seue
531 4335 577 4374 neo
587 4325 670 4375 sixtus
680 4324 802 4387 senensis,
810 4336 857 4374 uec
862 4322 1019 4385 lloshemiue,
1029 4336 1074 4373 nco
1085 4324 1155 4375 cclvi
1166 4322 1293 4389 quidpiam
1304 4321 1436 4374 mussitent

319 4405 385 4454 circa
400 4404 550 4455 Clementem
562 4404 627 4456 alex.
635 4403 707 4456 cuius
717 4403 888 4467 auctoritatem
898 4404 1101 4468 praetermittunt.
