3234 5084
327 428 370 496 58
494 449 556 498 nin.
575 449 622 498 1n.
644 448 732 498 secr.
754 450 776 496 ι.
799 447 838 498 nn
855 449 949 498 uera.
966 447 1085 497 onum.
1109 445 1251 496 ourrnrs.

326 550 516 662 dryupiur
534 566 667 639 nomine
686 565 761 639 heic
778 591 808 637 s.
826 566 949 664 llnrtyr
965 565 1132 661 significat
1153 552 1338 637 secundum
1356 590 1429 636 ma·

325 679 528 767 trimonium,
551 679 641 779 quod
659 680 751 752 iuxta
768 679 859 777 leges
877 704 1031 755 romanas
1048 678 1230 777 quispiam,
1253 677 1429 774 repudiata

324 792 427 889 priori
454 818 555 865 uxore
579 818 655 864 curn
681 792 784 865 altera
809 793 920 877 iniret,
948 792 1037 890 quod
1063 790 1258 864 christianis
1288 791 1427 863 vetitum

325 931 400 978 esse
425 905 579 978 affirmat.
609 907 696 978 Sane
721 907 805 979 inter
833 931 1002 978 sacrorum
1034 905 1241 1002 eloquiorum
1271 904 1426 987 oracula,

325 1042 412 1117 quae
438 1018 635 1116 praemittit,
666 1017 748 1091 illud
774 1019 872 1091 etiam
900 1017 1026 1116 profert
1053 1042 1093 1088 er
1125 1017 1225 1090 Marci
1252 1018 1291 1087 ll.
1316 1032 1347 1087 ct
1373 1019 1433 1112 qni

325 1132 414 1204 ducit
437 1132 641 1229 repudiatam
665 1133 707 1203 ol>
724 1133 825 1203 altero
852 1135 923 1205 viro
939 1133 1132 1203 moechatur.

396 1246 560 1319 llinnoius
578 1245 667 1317 Felix
692 1247 829 1319 scribit:
846 1247 974 1318 «Unius
1001 1245 1203 1318 matrimonii
1230 1244 1362 1318 rineulo
1388 1244 1430 1315 li-

325 1362 443 1435 benter
459 1361 685 1434 inhaeremus.
706 1360 928 1460 Cupiditatem
946 1359 1159 1459 procreandi,
1180 1376 1238 1431 aut
1253 1386 1353 1431 unam
1367 1362 1431 1432 sci·

325 1501 412 1559 mus,
441 1482 499 1547 aul
523 1474 649 1547 nullam
669 1476 806 1570 (111).»

397 1588 440 1661 Et
475 1589 558 1661 haec
595 1615 636 1660 ex
670 1590 787 1686 primis
828 1589 933 1661 tribus
967 1587 1133 1660 ecclesiae
1163 1587 1315 1672 seculis3
1353 1612 1431 1659 nam

328 1702 418 1800 qnod
443 1702 562 1774 attinet
584 1702 627 1773 ad
653 1701 766 1775 secula
790 1701 989 1800 posteriora,
1017 1700 1250 1796 vulgatissima
1283 1717 1363 1773 sunt
1389 1726 1430 1773 ac

287 1902 290 1909 ν
329 1816 477 1888 omnium
492 1816 568 1887 trita
581 1813 735 1888 manibus
749 1815 939 1889 testimonia
947 1814 1079 1888 concilii
1092 1814 1286 1899 milevitani,
1299 1840 1348 1887 ss.
1357 1814 1432 1885 Am·

302 1916 304 1924 ¹
327 1930 450 2015 brosii,
470 1929 684 2028 Hieronymi,
705 1929 901 2025 Augustini,
923 1929 1103 2003 lnnooentii
1122 1931 1149 2000 l.
1171 1930 1229 2028 qui
1256 1928 1380 2001 Christi
1397 1943 1432 2000 et

329 2042 477 2140 Apostoli
504 2042 676 2116 doctrinae
702 2044 888 2117 innituntur
913 2044 947 2114 in
967 2043 1188 2141 praedicanda
1205 2043 1427 2139 monogamis.

328 2157 458 2229 Etenim
482 2181 580 2228 conc,
596 2156 825 2231 milevitanum
839 2157 1011 2241 «Placuit,
1040 2157 1166 2255 inquit,
1193 2172 1231 2229 ut
1246 2154 1430 2228 secundnm

329 2269 552 2365 evangelicam
578 2287 610 2343 et
635 2270 852 2369 apostolicam
876 2269 1109 2368 disciplinam,
1137 2295 1246 2368 neque
1268 2269 1432 2341 dimmsus

327 2383 370 2455 ab
394 2409 521 2470 uxore,
549 2410 659 2484 neque
684 2386 826 2458 dimissa
851 2411 871 2458 a
888 2385 1006 2458 marito
1022 2384 1116 2457 altori
1133 2383 1344 2481 coniugatam
1370 2383 1430 2456 sed

327 2497 374 2568 ita
399 2514 568 2584 maneant,
597 2514 654 2571 aut
678 2499 814 2572 sibimet
847 2497 1099 2570 reconcilientur
1120 2497 1343 2591 (143).»0110
1375 2521 1432 2568 oa·

330 2637 435 2697 none,
461 2627 498 2684 ut
524 2628 629 2711 patet,
657 2612 810 2685 alludunt
835 2612 968 2685 concilii
999 2628 1110 2711 patras
1135 2611 1178 2684 ad
1207 2610 1296 2707 leges
1327 2611 1430 2708 impe-
1459 2682 1462 2689 ,

328 2726 450 2812 nieles,
470 2754 490 2798 a
508 2727 648 2826 quibus,
668 2744 706 2799 ut
722 2727 884 2811 diximus,
913 2726 1048 2798 iteratae
1072 2725 1209 2823 nuptiae
1235 2740 1310 2822 post
1332 2749 1432 2821 repn-

328 2840 421 2911 dinm
447 2842 732 2940 permittebantur.
754 2842 788 2911 S.
810 2840 1113 2913 Ambrosiusollon
1132 2838 1207 2911 licet
1224 2838 1305 2922 tibi,
1329 2864 1433 2910 uxore

329 2956 477 3038 vivente,
499 2982 633 3030 uxorem
653 2956 785 3029 ducere.
807 2957 891 3026 llam
909 2971 943 3026 et
959 2954 1058 3025 aliam
1076 2978 1252 3051 quaerere,
1272 2977 1348 3025 cum
1371 2951 1433 3023 ha·

330 3067 411 3139 bees
444 3083 551 3155 tuam,
585 3069 709 3140 crimen
743 3085 794 3141 est
825 3068 978 3140 adulterii
1006 3067 1144 3160 (144).»
1163 3065 1286 3137 Eadem
1313 3066 1432 3163 repetit

330 3210 359 3255 s.
381 3185 606 3284 Hieronymus
624 3185 815 3283 expendens
832 3185 956 3258 Christi
973 3184 1073 3257 verba
1092 3183 1182 3281 apud
1199 3183 1315 3254 Matth.
1341 3183 1428 3252 xlx.

331 3298 527 3397 Quicumque
546 3315 608 3372 eto.
625 3300 861 3398 «Ubicumque
885 3314 936 3371 est
960 3300 1060 3393 igitur
1085 3297 1257 3371 fornicatio
1274 3315 1306 3369 et
1327 3296 1427 3369 iorni·

329 3415 470 3509 cationis
496 3415 660 3513 suspicio,
689 3413 794 3486 libere
818 3439 901 3485 uxor
924 3412 1112 3485 dimittitur.
1134 3412 1176 3483 Et
1199 3412 1278 3509 quia
1305 3426 1432 3508 poterat

330 3528 500 3614 accidere,
529 3544 566 3600 ut
590 3527 713 3626 aliquis
738 3524 938 3601 calumniam
965 3526 1086 3599 secaret
1111 3526 1295 3609 innocenti,
1324 3539 1357 3597 et
1387 3524 1431 3597 cb

330 3641 511 3715 secundam
530 3641 680 3740 copulam
702 3642 912 3741 nuptiarum,
939 3640 1039 3712 veteri
1063 3640 1190 3711 crimen
1212 3639 1429 3736 impingeret,

330 3756 379 3828 sic
396 3756 539 3853 priorem
557 3754 723 3827 dimittere
740 3752 872 3826 iubetur
884 3778 1038 3837 uxorem,
1054 3768 1090 3824 ut
1102 3752 1299 3837 secundam,
1324 3750 1432 3848 prime

328 3870 479 3954 vivente,
507 3893 574 3940 non
593 3866 715 3940 habeat
734 3869 871 3962 (144).»

328 4076 331 4081 .
403 4034 468 4096 (111)
483 4036 513 4083 ln
528 4036 647 4096 ortecle,
660 4047 684 4084 a.
695 4042 733 4085 st.
743 4032 808 4097 apud
818 4032 930 4083 thtand.
942 4032 1011 4082 Bicl.
1020 4035 1093 4094 petr.
1105 4036 1165 4081 tom.
1179 4034 1210 4079 11.
1221 4044 1247 4092 p.
1256 4037 1311 4081 sss.

400 4114 470 4175 (111)
482 4113 671 4165 onnultiterlt.
684 4116 715 4163 11.
727 4125 781 4175 cap.
790 4116 814 4163 t.
827 4114 851 4162 et
862 4113 887 4161 ln
901 4111 985 4161 codiee
995 4113 1089 4160 canem
1107 4110 1192 4161 eeeloe.
1210 4111 1284 4159 stne
1303 4120 1358 4159 cun
1377 4111 1432 4159 011.

329 4192 395 4253 epod
406 4191 526 4241 llarduln.
535 4194 601 4242 Actu
615 4192 707 4243 count.
719 4194 779 4243 tom.
793 4194 813 4240 1.
824 4192 871 4240 eol.
882 4198 937 4242 ets.

402 4272 467 4331 (111)
483 4270 537 4322 nm.
551 4273 570 4320 1.
581 4271 780 4321 Denbrslnamn
790 4272 843 4319 vll.
856 4270 895 4320 ed.
907 4272 985 4319 llanr.
997 4272 1057 4317 tom.
1068 4270 1087 4318 Ι.
1097 4269 1144 4318 ool·
1156 4275 1209 4319 ton.

403 4351 467 4411 (145)
484 4351 624 4400 comunem.
638 4352 664 4399 tn
682 4349 776 4399 41111111.
789 4362 812 4397 e.
823 4350 886 4397 xlx.
899 4349 938 4397 ed.
949 4347 1058 4409 vallars,
1074 4350 1131 4396 tom.
1146 4349 1199 4398 vll.
1210 4348 1257 4396 sel.
1273 4352 1324 4399 rto.
