3234 5084
309 450 377 503 cur.
395 450 431 502 ιι.
447 451 488 503 ιι
505 450 619 505 meres.
635 453 731 507 rara.
749 433 785 507 ni
800 452 891 507 cros.
906 454 1020 507 mour.
1034 455 1145 511 aava
1229 435 1299 507 ltt

187 567 298 646 cordis
323 569 482 645 duritiam
509 573 696 671 permisso,
724 571 848 648 adiecit
870 571 1045 653 Christus:
1072 574 1169 675 «qu
1194 591 1303 649 cotem

186 683 258 759 dieo
282 684 390 770 onio,
415 686 496 786 quin
516 688 723 789 quicumque
748 703 812 762 etc.
828 714 1016 791 ;»quorum
1039 689 1217 765 verborum
1240 690 1303 767 ob-

185 798 261 875 vius
276 825 397 875 sensus
414 816 483 889 est,
500 828 566 876 non
581 802 682 881 licere
694 804 856 903 deinceps
876 804 968 882 iuxta
984 804 1170 879 doctrinam
1188 831 1298 895 suam,

186 912 278 1013 quod
304 930 403 989 antea
429 917 630 1015 permissum
657 932 744 1005 erat,
766 916 945 1017 repudiare
969 917 1036 991 iam
1060 917 1195 994 ductam
1220 944 1302 1003 uxo·

186 1054 257 1101 rem
282 1029 325 1102 ad
351 1028 451 1102 aliam
476 1031 664 1105 ducendam
691 1032 784 1106 iuxta
811 1031 997 1125 mosaicum
1023 1031 1203 1106 indultum.
1229 1032 1302 1110 Hoc

184 1158 297 1217 autem
314 1170 511 1219 concessum
533 1164 605 1220 erat
628 1163 763 1247 propter
787 1173 844 1236 ea,
864 1172 962 1246 quae,
984 1147 1068 1221 inito
1092 1148 1160 1221 iam
1186 1151 1303 1224 conin-

184 1257 259 1355 gio,
286 1257 331 1331 ab
351 1285 455 1333 uxore
480 1259 754 1336 admittebantur.
1176 1284 1179 1291 '

239 1374 293 1446 ’2.
321 1373 506 1453 desumunt
530 1375 702 1451 Christum
733 1376 966 1452 tantummodo
995 1403 1034 1451 se
1057 1376 1105 1450 uti
1130 1378 1300 1453 doctorem

184 1488 384 1587 praebuisse
404 1516 445 1564 ac
468 1491 680 1592 interpretem
705 1490 791 1590 legis
816 1492 1005 1580 mosaicae,
1026 1516 1104 1566 cum
1129 1508 1240 1567 amen
1261 1516 1300 1569 se

182 1627 262 1677 vere
285 1605 428 1702 gesserit
451 1606 501 1679 uti
525 1605 772 1705 legislatorem,
797 1607 900 1704 idque
920 1608 1147 1696 constituerit,
1170 1608 1299 1708 quoda

183 1716 362 1820 discipulis
387 1721 460 1794 suis
485 1721 558 1795 fieri
584 1723 620 1794 in
647 1738 818 1823 posterum
844 1723 997 1811 deberet,
1016 1737 1054 1798 ut
1074 1738 1165 1824 patet
1180 1749 1221 1797 ex
1238 1749 1300 1798 aa·

184 1832 321 1908 tithesi:
340 1835 474 1908 Dictum
492 1838 659 1936 est...qu
676 1853 783 1912 cotem
807 1838 879 1911 dieo
903 1838 994 1912 cobis
1004 1866 1016 1925 ,·
1039 1837 1165 1938 quibus
1183 1854 1298 1938 aperte

182 1949 330 2023 ostendit
346 1977 384 2026 se
401 1976 522 2026 novam
539 1952 676 2031 omnino
694 1952 758 2028 bac
778 1954 815 2027 in
833 1980 868 2028 re
884 1951 993 2050 legem
1010 1952 1102 2027 dare.
1124 1954 1299 2028 Praeterea

183 2064 284 2164 paulo
308 2081 387 2141 ente
410 2066 620 2141 ostendimus
645 2068 812 2159 eiusmodi
837 2069 1036 2143 sententiam
1062 2067 1105 2143 de
1131 2067 1299 2144 solutione
1347 2098 1349 2101 ·

182 2182 449 2269 controversiae,
479 2209 568 2284 quae
587 2184 678 2257 cirea
704 2184 994 2285 intepretationem
1019 2182 1106 2282 legis
1129 2186 1299 2261 mosaicae

181 2321 203 2370 a
219 2295 413 2395 pharisaeis
433 2297 622 2395 agitabatur
638 2325 660 2373 a
677 2298 813 2375 Christo
830 2299 927 2388 data,
949 2300 1079 2375 admitti
1097 2327 1163 2376 non
1180 2326 1294 2401 posse.

257 2413 291 2484 3.
319 2411 505 2489 assumunt
533 2442 574 2489 er
600 2443 672 2498 una
701 2432 797 2515 parte
824 2438 941 2491 vocem
973 2401 1150 2515 πορνείαν
1181 2439 1299 2517 presse

183 2527 383 2601 sumendam
407 2530 451 2603 de
476 2530 548 2605 sola
570 2524 802 2630 fornicatione,
824 2547 990 2631 quatenus
1009 2528 1190 2629 opponitur
1212 2551 1297 2625 μοι·

184 2627 279 2741 χείᾳ
305 2670 366 2735 sen
391 2642 572 2731 adulterio,
599 2662 638 2720 nt
661 2645 817 2720 evincant
841 2645 895 2743 agi
920 2643 963 2718 de
987 2644 1109 2745 copula
1130 2658 1209 2717 ante
1226 2669 1298 2718 ma-

128 2814 130 2817 .
181 2757 375 2832 trimonium
402 2759 537 2849 babita3
562 2788 603 2836 er
625 2759 731 2835 altera
755 2785 836 2835 vero
861 2775 977 2861 parte,
1003 2773 1043 2832 ut
1067 2757 1181 2858 plures
1206 2783 1298 2832 com·

180 2872 371 2973 plectantur
395 2875 529 2951 divortii
554 2903 690 2964 causas,
719 2876 903 2949 extendunt
927 2875 1078 2949 eiusdem
1096 2873 1189 2948 vocis
1207 2888 1298 2973 pote

180 3004 300 3063 statem
324 2990 367 3065 ad
393 3017 626 3092 quaecumque
656 2990 786 3087 flagitia
815 2989 1052 3089 significanda.
1081 2989 1297 3090 Exploratum

70 3194 72 3197 Ι
180 3120 371 3180 tamen-est
394 3105 490 3179 hisce
514 3106 549 3177 in
575 3104 660 3179 locis
685 3090 861 3202 πορνείαν
887 3106 976 3179 sumi
993 3106 1037 3178 de
1053 3104 1238 3193 adulterio,
1258 3119 1296 3179 ut

182 3239 299 3321 postea
316 3221 554 3309 ostendemus;
575 3220 762 3321 etquidem
781 3221 825 3295 de
842 3221 914 3296 solo
931 3221 1112 3308 adulterio,
1132 3221 1223 3322 quod
1242 3221 1297 3295 ius

179 3336 338 3437 praebeat
361 3334 553 3410 dimittendi
582 3336 759 3432 coniugem
784 3336 996 3424 adulteram,
1025 3334 1159 3411 vinculo
1185 3348 1296 3408 umen

179 3451 347 3550 coniugali
371 3462 619 3553 perseverante.
643 3449 741 3536 Quod
767 3449 824 3525 hic
849 3465 1018 3550 tamquam
1048 3449 1171 3524 lemma
1200 3447 1296 3549 poni·

180 3592 275 3655 mus,
303 3567 400 3640 cuius
424 3565 599 3643 veritatem
622 3563 746 3638 deinde
771 3565 977 3638 evincamus.

253 3683 287 3754 l.
315 3681 501 3757 desumunt
525 3678 600 3777 lege
624 3677 770 3755 naturali
796 3678 936 3754 dissolvi
962 3678 1199 3782 quodcumque
1227 3700 1297 3764 ma·

179 3798 371 3872 trimonium
396 3797 440 3872 ob
471 3795 609 3898 aliquod
639 3796 835 3894 flagitium,
866 3795 957 3895 quod
983 3797 1095 3896 ipsum
1126 3795 1291 3899 deturpet.

178 3911 274 3985 Hanc
299 3938 399 4013 porro
422 3911 679 3984 affirmationem
706 3911 774 4010 ipsi
800 3910 982 3984 enunciare
1012 3910 1158 3983 contenti
1188 3923 1292 3997 sunt,

178 4027 260 4126 quin
274 4027 389 4127 aliquo
401 4025 582 4101 ostendant
593 4042 801 4123 argumento.
815 4026 842 4097 E
856 4051 1018 4099 converso
1036 4040 1147 4098 autem
1164 4038 1297 4097 constat

178 4166 218 4215 ex
243 4140 317 4239 lege
342 4139 487 4223 naturali
512 4139 707 4237 coniugium
737 4166 815 4212 esse
840 4138 1041 4226 insolubile,
1070 4165 1131 4212 nec
1157 4138 1223 4211 nisi
1245 4136 1296 4209 di·

177 4256 257 4330 vina
279 4256 531 4356 dispensatione
551 4253 694 4342 indulta,
719 4255 754 4326 in
775 4255 878 4329 veteri
904 4252 978 4352 lege
1002 4254 1107 4328 luisse
1123 4254 1215 4353 gravi
1242 4254 1294 4326 in-

179 4371 382 4448 terveniente
400 4397 505 4447 causa
522 4368 686 4460 solutum,
708 4396 941 4473 quaecumque
961 4370 1096 4446 demum
1116 4397 1157 4446 ea
1178 4370 1289 4445 luerit.
