3234 5084
295 454 364 504 (ΞΜ.
380 453 415 502 ΙΙ.
433 453 472 501 stt
486 452 596 500 tentet.
614 450 707 499 ΙΔῙΙ.
726 450 756 498 ΙΝ
772 450 861 497 cnut.
877 448 990 497 iuuet.
1009 449 1080 497 tut.
1098 448 1147 496 lll.
1211 425 1278 494 227

168 573 257 655 ciat,
287 588 354 642 tam
379 585 504 642 arctam
530 594 606 640 esse
631 566 752 638 debere
776 564 985 661 coniugalem
1009 565 1279 639 coniunctionem

168 688 282 787 qualis
308 687 371 758 luit
394 683 438 757 ab
456 683 572 767 initie;
596 707 656 754 seu
681 681 854 779 antiquam
879 680 922 751 de
947 681 1157 753 matrimonio
1175 679 1280 777 legem

168 804 291 876 Ganos.
321 801 365 871 ll.
394 801 452 871 hl.
480 820 693 896 expressam,
722 795 757 865 in
784 820 886 891 regno
911 822 993 881 sue,
1023 822 1083 869 seu
1114 797 1147 867 ie
1178 796 1284 869 eccle-

167 920 220 991 sia
237 943 302 990 sna
323 914 365 988 ad
386 913 515 1013 apicem
536 936 645 1010 usque
670 909 847 1008 adimpleri
865 909 1003 995 debere,
1029 911 1184 985 facultate
1200 938 1283 1010 qua-

167 1032 220 1104 vis
245 1058 266 1103 a
292 1030 386 1102 hlese
410 1050 572 1102 concesse
598 1024 789 1096 dimittendi
817 1049 951 1097 uxorem
978 1024 1011 1095 in
1035 1042 1205 1123 posterum
1227 1054 1284 1100 su-

171 1145 263 1219 blata
291 1146 404 1238 (tte).

242 1261 292 1330 Ex
308 1259 363 1331 his
388 1257 558 1354 colligitur
585 1280 651 1330 non
672 1254 771 1329 modo
792 1255 917 1327 Christi
935 1252 1071 1327 allatum
1097 1282 1172 1329 oum
1190 1276 1284 1331 ante-

169 1373 366 1448 cedentibus
392 1372 583 1457 cehaerere,
611 1398 726 1444 verum
754 1371 854 1443 etiam
885 1370 931 1443 ita
958 1396 1033 1443 cum
1063 1372 1284 1446 antecedenti·

169 1490 234 1562 hus
259 1488 433 1571 merocli,
453 1503 491 1560 ut
508 1512 640 1561 emnem
665 1485 821 1559 excludat
844 1485 1085 1583 exceptienalis
1111 1485 1283 1562 clausulae

169 1605 297 1691 lecum,
317 1629 358 1676 ae
383 1602 524 1702 preinde
542 1602 575 1672 in
597 1600 719 1700 quovis
745 1618 868 1674 eventu
889 1601 1083 1698 coniugium
1106 1602 1285 1677 indissolu-

170 1720 237 1793 bile
261 1746 301 1792 ex
325 1718 448 1791 Christi
475 1716 641 1790 sententia
673 1741 880 1814 permanere.

243 1836 313 1907 lam
332 1834 362 1907 si
381 1832 574 1905 harmonice
592 1847 699 1904 textus
717 1858 804 1931 quos
821 1832 1042 1930 expendimus
1056 1859 1096 1905 ex
1110 1834 1226 1906 llatth.
1244 1835 1280 1905 V.

170 1969 203 2024 et
218 1950 305 2021 xlx.
323 1948 423 2021 llarci
435 1948 477 2018 X.
494 1963 528 2020 et
540 1948 618 2019 Luc.
634 1948 717 2018 xtl.
741 1947 967 2044 disponantur
983 1964 1015 2021 et
1031 1948 1280 2035 reordinentur,

171 2066 262 2139 hunc
280 2063 324 2136 iis
344 2064 457 2136 inesse
482 2088 619 2136 sensum
637 2062 848 2157 colligimus,
871 2089 971 2161 quem
989 2063 1101 2136 verbis
1127 2065 1212 2162 ipsis
1237 2066 1286 2138 el-

172 2182 297 2266 lcrem,
314 2178 439 2279 quibus
464 2203 548 2251 usus
573 2193 625 2251 est
649 2176 691 2249 cl.
714 2178 934 2277 lloslrevauy,
950 2180 1010 2278 qui
1035 2181 1203 2277 egregiam
1223 2181 1286 2254 hac

171 2322 274 2395 super
297 2322 333 2368 re
358 2320 493 2394 operam
519 2293 669 2366 navavit:
690 2294 799 2378 «Vos,
831 2292 1015 2391 pharisaei,
1046 2295 1209 2381 audistis,
1242 2296 1285 2367 ad

171 2411 350 2485 divortium
376 2435 443 2483 non
466 2408 655 2481 aliudesse
676 2407 786 2503 alege
804 2408 907 2481 Mosis
928 2409 1166 2496 necessarium,
1183 2437 1285 2509 quarn

171 2546 206 2599 ut
231 2525 371 2599 maritus
396 2523 559 2597 dimissae
584 2549 665 2596 suae
691 2521 784 2596 exeri
803 2522 928 2595 scribat
953 2522 1111 2596 libellum
1138 2525 1281 2623 repudii.

173 2643 243 2739 Ego
268 2667 347 2714 vero
372 2640 448 2713 dice
481 2639 578 2713 robis
603 2640 717 2713 Mosen
749 2639 999 2713 concessionem
1036 2638 1125 2710 hanc
1151 2640 1284 2712 nonnisi

172 2772 305 2857 prepter
329 2756 488 2828 duritiam
515 2755 627 2829 cordis
665 2754 768 2828 vestri
796 2754 893 2828 vebis
919 2754 1131 2853 permisisse,
1153 2754 1196 2827 ah
1222 2755 1287 2826 ini-

172 2875 218 2946 tio
247 2888 357 2946 numm
380 2897 446 2943 non
471 2870 578 2944 luisse
604 2872 666 2943 sic.
688 2872 833 2971 Excepta
854 2896 957 2943 causa
980 2869 1220 2957 fornicationis,
1238 2873 1288 2944 vir

172 3014 241 3061 non
266 3003 372 3087 petest
396 3011 492 3058 suam
516 3012 653 3060 uxorem
675 2979 863 3069 dimittere,
893 3011 990 3059 secus
1013 3011 1089 3058 reus
1114 3001 1166 3058 est
1190 2986 1287 3059 adul-

172 3102 264 3188 terii,
293 3101 383 3201 quod
409 3125 494 3172 uxor
517 3100 591 3172 eius
618 3115 694 3200 post
725 3099 961 3172 dimissionem
987 3126 1082 3173 suam
1106 3099 1198 3173 alteri
1227 3129 1289 3173 nu-

172 3217 298 3303 bendo,
321 3232 501 3317 perpetrat.
527 3214 576 3286 Ex
604 3240 707 3287 causa
734 3214 966 3287 fornicationis
996 3231 1104 3314 potest
1128 3242 1212 3288 uxor
1236 3216 1288 3285 di-

175 3334 272 3420 mitti,
298 3358 407 3432 neque
424 3332 458 3402 in
476 3358 558 3405 casu
576 3331 641 3404 hec
658 3330 711 3404 vir
727 3356 863 3403 uxerem
884 3330 1069 3403 adulteram
1089 3331 1284 3430 repudians,

172 3448 375 3522 adulterium
393 3448 601 3521 committere
619 3446 810 3518 censendus
823 3462 891 3530 cst,
910 3446 938 3517 si
956 3447 1125 3518 uxoreius
1146 3446 1288 3518 dimissa

172 3562 266 3636 alteri
296 3562 413 3635 nubat.
442 3561 541 3635 Porro
572 3560 647 3633 dice
681 3558 795 3631 vohis:
826 3585 945 3632 uxores
977 3559 1101 3632 ariris
1127 3558 1287 3632 dimissas

172 3677 249 3751 aliis
277 3677 361 3750 viris
392 3676 516 3750 nubere
548 3701 617 3749 non
648 3700 765 3775 posse,
799 3700 863 3747 nec
892 3675 1001 3761 viros,
1030 3677 1088 3774 qui
1119 3674 1291 3747 dimittunt

175 3819 293 3866 uxores
321 3818 421 3879 suas,
446 3792 532 3866 alias
557 3792 697 3865 ducere:
731 3791 814 3889 quia
844 3790 879 3861 in
907 3790 971 3864 hec
1001 3815 1082 3864 casu
1108 3789 1289 3890 utrobique

174 3908 377 3981 adulterium
395 3909 670 3982 committeretur.
694 3908 766 3980 lllea
792 3908 834 3979 de
851 3907 986 3980 vinculo
1007 3906 1209 3980 matrimonii
1233 3906 1290 3979 do·

244 4085 310 4146 (tos)
325 4087 364 4134 lta
378 4099 475 4136 rursum
495 4085 640 4148 Roslrortuy
656 4099 697 4149 op.
718 4085 760 4136 cit.
781 4086 804 4149 §.
816 4093 855 4137 et.
878 4087 915 4136 ct.
939 4087 1013 4137 etlam
1023 4098 1087 4149 qnae
1104 4087 1166 4135 hanc
1188 4085 1214 4134 ln
1240 4098 1291 4135 nm

169 4162 256 4212 scnhtt
274 4163 357 4214 ttstlns
377 4166 520 4215 comment.
540 4164 829 4228 incantetrunom.
843 4165 919 4216 aoht
933 4164 1096 4228 quaererem
1114 4176 1221 4227 quanam
1238 4163 1290 4227 tage

171 4240 276 4292 desem
295 4244 428 4307 Apostolus
448 4256 506 4294 cum
527 4244 562 4293 att
579 4243 720 4293 Muttcrcte
733 4242 875 4306 ellteatem
896 4256 948 4294 csse
969 4243 1019 4307 lect
1038 4242 1156 4307 quamdiu
1180 4242 1218 4292 vlr
1237 4244 1290 4293 eius

172 4320 251 4384 sivit,
271 4322 379 4373 ostendit
394 4336 443 4373 nen
464 4322 496 4373 de
516 4322 564 4374 ella
582 4323 634 4387 lege
655 4322 758 4386 intelligi
774 4336 845 4386 posse
860 4336 934 4387 quarn
955 4323 986 4373 de
1005 4337 1034 4375 es
1053 4324 1104 4387 lege
1124 4322 1230 4386 coniugii
1255 4323 1289 4372 ln·

172 4401 257 4452 stileta
270 4403 295 4452 ln
312 4401 426 4466 peradlm
447 4405 535 4454 Gener.
547 4406 578 4454 11.
597 4415 647 4466 que
667 4402 775 4453 edictum
795 4406 851 4454 est:
875 4403 1010 4468 Rettnqrert
1022 4403 1096 4455 horno
1115 4406 1162 4454 ete.

1169 4482 1188 4523 tt
