3234 5084
338 428 408 479 uir.
430 427 453 478 t.
473 429 513 479 ar
535 428 707 480 rourum
722 428 930 480 amormuni.
947 427 1017 478 aar.
1035 428 1078 477 rr.
1214 406 1260 476 tn

230 545 325 619 ldern
349 546 446 620 donet
469 572 499 619 s.
519 546 727 642 Augustinus
751 546 833 619 du'm
858 546 906 619 ait
922 550 1091 644 raneptum
1113 545 1262 620 mein

159 660 302 735 andusia
326 661 558 734 Christi....ut
573 685 636 734 nen
661 660 805 734 sterilem
831 661 1008 756 onningen
1031 659 1083 733 les
1103 659 1265 733 sit'ralin·

157 800 281 874 quere,
301 774 423 847 utalia
444 773 608 848 lnenunda
631 773 785 847 dueatur.
806 773 904 859 Quod
922 773 952 847 si
970 773 1152 872 quisquam
1175 773 1264 846 lane·

161 889 217 975 rit,
233 914 301 962 non
319 889 394 985 lege
411 888 512 962 hrains
529 888 675 975 saeculi,
697 888 757 959 ubi
775 888 1017 962 interveniente
1033 887 1173 986 repudio
1190 888 1266 961 sine

158 1004 299 1077 numine
326 1003 521 1076 onnneditur
544 1028 619 1076 num
650 1002 728 1076 aliis
753 1001 819 1074 alia
845 1002 1002 1101 copulare
1026 1001 1260 1089 nnunubia;.„

159 1117 219 1190 sed
244 1117 318 1213 lege
337 1117 508 1214 Evangelii
534 1144 611 1191 reas
634 1134 688 1190 est
710 1116 886 1201 adulterii;
915 1118 1003 1188 siout
1026 1117 1128 1189 otiam
1150 1116 1208 1190 illa
1231 1117 1263 1191 si

82 1300 86 1305 .
159 1231 253 1305 alteri
270 1231 435 1331 nupserit.
453 1232 564 1331 Usque
581 1232 666 1306 adeo
682 1248 818 1304 manent
837 1232 923 1304 iuter
936 1256 978 1304 se
993 1232 1141 1305 virentes
1158 1231 1262 1305 semel

161 1345 243 1418 inita
267 1346 342 1418 iura
366 1346 575 1445 nuptiarum,
606 1361 646 1419 ut
668 1345 779 1444 potius
810 1344 880 1417 sint
908 1344 995 1417 inter
1018 1369 1056 1417 se
1080 1345 1260 1441 coniuges,

159 1461 219 1559 qui
235 1459 278 1532 ab
294 1459 450 1533 alterutro
474 1461 621 1559 separati
643 1476 738 1547 sunt,
758 1484 861 1559 quam
879 1484 954 1533 oum
972 1458 1028 1531 his
1046 1457 1169 1557 quibus
1187 1458 1262 1533 aliis

159 1574 369 1647 aduenerant.
390 1573 473 1646 Cum
489 1574 567 1647 aliis
583 1574 710 1673 quippe
726 1573 867 1646 adulteri
891 1599 956 1647 non
982 1587 1115 1659 essent,
1136 1573 1202 1645 nisi
1220 1573 1262 1646 td

158 1689 349 1764 alterutrum
373 1689 531 1786 onningen
556 1704 788 1789 pemauerent
802 1691 916 1784 (tte).

229 1807 298 1877 Neo
328 1830 395 1877 nnn
421 1805 632 1878 lunonentius
663 1805 689 1876 Ι.
710 1805 767 1903 qui
787 1803 922 1878 scribit:
945 1805 1022 1876 «lle
1038 1803 1094 1875 lais
1117 1804 1264 1902 requisi·

158 1919 206 1992 vit
228 1918 365 1991 ᾶὶὶοοιίο
388 1934 466 2005 tua,
492 1919 550 2018 qui
576 1918 817 1993 interveniente
841 1917 999 2017 repudio,
1020 1916 1078 1989 alii
1095 1904 1263 1990 sematri·

158 2032 271 2106 monio
293 2032 502 2131 nnpulamnt.
531 2032 625 2118 Quos
648 2033 683 2105 in
707 2049 848 2131 utruque
873 2048 969 2130 parte
993 2030 1162 2105 adulterer
1186 2056 1263 2106 essa

159 2148 373 2222 manifestum
389 2164 452 2223 est.
474 2147 537 2234 Qui
555 2173 636 2222 vern
650 2147 703 2221 vel
719 2172 821 2221 uxore
844 2147 996 2231 virente,
1024 2147 1178 2246 quamvis
1195 2146 1264 2219 dis·

159 2264 323 2337 sociatum
344 2263 500 2337 rideatur
520 2288 599 2336 esse
621 2263 832 2360 onningun),
855 2265 898 2334 nd
918 2261 1019 2335 aliam
1044 2262 1198 2361 nnpulam
1214 2262 1264 2335 la·

163 2377 344 2466 sanarunt,
373 2404 484 2478 neque
508 2393 650 2478 possunt
677 2377 818 2451 adulteri
847 2403 915 2450 ann
943 2377 1091 2450 rideri.»
1109 2377 1147 2448 ln
1165 2378 1262 2450 ouius

164 2493 210 2564 rei
236 2493 520 2566 onulirmatinnem
546 2492 682 2565 adducit
701 2490 803 2564 rerba
824 2492 948 2565 Christi
970 2491 1102 2565 Domini
1123 2518 1163 2565 ex
1181 2493 1264 2565 Mat·

160 2606 210 2679 th.
221 2608 308 2678 XIX.
322 2611 356 2677 9.
374 2610 404 2702 (1
415 2609 513 2703 tlt»
525 2607 627 2693 Ouia,
643 2622 681 2679 ut
692 2606 771 2679 alibi
786 2607 900 2681 subdit
915 2607 1011 2681 «fide
1021 2606 1185 2680 natholioa
1197 2606 1266 2679 sul-

160 2720 352 2819 lragaute...
364 2738 561 2796 nonventum
581 2723 749 2796 secundae
764 2724 932 2808 mulieris,
954 2724 1064 2822 priore
1085 2721 1263 2820 superstite

25 2936 29 2945 Ι
159 2862 219 2908 nen
230 2836 372 2910 divortio
384 2838 499 2923 eiecta,
513 2837 604 2910 nullo
618 2852 715 2936 panto
727 2862 828 2939 posse
840 2863 916 2911 esse
929 2837 1113 2934 legitimum
1122 2839 1153 2931 (l
1162 2838 1260 2931 18)]

231 2951 441 3052 Quapropter
465 2951 557 3023 filum
589 2952 776 3025 traditionis
802 2952 1008 3026 christianae
1039 2952 1180 3026 inseouti
1209 2970 1263 3025 an*

159 3067 248 3137 muni
272 3065 448 3164 pontilioes
473 3066 623 3138 eiusdem
648 3067 805 3139 nusmdes
824 3093 864 3140 an
880 3067 1052 3152 vindices,
1080 3090 1262 3166 numquam

159 3180 251 3278 passi
277 3195 355 3252 sunt
380 3179 603 3280 polygamiam
629 3182 764 3282 impune
786 3183 872 3255 inter
893 3183 1094 3257 nhristianns
1124 3182 1259 3269 indum,

159 3295 218 3367 sed
242 3320 317 3367 eam
343 3313 511 3395 umquam
535 3295 600 3393 legi
626 3297 839 3395 evangelicae
855 3314 888 3371 et
905 3296 1106 3399 apostolieae
1132 3312 1263 3371 eontra·

159 3411 241 3481 riam
268 3432 400 3508 semper
423 3411 564 3484 execrati
591 3428 680 3484 sunt.
702 3414 784 3484 Nam
807 3411 963 3486 Nionlaus
989 3413 1015 3483 l.
1038 3412 1081 3484 ad
1105 3410 1264 3491 Consulta

159 3522 393 3620 bulgarorum:
418 3526 557 3611 «Duas,
582 3524 707 3623 inquit,
731 3525 878 3624 tempora
903 3552 970 3600 uun
995 3526 1118 3599 haltere
1143 3549 1262 3597 uxores

159 3663 220 3710 nen
232 3639 308 3735 ipsa
320 3640 415 3735 origo
432 3638 598 3711 humanae
614 3640 815 3713 conditionis
838 3641 1003 3727 admittit,
1025 3666 1086 3715 uec
1103 3640 1155 3713 lex
1172 3638 1262 3712 ebri-

159 3752 342 3826 stiannrum
367 3754 436 3826 ulla
460 3753 621 3852 permittit
635 3755 773 3850 (llll).»
790 3756 832 3828 Et
850 3757 1063 3830 lunonentius
1077 3757 1136 3827 lll.
1152 3754 1263 3827 deela-
1326 3768 1337 3785 ²

159 3866 242 3940 revit
267 3866 382 3966 plures
408 3867 505 3938 simul
540 3867 682 3940 retinere
705 3892 825 3941 uxores
850 3870 1004 3942 absonum
1029 3894 1115 3952 esse,
1144 3882 1174 3940 et
1199 3869 1263 3939 ini-

231 4108 296 4170 (tte)
311 4110 351 4157 De
366 4110 481 4172 nuptu
494 4120 602 4170 nnnnup.
616 4107 658 4156 lllr.
669 4110 689 4157 1.
700 4111 796 4171 nuptu
807 4122 833 4157 n.
848 4116 883 4158 tt.
895 4107 935 4159 et.
946 4110 1023 4158 naar.
1081 4116 1084 4123 ‘

229 4188 295 4249 (147)
310 4187 386 4251 aput.
397 4189 440 4237 lv.
452 4186 484 4237 td
494 4190 599 4250 Btuprr.
611 4200 634 4236 o.
647 4186 744 4251 &apud
752 4190 874 4238 constant
883 4189 932 4238 eol.
945 4191 998 4238 let.

232 4266 296 4327 (tta)
312 4267 389 4330 ltplsl.
400 4273 423 4317 9.
434 4267 543 4315 xxxvl.
555 4264 586 4314 nd
603 4264 715 4314 Probum.
730 4264 791 4314 lbld.
804 4268 851 4315 nol
866 4273 919 4316 910.

230 4346 294 4407 (tte)
309 4347 369 4409 cap.
382 4352 422 4395 tt.
