3234 5084
330 430 399 507 cxi.
416 456 452 507 n.
468 454 509 507 ns
528 455 640 508 raons.
658 454 753 508 ιιιτιι.
770 458 804 509 ιιι
821 454 1171 512 cissanthemus.
1244 429 1310 510 1'81

197 574 283 648 oerit
298 571 341 647 de
358 573 518 649 facultate
533 574 674 649 alteram
691 575 837 650 ducendi
857 586 1015 666 uxorem,
1035 577 1139 678 priori
1158 578 1313 653 dimissa.

197 688 247 760 Dc
264 687 329 762 hac
346 689 436 762 enim
458 713 569 764 sermo
594 705 761 778 resumet,
789 705 969 791 postquam
996 693 1176 790 genuinam
1198 692 1317 767 horum

197 800 345 875 iooerum
371 802 680 903 interpretationem
703 804 972 903 exposuerimus.

272 917 389 1015 ltaque
413 932 451 988 ut
475 915 609 990 initium
634 918 796 992 faciamus
817 918 973 1017 epicrisis
995 936 1130 999 nostrae
1147 947 1169 995 a
1186 936 1318 996 senten·

197 1030 245 1104 tia
269 1030 403 1105 illorum
427 1033 486 1132 qui
512 1032 747 1105 existimarunt
763 1033 934 1105 Christum
956 1050 1099 1134 utroque
1116 1036 1151 1107 in
1170 1036 1243 1110 loco
1260 1063 1318 1135 ga-

197 1146 338 1218 nuinnm
369 1145 599 1221 tantummodo
631 1149 831 1248 exposuisse
861 1148 1031 1223 mosaicae
1064 1150 1149 1247 legis
1179 1176 1317 1226 sensnm

198 1262 288 1336 circa
300 1288 440 1335 causam
458 1262 678 1336 dimittendae
695 1264 810 1338 uxoris
828 1262 1035 1364 alteriusque
1052 1264 1226 1339 ducendae
1242 1282 1318 1367 post

198 1376 400 1451 solutionem
422 1377 591 1476 coniugii,
612 1377 698 1450 nihil
716 1394 828 1451 antem
845 1379 1090 1479 pronunciasse
1106 1380 1150 1452 de
1167 1407 1208 1453 eo
1225 1380 1316 1480 quod

198 1492 233 1563 in
257 1507 428 1592 posterum
454 1492 497 1565 ab
522 1491 664 1567 asseclis
690 1493 763 1566 suis
789 1493 862 1567 fieri
887 1491 1044 1582 deberet,
1072 1496 1216 1569 dicimus
1240 1521 1316 1569 eam

198 1629 264 1680 non
282 1609 399 1709 paucis
417 1607 674 1682 difficultatibus
695 1608 849 1683 subesse.
866 1610 949 1682 Nam
968 1611 1033 1683 etsi
1050 1610 1208 1684 daremus
1226 1610 1317 1711 quod

197 1719 290 1795 illius
316 1723 447 1821 patroni
470 1723 658 1811 affirmant,
687 1726 721 1796 1.
741 1723 909 1798 eiusmodi
936 1725 1243 1826 interpretationem
1266 1752 1318 1800 oo·

197 1836 335 1912 haerare
353 1864 429 1912 cum
446 1838 590 1913 historia
608 1838 700 1912 iilius
718 1839 891 1939 temporis,
908 1865 997 1939 quae
1009 1866 1069 1915 nos
1084 1840 1181 1915 docet
1198 1840 1318 1914 acnwr

196 1952 283 2027 inter
307 1953 504 2028 iudaeorum
529 1954 683 2028 doctores
708 1953 930 2056 disceptatum
958 1981 1035 2030 esse
1058 1957 1149 2030 circa
1174 1981 1312 2042 causas,

197 2066 240 2142 ob
258 2095 343 2168 quas
357 2095 397 2142 ex
411 2085 521 2144 mente
538 2069 622 2167 legis
640 2069 810 2143 mosaicae
826 2069 949 2143 dimitti
970 2087 1100 2171 poterat
1117 2098 1211 2158 uxor,
1227 2092 1319 2171 prae

197 2182 375 2257 sertimoh
392 2209 513 2282 vagam
538 2182 820 2282 significationem
848 2183 1011 2284 phraseos
1038 2187 1173 2259 hemoth
1194 2185 1311 2269 dabar,

194 2324 297 2398 qnam
326 2297 481 2396 vulgatus
515 2299 681 2398 interpres
706 2298 854 2371 reddidit
878 2300 1085 2399 foeditatem
1113 2327 1182 2400 qua
1207 2300 1317 2373 ambi-

195 2413 321 2510 guitate
346 2413 471 2487 facturn
495 2429 548 2487 est
572 2429 610 2487 ut
634 2412 691 2487 a'lii
718 2411 794 2513 plus
812 2439 921 2513 aequo
939 2413 1003 2488 has
1021 2440 1143 2488 causas
1162 2414 1317 2488 extende

195 2527 281 2616 rint,
311 2526 368 2601 alii
394 2553 473 2601 xero
499 2526 823 2599 nimis‘viderentur
846 2552 905 2600 eas
930 2543 1118 2615 coarctare,
1139 2528 1188 2600 nti
1212 2553 1315 2628 supe·

197 2643 268 2716 rius
287 2643 447 2718 vidimus.
471 2643 552 2715 item
571 2641 805 2743 quaestionem
824 2642 912 2716 hanc
929 2670 949 2715 a
967 2643 1162 2742 pharisaeis·
1176 2643 1219 2715 ad
1242 2640 1316 2713 Sai-

194 2774 343 2831 iatorem
371 2757 478 2831 fuisse
507 2755 673 2844 delatam,
702 2757 761 2856 qui
791 2783 929 2831 oausam
960 2757 1093 2831 divortii
1111 2757 1162 2863 ad
1188 2756 1315 2856 Moysis

196 2888 341 2945 mentem
359 2873 402 2946 ad
420 2871 526 2946 solam
552 2872 803 2947 fornicationem
823 2898 884 2945 seu
900 2871 1103 2956 adulterium
1122 2872 1312 2959 restrinxit;

196 2987 231 3058 2.
252 2986 352 3060 talem
378 3003 550 3087 praeterea
574 3012 651 3060 esse
676 2986 763 3059 banc
789 2987 1121 3086 interpretationem,
1154 3005 1191 3061 ut
1216 2987 1316 3089 plane

196 3101 373 3176 cohaereat
392 3128 474 3175 cum
501 3102 652 3175 doctrina
676 3101 863 3189 catholica,
892 3090 980 3203 quae
1010 3119 1101 3177 tenet
1127 3096 1218 3176 band
1244 3103 1316 3176 dis-

196 3218 280 3293 solvi
307 3220 500 3318 coniugium
526 3219 638 3319 quoad
663 3219 833 3292 vinculum
859 3219 895 3291 in
921 3245 1003 3293 casu
1033 3218 1210 3306 adulterii,
1235 3218 1315 3292 licet

196 3335 231 3406 in
249 3334 323 3433 lege
339 3337 487 3409 mosaica
508 3334 768 3421 dissolveretur;
791 3337 826 3408 3.
844 3360 905 3408 nec
922 3335 1059 3409 omnino
1076 3360 1197 3409 novam
1215 3359 1310 3419 esse,

196 3476 273 3523 eum
289 3451 442 3525 eiusdem
457 3450 602 3548 vestigia
620 3451 687 3523 iam
705 3449 893 3523 habeantur
909 3476 1014 3550 penes
1031 3447 1132 3548 paulo
1149 3445 1315 3547 antiquio

105 3546 113 3559 ³
196 3592 250 3640 res
275 3568 482 3668 scriptores,
511 3592 631 3667 nempe
656 3564 747 3666 apud
774 3564 915 3639 Paulum
942 3565 1146 3662 Burgensem
1169 3564 1258 3658 (ih),
1275 3585 1315 3635 ao

196 3682 352 3756 hiberam
369 3685 458 3779 (41).

268 3798 361 3886 Etsi,
382 3798 536 3898 inquam,
559 3799 642 3871 haec
666 3797 778 3871 omnia
798 3795 975 3883 daremus,
998 3793 1219 3868 nibilominus
1236 3816 1312 3864 eam
1379 3863 1384 3875 ,

181 3911 325 3991 ,admitti
352 3939 419 3987 non
449 3939 551 4014 posse
580 3911 701 3987 exinde
727 3918 829 4011 patet,
858 3909 949 4010 quod
977 3912 1011 3982 1.
1036 3923 1247 4009 supponatur
1271 3905 1316 3980 ab

197 4026 299 4101 huius
323 4029 544 4129 expositionis
573 4026 761 4101 fautoribus
788 4024 988 4126 pharisaeos
1013 4023 1184 4097 Christum
1211 4022 1314 4094 inter·

197 4142 343 4241 pellasse
366 4144 410 4218 de
433 4144 554 4219 veriori
579 4171 619 4217 ex
645 4141 844 4243 disceptatis
867 4141 902 4212 in
924 4140 1051 4215 scholis
1074 4138 1217 4213 iudaicis
1235 4163 1314 4213 sen-

267 4329 318 4393 (to)
334 4329 418 4381 nouit.
430 4338 453 4382 t.
466 4331 497 4382 ad
511 4334 645 4395 hymnum.

271 4409 325 4472 (tt)
339 4412 520 4463 commeatts
535 4413 604 4463 ΧΗ.
619 4410 742 4476 Proptet.
756 4412 821 4462 sata.
831 4408 935 4460 matach.
949 4410 981 4458 11.
992 4421 1017 4458 n.
1030 4414 1069 4459 te.
