3234 5084
365 434 435 484 etr.
450 436 472 483 ι.
486 432 525 484 nr
539 434 713 484 rouretum
738 433 945 483 susurrium.
963 434 1033 481 ιιι.
1047 434 1068 481 ι.
1237 411 1281 479 23

172 580 247 627 rem
259 554 369 650 magis
387 553 655 626 communionem
674 550 893 625 foeminarum
912 536 1051 622 nedum
1069 552 1132 622 iuri
1153 551 1278 631 divino,

171 695 283 741 uerum
309 669 410 742 etiam
437 669 501 741 iuri
526 667 669 742 naturali
694 668 828 765 penitus
848 667 1036 740 adversari.

595 932 802 989 ARTICULUS
830 933 863 984 ll.

179 1142 349 1220 Potygnmla
374 1141 544 1200 simultanea
567 1140 624 1199 turl
645 1146 765 1198 naturae
787 1138 917 1197 obsolute
935 1155 992 1197 non
1011 1148 1164 1217 repugnat,
1184 1141 1275 1199 adem

229 1247 327 1299 minen
343 1240 439 1298 nrtnus
449 1237 606 1297 contormls
618 1243 663 1295 est
676 1242 706 1295 et
719 1235 920 1311 camentorum
934 1238 1020 1296 etiem
1036 1237 1217 1296 adversator.

242 1467 387 1540 Breviter
411 1464 486 1537 heic
512 1489 575 1538 nos
596 1490 617 1537 n
637 1464 745 1562 prima
769 1463 977 1561 quaestionis
1004 1481 1098 1562 parte
1122 1467 1275 1564 expedie-

171 1608 263 1669 mus,
288 1606 364 1654 cum
391 1604 496 1679 penes
520 1576 703 1651 catholicos
728 1601 845 1650 omnes
869 1593 1000 1651 constet
1025 1604 1091 1651 non
1116 1579 1163 1652 ita
1187 1581 1278 1653 eius·

169 1696 256 1769 modi
280 1694 503 1795 polygamiam
521 1692 647 1764 directe
665 1716 853 1789 repugnare
870 1690 934 1787 legi
952 1708 1109 1780 naturae,
1125 1710 1278 1793 utquam

167 1811 295 1909 doque,
310 1811 373 1883 Dei
388 1808 580 1908 praesertim
600 1806 777 1879 accedente
794 1806 1067 1905 dispensatione,
1095 1806 1186 1881 linita
1204 1811 1276 1883 fieri

168 1952 232 1999 non
255 1926 376 2024 possit.
397 1924 435 1996 ld
461 1948 539 1996 vero
564 1922 721 1995 statuitur
745 1921 872 2020 passim
898 1921 1059 1995 adversus
1081 1922 1273 2012 Calvinum,

165 2041 223 2139 qui
249 2040 434 2113 autumavit
458 2060 640 2136 numquam
665 2037 811 2135 permitti
838 2036 1062 2135 polygamiam
1090 2065 1211 2137 posse,
1237 2067 1277 2114 eo

166 2156 255 2254 quod
280 2156 347 2252 legi
373 2153 516 2227 naturali
537 2153 582 2226 sit
603 2177 741 2252 prorsus
765 2153 1046 2245 oontparia.·flinc
1063 2180 1130 2227 non
1146 2173 1278 2230 veretur

167 2270 373 2370 patriarchas
395 2295 469 2345 reos
494 2267 768 2343 traducereflaesi
786 2268 871 2340 iuris
889 2268 1051 2340 naturalis
1072 2268 1116 2341 ob
1135 2295 1275 2344 urorum

167 2387 401 2485 pluralitatem.

234 2504 290 2575 Sic
313 2502 403 2575 enim
429 2502 538 2597 arguit
558 2500 671 2573 Seram
693 2500 781 2599 quod
805 2499 961 2572 Abrahae
977 2498 1067 2595 Agar
1084 2501 1119 2572 in
1137 2528 1275 2576 uxorem

164 2618 312 2690 dederit:
339 2647 357 2685 «
374 2618 515 2701 Verum,
550 2615 685 2714 inquit,
713 2630 751 2686 ut
775 2640 828 2686 res
854 2631 944 2687 esset
967 2614 1144 2713 desperata
1171 2621 1275 2711 (con-

164 2734 310 2831 ceptio),
323 2758 389 2806 non
407 2732 523 2804 debuit
549 2747 659 2804 temen
685 2729 871 2828 quidquam
896 2730 1034 2827 aggredi
1056 2732 1124 2802 nisi
1141 2732 1205 2803 Dei
1219 2760 1275 2805 oo-

165 2847 285 2918 lcntotr'
299 2861 331 2917 et
348 2847 491 2944 lepitimo
510 2860 648 2918 naturae
668 2844 778 2915 ordini
793 2860 1065 2918 consentaneum.
1087 2846 1181 2917 Sarni
1199 2873 1275 2920 con-

163 2959 254 3033 nubii
281 2960 387 3057 legem
411 2956 583 3060 pervertit,
604 2958 724 3032 lectum
750 2958 980 3055 coniugalem,
1001 2959 1059 3059 qui
1076 2961 1207 3035 duobus
1225 2964 1274 3035 di-

31 3154 34 3163 ,
160 3090 255 3149 cetus
280 3091 372 3161 erat,
402 3074 616 3174 polluendo»
640 3090 674 3148 et
699 3073 899 3173 paulopost
924 3075 1033 3172 pergit
1063 3076 1205 3176 loquens
1230 3080 1273 3150 de

162 3189 328 3262 Abraham
342 3189 570 3289 :nlmproprie
595 3204 704 3261 tamen
733 3190 871 3286 (Agar)
900 3206 1036 3262 vocatur
1062 3218 1163 3277 uxor,
1185 3219 1272 3291 quae

160 3319 290 3402 praeter
300 3304 360 3376 Dei
375 3304 481 3401 legem
499 3304 534 3376 in
547 3304 693 3377 alienum
720 3321 828 3377 torum
855 3305 1037 3378 inducitur.
1055 3306 1166 3391 Quare
1183 3309 1272 3380 scia-

159 3444 235 3491 mus
260 3417 351 3491 hnuo
372 3418 585 3492 concubitum
608 3419 657 3490 sic
679 3417 832 3491 illicitum
858 3419 980 3507 luisse,
1008 3436 1045 3492 ut
1069 3420 1156 3494 inter
1180 3446 1270 3493 socr-

156 3534 316 3606 tationem
329 3549 362 3605 et
372 3533 565 3631 coniugium
579 3533 678 3633 qnasi
692 3534 824 3606 medius
837 3533 936 3608 luerit
952 3537 1025 3629 (tt)
1035 3535 1117 3607 .»Et
1134 3536 1266 3620 iterum,

155 3646 328 3720 disserens
355 3647 398 3720 de
423 3646 542 3733 laceb,
564 3648 621 3747 qui
641 3665 718 3746 post
735 3649 826 3721 liam
845 3649 1022 3723 Rachelem
1049 3650 1145 3723 duait
1163 3652 1198 3721 in
1216 3677 1270 3724 se-

156 3765 301 3838 cundam
314 3788 451 3838 uxorem
466 3794 473 3837 ε
489 3767 559 3839 «Ut
570 3765 709 3849 malum,
727 3766 852 3864 iuquit,
870 3764 1019 3864 duplicet
1035 3767 1264 3867 polygamiae

155 3878 285 3950 Deinde
311 3880 361 3952 sic
385 3878 510 3979 pergit:
531 3881 677 3979 «ltaque
698 3880 741 3952 ad
764 3881 895 3953 tertium
924 3883 1116 3979 coniugium
1142 3882 1271 3980 rapitur

157 3992 268 4066 laceb.
290 3994 388 4067 Unde
411 3993 600 4091 colligimus
625 3996 753 4068 nullum
769 4023 836 4068 case
851 3999 979 4094 peccati
1002 3999 1115 4097 finem,
1137 3998 1196 4069 ubi
1216 4023 1269 4070 se·

157 4107 221 4178 mel
256 4108 404 4206 neglecta
429 4126 481 4182 est
505 4110 564 4182 Dei
591 4110 951 4184 institutio....llirum
977 4127 1029 4184 est
1061 4114 1151 4212 quod
1177 4113 1267 4207 Deus

227 4336 277 4393 rte)
295 4338 435 4385 comment.
448 4336 473 4383 tn
485 4348 538 4397 cup.
552 4338 615 4384 xvt.
629 4339 714 4385 Genes.
728 4351 785 4400 opp.
794 4337 833 4387 ed.
847 4316 1022 4387 a'mstetooami
1037 4342 1103 4389 1671.
1114 4340 1172 4386 torn.
1185 4340 1203 4386 t.
