3234 5084
327 450 395 520 276
471 471 532 520 nn.
552 469 598 519 ru.
617 467 850 542 sacrament.
873 470 912 518 nr
934 468 1045 537 rnorss,
1067 469 1162 519 stra.
1180 465 1301 520 oneror.

325 603 460 660 veatur:
491 585 680 659 adulterum
704 609 806 672 esse,
836 585 894 684 qui
919 611 939 658 a
962 586 1082 659 marito
1112 587 1250 659 eiectam
1282 585 1443 670 duxerit,

328 718 361 776 st
385 728 485 787 eum,
518 701 578 800 qui
608 691 745 798 praeter¹
765 703 886 772 crimen
916 699 1075 772 adulterii
1102 727 1237 773 osorem
1263 701 1440 785 dimiserit,

325 833 362 888 ut
387 805 525 888 alteram
549 817 659 887 ducat.
680 816 865 888 Dissociari
884 816 973 887 enim
992 842 1114 914 corpus
1132 832 1165 888 ct
1181 817 1325 891 distrahi
1349 818 1441 891 Deus

328 931 433 1004 noluit
454 934 525 1027 (bl)
543 960 575 1016 3»
587 932 636 1003 sio
654 931 687 1001 in
707 931 854 1028 Epitome
872 931 976 1002 divio.
999 934 1140 1002 institut.
1157 958 1232 1031 cap.
1248 933 1355 1003 Livi.
1374 959 1444 1004 rur·

326 1073 400 1119 sum
419 1046 556 1119 scribit:
569 1045 661 1118 «Sed
680 1045 767 1118 siout
786 1045 931 1118 foemina
951 1046 1115 1120 eastitatis
1133 1046 1278 1119 vinculis
1296 1045 1442 1144 obligate

325 1179 395 1246 est,
425 1190 466 1234 ne
491 1161 582 1234 aliud
609 1162 846 1259 concupiscat:
868 1161 914 1234 ita
939 1162 990 1233 vir
1019 1162 1137 1233 cadom
1168 1160 1241 1258 lege
1268 1176 1438 1246 teneatur,

326 1276 417 1375 quod
443 1278 533 1348 Deus
560 1303 599 1348 cx
624 1277 696 1348 viro
722 1301 858 1347 uxorem
884 1275 986 1348 unius
1012 1277 1161 1375 corporis
1191 1300 1353 1374 compage
1388 1302 1444 1349 so-

325 1390 454 1465 lidavit.
476 1393 556 1465 ldeo
582 1391 773 1491 praecepit,
803 1416 870 1463 non
896 1389 1018 1462 dimitti
1050 1417 1208 1475 uxorem,
1237 1391 1303 1463 nisi
1334 1391 1444 1463 crimi-

326 1533 370 1578 ne
399 1505 554 1579 adulterii
587 1508 768 1593 revictam,
795 1521 834 1576 ut
863 1531 1046 1604 numquam
1079 1504 1266 1601 coniugalis
1297 1504 1442 1578 foederis

327 1619 519 1709 vinculum,
547 1622 615 1693 nisi
638 1619 724 1718 quod
744 1618 886 1719 perfidio
910 1623 1051 1718 ruperit,
1083 1620 1265 1692 resolvatur
1284 1621 1398 1716 (58).»

399 1738 490 1809 Haec
506 1735 645 1836 quidem
664 1733 727 1808 hoc
740 1734 784 1806 de
795 1752 993 1831 argumento
1005 1735 1196 1808 Lactantius
1210 1793 1218 1822 ,
1234 1762 1275 1808 en
1294 1735 1438 1834 quibus,

327 1867 363 1923 ut
381 1851 573 1937 innuimus,
595 1849 747 1948 plerique
763 1848 989 1934 contendunt,
1011 1875 1087 1946 eum
1100 1875 1178 1922 vere
1189 1850 1437 1948 exceptionem,

327 1991 416 2065 quae
440 1965 585 2037 occurrit
609 1963 699 2062 apud
726 1962 930 2036 Matthaeum
956 1963 999 2035 de
1023 1962 1149 2037 vinculi
1174 1964 1362 2061 coniugalis
1392 1965 1443 2037 di-

328 2081 526 2179 remptione,
547 2079 711 2179 accipere.
732 2077 904 2177 Siquidem
920 2079 955 2150 in
969 2080 1072 2177 priori
1091 2095 1181 2153 textu
1199 2096 1313 2180 aperta
1333 2078 1443 2181 loqui-

329 2195 449 2268 turdo
474 2194 587 2267 uxoris
613 2193 812 2267 dimissione
838 2193 872 2266 in
898 2193 1016 2266 ordine
1041 2193 1084 2266 ad
1109 2193 1210 2267 aliam
1228 2195 1438 2283 ducendam

330 2309 377 2382 ait
401 2309 513 2397 enim,
542 2312 602 2409 qui
625 2309 785 2381 dimiserit
809 2332 849 2382 ur
874 2309 1012 2381 alteram
1037 2310 1155 2394 ducat,
1185 2336 1261 2382 eum
1286 2337 1365 2384 vcro
1381 2313 1441 2411 qui

330 2425 393 2498 bac
418 2425 545 2499 ratione
572 2451 609 2498 se
633 2424 737 2523 gerit,
766 2424 1007 2496 interveniente
1024 2423 1180 2497 adulterii
1199 2426 1358 2513 erimine,
1379 2426 1443 2499 rite

328 2539 362 2612 id
389 2539 497 2613 lacere
522 2539 711 2613 lactantius
738 2538 948 2638 pronunciat.
972 2539 1008 2610 ld
1035 2539 1143 2637 magis
1170 2540 1385 2614 confirmatur
1401 2569 1443 2616 ex

326 2681 366 2728 eo
391 2653 482 2755 quod
508 2652 608 2752 paulo
633 2667 711 2726 ante
736 2652 795 2725 illa
821 2652 893 2726 sola
918 2653 1061 2727 divortia
1091 2654 1322 2743 damnaverit,
1352 2682 1441 2757 quae

325 2797 365 2842 ex
383 2796 488 2843 causa
506 2768 782 2868 intemperantiae
798 2784 832 2841 et
848 2766 1000 2841 libidinis
1019 2768 1136 2843 fierent
1156 2773 1244 2867 (tit).
1262 2771 1329 2844 Nec
1345 2770 1442 2845 aliter

327 2883 508 2957 dicendum
535 2884 577 2958 de
603 2882 779 2982 posteriori
806 2882 951 2956 adducto
977 2899 1088 2968 textu,
1121 2884 1180 2957 ubi
1209 2885 1299 2958 idem
1325 2906 1441 2961 auctor

309 2989 473 3071 'affirmat
495 3025 679 3098 numquam
701 2996 802 3071 licere
828 2997 1013 3096 coniugalis
1041 2999 1184 3073 foederis
1206 3002 1372 3073 vinculum
1389 3029 1442 3075 re·

326 3113 432 3199 solvi,
461 3113 527 3185 nisi
554 3110 644 3212 quod
671 3111 832 3211 perfidia,
854 3139 913 3186 seu
933 3112 1010 3185 fidei
1030 3114 1217 3212 coniugalis
1243 3114 1347 3189 laesio
1373 3117 1440 3190 iam

328 3242 466 3327 ruperit.

398 3341 440 3414 fli
460 3341 600 3441 proinde
616 3341 762 3416 latentur
779 3344 844 3417 hac
861 3345 896 3415 in
910 3345 1075 3418 sententia
1089 3346 1296 3419 bactamium
1313 3346 1436 3434 luisse,

326 3475 379 3532 asi
405 3483 471 3530 non
494 3458 606 3555 magni
632 3458 819 3531 faciendam
844 3486 920 3535 esse
937 3460 1090 3534 eiusdem
1108 3462 1359 3550 auctoritatem,
1385 3479 1439 3535 ut·

326 3589 403 3671 pote
432 3572 523 3645 illius
552 3599 651 3672 quam
687 3575 922 3673 pronunciavit
946 3601 975 3647 s.
998 3575 1223 3676 Hieronymus
1254 3577 1289 3648 in
1322 3603 1440 3677 super-

326 3687 518 3762 stitionibus
540 3689 714 3786 gentilium
740 3688 932 3762 refellendis
958 3689 1152 3764 solidiorem
1178 3689 1302 3777 luisse,
1336 3718 1438 3791 quam

327 3803 359 3874 in
386 3802 558 3901 religionis
583 3802 788 3877 christianae
812 3805 1024 3903 dogmatibus
1049 3806 1288 3879 confirmandis
1309 3807 1397 3904 (60).

399 4026 450 4087 (57)
466 4028 529 4089 opp.
547 4024 587 4076 ed.
602 4028 673 4077 Rom.
687 4031 754 4078 1757.
767 4041 822 4092 pag.
834 4033 937 4091 tisseq.

396 4106 447 4166 (58)
463 4105 578 4156 Eiusdem
590 4106 629 4156 ed.
646 4111 712 4159 1758.
725 4122 779 4172 pag.
793 4116 838 4159 tot
849 4121 901 4172 seq.

399 4186 448 4246 (59)
465 4188 493 4235 in
513 4186 568 4236 eod.
581 4190 673 4250 eapite,
689 4201 764 4250 segni.
782 4195 811 4239 15
822 4201 875 4251 seq.

396 4266 446 4327 (tto)
462 4266 503 4316 Sic
521 4268 587 4317 enirn
603 4267 690 4318 scribit
708 4282 729 4319 s.
743 4271 836 4319 Docior
847 4270 878 4319 de
890 4271 1017 4321 Lactantio
1027 4274 1187 4323 «Lactantius
1197 4275 1269 4337 quasi
1283 4274 1384 4338 quidam
1396 4274 1441 4324 liu·

325 4343 382 4393 vius
398 4344 553 4408 eloquentiae
568 4347 709 4411 Tullianae,
722 4349 817 4400 utinam
831 4352 882 4400 mm
894 4353 977 4401 nostra
994 4351 1116 4402 aitirmarc
1129 4353 1265 4416 potuisset,
1280 4368 1355 4418 qnam
1371 4354 1443 4405 iaciie

324 4423 403 4473 aliena
413 4423 640 4489 dormitisepist.
651 4429 725 4477 Lvti.
736 4428 767 4478 acl
776 4430 905 4480 Paulinum
919 4443 943 4479 n.
953 4439 987 4481 to.
1000 4435 1062 4495 opp.
1074 4432 1225 4482 aiveinis.
1235 4435 1374 4484 tornioni.
1385 4439 1439 4484 sti.
