3234 5084
305 442 717 503 unanimitatem.
738 443 771 495 ru
784 442 875 503 uuus.
890 442 1002 495 mour.
1021 443 1093 494 aar.
1106 443 1154 495 nt.
1224 422 1295 493 tto

178 563 269 638 idei
298 562 454 638 libuisset
482 565 555 659 (96)
575 572 675 650 ;'uut
699 562 801 636 etium
828 588 889 661 per
913 587 998 637 nota
1022 561 1142 660 iugiter
1167 562 1297 661 flagitia

176 680 320 755 transire
343 679 386 752 de
410 678 567 776 coniugio
589 677 625 750 in
651 677 860 775 oooiugium.

249 794 411 881 Demum3
440 794 494 869 vel
518 793 758 869 dissolveretur
781 793 1030 867 matrimonium
1052 793 1165 894 quoad
1182 793 1300 867 vinou-

179 909 250 983 lum
275 909 347 985 solo
372 909 603 984 fornicationis
634 924 733 997 actu,
761 923 794 981 et
823 924 900 981 tuno
926 936 991 983 noo
1018 925 1134 1008 posset
1159 908 1300 983 maritus

179 1025 322 1099 huiusce
340 1027 491 1100 oriminis
511 1025 668 1099 conscius
689 1024 766 1097 sine
779 1023 935 1098 adulterii
954 1024 1093 1120 flagitio,
1111 1040 1170 1097 aut
1182 1023 1300 1097 saltem

179 1139 409 1215 fornicationis
435 1169 473 1214 se
498 1167 574 1214 oum
601 1140 753 1214 adultera
785 1138 927 1212 muliere
956 1139 1183 1236 coniungere,
1217 1139 1301 1237 quia

179 1253 264 1328 haee
286 1281 352 1328 non
370 1254 517 1354 amplius
535 1270 625 1329 esset
642 1254 716 1328 eius
733 1279 838 1340 uxor,
860 1268 976 1351 utpote
995 1251 1105 1326 soluto
1122 1253 1294 1350 coniugio;

178 1369 230 1443 vel
248 1369 283 1441 id
301 1369 460 1469 penderet
477 1396 499 1442 a
515 1369 578 1441 viri
596 1368 781 1455 voluntate,
801 1383 860 1441 aut
877 1394 938 1466 per
959 1382 1069 1440 autum
1089 1365 1294 1454 iuridioum,

180 1499 213 1558 et
237 1500 318 1558 tuno
341 1485 393 1558 vir
417 1484 617 1558 dissolveret
641 1485 731 1585 quod
753 1485 848 1558 Deus
877 1483 1114 1569 coniunxerat,
1141 1482 1232 1580 quod
1257 1508 1299 1555 ex

178 1597 310 1674 Christo
335 1598 437 1674 homo
461 1600 660 1675 [aserenon
685 1616 806 1702 potest.
833 1600 920 1698 Ergo
938 1598 1168 1674 fornicationis
1187 1597 1299 1672 seelus

178 1713 428 1787 matrimonium
453 1713 566 1814 quoad
590 1714 762 1788 vinculum
788 1738 855 1788 non
879 1713 991 1788 solvit.

256 1830 324 1902 Neo
348 1827 461 1916 obest,
493 1846 531 1903 ut
560 1828 665 1929 aliqui
690 1829 880 1930 excipiunt,
914 1827 1062 1928 quodsi
1092 1844 1207 1902 nostra
1238 1825 1299 1899 ad-

178 1943 363 2017 mitteretur
384 1943 636 2044 interpretatio,
665 1943 820 2018 Christus
846 1949 913 2018 non
939 1941 1171 2042 respondisset
1194 1966 1299 2040 quae-

175 2059 277 2133 stioni
296 2058 564 2158 pharisaeorum.
585 2058 639 2131 llli
656 2059 746 2132 enim
764 2059 1053 2155 interrogaverunt
1069 2056 1112 2129 de
1130 2054 1297 2130 solutione

175 2174 288 2274 quoad
313 2172 504 2262 vinculum,
528 2189 627 2273 prout
650 2174 778 2248 serebat
802 2174 857 2247 lex
881 2173 1008 2274 Moysis
1035 2173 1231 2272 permittens
1257 2171 1297 2244 li-

175 2288 302 2363 bellum
328 2288 483 2387 repudii;
511 2289 586 2389 ipse
607 2305 717 2367 autem
740 2289 872 2364 loeutus
897 2288 1018 2362 luisset
1042 2287 1085 2361 de
1110 2287 1184 2362 sola
1209 2287 1301 2362 solu-

178 2402 268 2477 tione
292 2402 404 2503 quoad
430 2417 552 2475 torum.
577 2402 620 2476 At
645 2429 723 2477 vero
748 2403 813 2477 hoo
834 2403 910 2503 ipso
930 2401 1022 2503 quod
1054 2400 1209 2476 Christus
1238 2427 1298 2476 vo-

177 2518 241 2591 luit
264 2543 324 2591 eos
349 2516 516 2591 abducere
546 2517 589 2590 ab
623 2517 682 2591 illa
706 2518 854 2616 coniugii
887 2517 1128 2604 dissolutione,
1157 2542 1300 2617 eamque

174 2660 313 2735 prorsum
345 2632 507 2731 abrogare
545 2661 631 2708 nova
665 2662 728 2709 sua
763 2633 1002 2731 legislatione,
1036 2634 1299 2732 ooniugiumque

176 2748 220 2820 ad
245 2748 451 2848 primaevam
477 2749 703 2823 conditionem
729 2775 896 2836 revocare,
926 2750 960 2820 in
986 2775 1054 2849 qua
1071 2776 1091 2822 a
1108 2749 1178 2823 Deo
1201 2748 1299 2821 iusti-

177 2879 284 2937 tutum
299 2864 423 2951 luerat,
443 2880 631 2964 opportune
648 2865 785 2939 omnino
803 2865 1021 2964 respondisse
1047 2863 1211 2937 dicendus
1229 2878 1298 2951 est,

177 2978 257 3051 dum
284 2977 319 3050 in
346 2977 438 3053 nullo
463 3004 546 3052 casu
571 2979 764 3076 coniugium
790 2978 932 3054 dissolvi
958 2978 1083 3066 edixit,
1119 3004 1159 3052 ao
1190 2978 1297 3051 solam

176 3092 429 3168 fornicationem
452 3093 612 3193 praebere
629 3094 683 3167 ius
701 3094 921 3169 dimittendae
944 3094 1080 3182 uxoris,
1108 3094 1191 3194 quin
1216 3093 1301 3167 haee

177 3208 321 3281 dimissa
346 3208 400 3282 ius
426 3207 567 3282 haberet
582 3209 626 3282 ad
644 3209 730 3283 alias
747 3210 909 3309 nuptias,
938 3225 997 3282 aut
1012 3207 1160 3308 aliquis,
1180 3234 1301 3308 quam·

177 3323 238 3397 diu
269 3324 302 3397 in
333 3324 420 3398 vivis
452 3340 544 3398 esset
574 3324 649 3398 eius
680 3325 846 3413 maritus,
881 3323 971 3397 illam
1005 3322 1152 3420 legitime
1179 3323 1303 3396 dooere

180 3453 309 3538 posset.
338 3440 410 3513 Non
438 3438 582 3527 desunt,
610 3440 669 3541 qui
694 3440 824 3528 dicant,
852 3466 892 3514 eo
912 3440 987 3538 ipso
1013 3439 1103 3539 quod
1128 3437 1302 3538 pharisaei

179 3554 223 3627 ud
248 3579 325 3627 eum
351 3554 548 3627 tenmndum
576 3556 823 3642 secessissent,
856 3554 1025 3653 Christum
1055 3551 1209 3627 oonsulto
1234 3577 1302 3626 non

170 3668 400 3768 vrespondisse
419 3669 463 3741 ad
481 3684 626 3743 menwm
648 3697 783 3758 eorum,
804 3671 865 3744 sed
883 3669 1012 3769 aliquid
1037 3668 1173 3743 omnino
1190 3666 1302 3741 diver-

181 3809 258 3856 sum
278 3782 322 3857 ab
340 3810 381 3858 eo
402 3784 492 3884 quod
514 3784 582 3884 ipsi
599 3785 800 3873 voluissent;
830 3785 973 3885 ideoque
996 3785 1042 3859 ita
1066 3810 1142 3858 eum
1162 3808 1302 3883 respon-

180 3898 274 3974 disse
298 3899 412 3988 aiunt,
431 3917 469 3974 ut
493 3901 592 3974 turbu
617 3928 778 4002 praesens
802 3902 1010 3989 erudiretur,
1033 3915 1069 3976 et
1092 3899 1141 3973 illi
1161 3900 1303 3974 conlun-

250 4078 303 4143 (96)
316 4081 380 4130 cum
399 4080 511 4143 meretur
534 4080 559 4129 tn
574 4079 671 4144 augtteo
688 4081 774 4131 mutto
790 4093 831 4131 au.
846 4085 914 4133 teet.
931 4079 963 4131 de
978 4078 1104 4144 pmbande
1116 4091 1182 4129 nora
1195 4077 1248 4142 lege
1263 4077 1301 4129 di·

176 4157 270 4222 sosdt,
282 4159 412 4223 eohoopm
427 4160 570 4223 mglioaous
583 4160 736 4212 worumnus
749 4162 885 4225 rotuuset,
899 4163 928 4215 ut
937 4161 1024 4212 saltem
1034 4162 1198 4225 apponeretur
1211 4158 1237 4208 tn
1249 4158 1304 4222 legs

177 4234 303 4300 dausola,
329 4236 412 4301 quod,
430 4237 550 4289 dissoluto
571 4242 671 4303 propter
686 4240 835 4290 adulterium
857 4239 991 4304 oonlugto,
1018 4252 1067 4291 noo
1092 4241 1174 4303 posset
1191 4236 1303 4291 adultere

177 4313 290 4368 adultero
299 4317 399 4368 nubere.
411 4320 455 4368 Ast
467 4332 594 4383 perperam
601 4336 610 4384 ;
626 4332 684 4370 nam
698 4319 820 4371 etuuuodt
831 4320 941 4371 clausula
953 4319 1116 4385 plurimorum
1134 4318 1252 4383 suffragio
1264 4330 1301 4371 re·

178 4394 241 4447 tetta
258 4397 304 4449 eet.
322 4399 434 4449 attamen
452 4410 524 4449 neoto
544 4399 582 4450 est
595 4399 640 4463 qut
659 4398 686 4450 tn
705 4399 753 4451 hoo
775 4411 825 4452 nou
842 4398 1009 4465 deprehendat
1021 4397 1208 4464 turpttuoiuem.
