3234 5084
286 476 358 527 mr.
373 472 423 526 ιι.
440 472 481 525 ιι
494 470 596 535 serso
609 472 701 524 rann.
719 472 783 526 ιιι.
800 470 1163 530 rerumrerum.
1218 456 1288 528 ιιι

239 595 366 671 Omitto
384 591 476 693 quod
489 616 529 665 ex
547 591 705 667 decretali
720 591 934 666 Modoldem
946 592 1129 668 Clementis
1143 593 1207 670 lll.
1225 597 1286 699 qui

165 738 222 787 an.
234 713 274 783 ll
285 713 341 786 18.
365 707 598 808 pontificatum
615 707 734 806 gessit,
750 708 864 782 afferri
878 709 983 799 solet,
1004 726 1074 784 tum
1093 712 1175 811 qnia
1195 711 1231 784 in
1247 736 1290 786 ee

165 826 276 925 agitur
300 824 344 898 de
369 822 582 922 separatione
606 838 743 924 propter
761 823 950 912 haeresim,
978 824 1022 898 de
1045 851 1114 925 qua
1139 826 1196 900 lric
1220 852 1288 900 non

167 941 354 1017 instituitur
379 937 556 1040 quaestio;
585 956 656 1011 tum
677 939 759 1037 quia
781 938 945 1013 incertum
970 956 1023 1014 est
1044 967 1124 1013 num
1142 942 1291 1040 genuina

168 1058 213 1132 sit
230 1055 395 1131 eiusmodi
408 1054 606 1143 decretalis,
627 1080 730 1155 qnam
752 1054 810 1128 alii
832 1054 993 1129 Clementi
1013 1058 1075 1129 lll.
1096 1056 1155 1129 alii
1173 1056 1290 1132 Caele-

168 1173 257 1246 stino
271 1173 331 1243 lll.
347 1169 566 1259 adscribunt,
594 1170 678 1270 quin
704 1186 816 1245 tamen
840 1172 1027 1269 reperiatur
1044 1173 1079 1245 in
1096 1172 1289 1248 alterutrius

168 1286 342 1387 pontilicis
351 1285 517 1385 epistolis,
534 1311 644 1386 neque
656 1285 788 1386 corpori
802 1286 887 1360 iuris
901 1287 946 1360 sit
958 1287 1101 1375 inserta;
1114 1314 1155 1361 ex
1164 1289 1291 1361 incerta

170 1415 282 1475 autem
301 1399 478 1474 traditione
495 1425 569 1473 eam
588 1399 751 1474 llobertns
769 1399 917 1475 Corseon
935 1399 1107 1501 adoptavit
1123 1404 1238 1500 (nto).

244 1517 401 1591 Maiorem
422 1515 653 1590 difficultatem
673 1517 783 1616 prima
807 1518 915 1592 lronte
940 1518 1172 1618 praeseferunt
1188 1542 1291 1593 eeno-

172 1658 234 1705 nes
268 1630 422 1720 concilii,
449 1657 511 1705 seu
543 1631 655 1731 potins
687 1624 871 1705 conventus
903 1632 1153 1733 compediensis
1183 1632 1290 1706 habiti

172 1774 229 1822 an.
247 1749 330 1819 756.
348 1747 516 1820 Proferam
540 1746 603 1821 hoe
629 1770 777 1820 canones
802 1765 902 1846 prout
922 1773 982 1821 eos
1007 1749 1074 1821 lac.
1091 1748 1289 1822 Sirmondus

171 1889 212 1937 ex
224 1887 288 1935 ms.
301 1861 377 1937 eod.
387 1889 417 1935 s.
428 1862 591 1935 Vincentii
610 1863 772 1937 metensis
787 1863 948 1961 vulgarit.
965 1865 1017 1936 lv.
1040 1864 1096 1936 «si
1110 1864 1188 1964 quis
1202 1863 1292 1936 iran-

171 2002 246 2052 eam
272 1975 450 2051 filiastram
473 2003 569 2050 snam
591 1994 707 2052 contra
727 1978 933 2054 voluntatem
950 1980 1079 2079 ipsius,
1100 1996 1133 2053 et
1149 1978 1289 2065 matris,

171 2107 204 2167 et
228 2109 425 2195 parentum,
455 2091 586 2166 dederit
608 2094 682 2167 viro
702 2094 870 2192 ingenuo,
891 2110 950 2169 aut
966 2120 1083 2183 servo,
1110 2093 1163 2168 vel
1186 2093 1293 2167 ecele-

171 2207 327 2296 siastico,
350 2222 384 2282 et
400 2206 460 2282 illa
477 2207 622 2282 noluerit
639 2208 764 2284 habere
784 2211 916 2310 ipsum,
944 2228 978 2285 et
1004 2210 1176 2312 reliquerit
1192 2235 1288 2297 eum;

172 2337 369 2422 potestatem
387 2321 514 2396 habent
531 2339 687 2423 parentes
709 2324 819 2424 ipsius
840 2324 922 2398 dare
937 2325 969 2399 ei
988 2324 1090 2425 alium
1113 2325 1289 2398 meritum:

172 2436 259 2511 etsi
286 2437 362 2538 ipsa
386 2437 490 2511 alium
517 2436 637 2525 hebet,
662 2464 763 2538 quem
784 2455 902 2538 postea
927 2441 1075 2541 accepit,
1099 2464 1165 2513 non
1194 2464 1293 2538 sepa-

173 2567 324 2626 rentur.»
339 2553 410 2624 vll.
430 2553 491 2625 «Si
510 2552 589 2654 quis
609 2578 712 2627 uxore
738 2570 876 2654 accepta
904 2554 1030 2628 inuenit
1056 2580 1130 2628 eam
1151 2580 1171 2627 a
1192 2553 1294 2625 fratre

172 2693 235 2743 suo
252 2668 528 2756 contaminatam,
554 2669 663 2769 ipsam
682 2668 855 2742 dimittens
876 2669 1007 2769 aceepit
1023 2669 1145 2756 aliem,
1165 2669 1294 2767 ipsam-

173 2809 240 2881 que
252 2783 511 2858 contaminatam
525 2784 665 2872 invenit,
677 2811 760 2859 uxor
772 2784 865 2857 illius
879 2783 1026 2883 legitima
1039 2800 1102 2871 est,
1115 2798 1293 2884 propterea

175 2897 258 2997 quia
270 2924 332 2972 nec
345 2898 419 2998 ipse
431 2886 527 2998 virgo
540 2899 603 2974 luit
619 2899 677 2973 illo
695 2915 855 3000 tempore.
873 2900 970 2987 Quod
985 2900 1014 2973 si
1028 2900 1157 2973 tertiam
1176 2914 1293 2998 postea

177 3013 363 3112 acceperit,
392 3030 532 3088 revertat
557 3013 600 3086 ad
626 3015 835 3103 medianam;
859 3030 893 3089 et
914 3017 991 3115 ipsa
1012 3014 1177 3114 posterior
1202 3030 1295 3115 pote·

176 3143 297 3200 statem
317 3126 440 3200 habeat
456 3127 523 3202 alio
535 3128 607 3203 viro
621 3155 658 3203 se
670 3130 888 3228 coningere.»
903 3131 990 3202 Vlll.
1005 3160 1022 3199 ι
1037 3130 1072 3201 8ἰ
1095 3130 1174 3229 quis
1191 3128 1293 3203 lromo

176 3242 278 3317 habet
299 3240 474 3339 mulierem
498 3241 701 3342 legitimam,
727 3260 761 3319 et
781 3245 883 3320 frater
903 3247 977 3320 eius
999 3244 1200 3320 adulteravit
1216 3270 1293 3318 eum

177 3383 242 3448 ee,
272 3357 329 3432 ille
354 3357 481 3445 lrater,
509 3357 560 3432 vel
587 3358 646 3432 illa
671 3360 838 3447 foemina,
867 3360 926 3460 qui
952 3359 1152 3433 adulterium
1176 3384 1296 3459 perpe-

178 3489 365 3563 traverunt,
389 3474 523 3548 interim
549 3501 617 3575 quo
639 3477 775 3565 vivunt,
797 3503 982 3575 numquam
1008 3475 1155 3550 habeant
1178 3474 1297 3548 coniu-

178 3589 283 3687 gium.
305 3589 365 3666 llle
391 3591 489 3665 euius
514 3616 598 3666 uror
623 3591 706 3679 luit,
735 3594 764 3665 si
789 3591 882 3680 vult,
907 3607 1103 3691 potestatem
1125 3590 1296 3664 habetne

179 3705 290 3805 cipere
311 3707 451 3782 aliam.»
467 3708 508 3781 X.
530 3708 596 3780 «si
614 3724 709 3808 pater
727 3733 886 3808 sponsam
907 3708 966 3781 lilii
991 3709 1043 3782 sui
1066 3705 1292 3809 oppresserit,

181 3951 206 4000 in
227 3953 307 4003 Gallia
328 3954 420 4019 tutae,
439 3959 539 4021 propter
559 3958 745 4010 fornicationem
772 3954 889 4024 separari
904 3961 984 4013 virum
1012 3959 1044 4011 ab
1064 3972 1154 4021 uxore,
1176 3959 1202 4009 ct
1220 3956 1294 4007 ullam

184 4030 274 4083 ducere
290 4034 383 4086 chrlstl
403 4039 522 4100 permissu
543 4037 649 4091 licuisse.
666 4039 739 4099 Quod
758 4052 787 4092 cr
809 4040 916 4091 concillo
933 4040 1050 4092 Venctloo
1069 4051 1123 4090 een.
1145 4040 1177 4089 ll.
1195 4037 1296 4089 manile·

179 4114 245 4162 stum
267 4115 332 4163 est.»
347 4117 409 4179 opp.
422 4117 546 4169 sirmondi
567 4120 728 4173 Perierunt.
746 4122 808 4172 tom.
828 4123 860 4172 ΙΙ.
876 4121 926 4171 cot.
942 4125 981 4172 97.
1003 4123 1065 4172 Nam
1083 4119 1144 4187 nihtl
1165 4132 1211 4170 noe
1230 4119 1297 4183 cogit

183 4190 215 4241 ed
237 4193 286 4242 hoc
307 4192 494 4247 admittendum.

258 4272 325 4336 (ιιι)
341 4274 380 4324 ct.
393 4276 458 4339 apud
470 4279 548 4329 Manet
560 4282 585 4329 tn
600 4279 708 4332 collect.
722 4284 843 4331 marimo
852 4279 945 4331 conctl.
957 4281 1043 4331 venet.
1062 4285 1130 4332 ¹788.
1142 4280 1204 4330 tom
1216 4280 1295 4329 111111.

180 4352 227 4403 ool.
241 4359 296 4404 ets.
308 4364 377 4418 seqq.
394 4354 436 4405 obl
454 4358 549 4408 Decret.
564 4358 738 4411 Modobtlem
757 4359 904 4411 adscribitur
923 4358 1060 4410 caelestino
1080 4360 1123 4409 111.
1136 4359 1179 4424 qui
1192 4357 1223 4409 ed
1237 4370 1297 4421 pon·

179 4433 299 4484 tldcatum
320 4437 420 4487 erectus
440 4439 477 4487 eet
495 4451 535 4488 an.
554 4446 620 4490 1191.
911 4448 925 4470 ·
