3234 5084
354 444 424 500 cnr.
440 444 476 499 u.
493 447 532 498 un
551 446 724 499 rourcauu
741 445 936 499 succussus.
953 447 1024 498 mr.
1039 447 1073 499 u.
1201 426 1270 497 101

160 565 372 662 coniugium,
399 566 459 640 sed
483 563 709 666 polygamiam
736 564 928 665 appellant,
958 566 1010 640 vel
1033 564 1145 665 potius
1171 568 1275 639 mode·

160 695 265 751 rotam
289 681 584 780 summationem..
602 736 620 771 ·.
624 678 696 777 jam
712 704 791 751 vero
809 679 1053 754 consuetudine
1078 682 1272 780 accepimus

162 794 194 865 in
213 794 367 891 trigamis
387 792 610 894 quinquennii
631 794 914 891 segregationem,
937 820 1005 868 non
1022 820 1043 867 a
1063 795 1269 881 canonibus,

160 910 218 983 sed
243 936 303 985 eos
331 910 389 1009 qui
419 924 673 1009 praecesserunt
698 910 882 1009 sequendo.
911 909 1051 1008 Oportet
1074 926 1187 984 autem
1211 938 1273 986 eos

159 1051 221 1097 noo
245 1027 374 1097 omnim
394 1025 561 1097 arcerent
578 1024 732 1107 acclamo,
754 1022 814 1096 sed
833 1023 1004 1098 auditione
1020 1024 1175 1121 digamos
1193 1026 1274 1100 duo

159 1137 223 1213 bus
246 1138 301 1213 vel
325 1137 433 1211 tribus
455 1138 573 1225 annis,
601 1163 642 1211 ac
667 1154 784 1237 postea
810 1138 895 1239 ipsis
917 1139 1124 1236 permittere,
1146 1157 1182 1214 ut
1198 1167 1274 1215 con-

162 1254 287 1328 sistant
299 1250 454 1354 quidem,
470 1253 663 1327 abstineant
674 1278 753 1327 vero
769 1280 790 1326 n
806 1252 886 1327 boni
903 1256 1156 1342 communione,
1173 1271 1208 1329 et
1224 1258 1275 1330 sio

159 1369 309 1443 exhibito
334 1369 559 1468 poenitentiae
583 1368 697 1469 aliquo
723 1368 848 1457 fructu,
874 1368 1119 1444 communionis
1138 1369 1211 1444 lom
1227 1399 1276 1446 re-

160 1484 299 1560 stituere
316 1487 438 1581 (86).»
461 1484 621 1584 Adeoque
641 1500 773 1557 constat
794 1484 889 1556 iuxta
912 1509 942 1556 s.
956 1482 1121 1556 >Basiliam
1143 1509 1209 1557 non
1228 1485 1277 1558 di-

159 1600 236 1673 rino
255 1600 345 1687 iure,
363 1598 423 1674 sed
442 1599 514 1672 iure
531 1614 659 1672 tantum
672 1599 833 1672 canonico
852 1598 1060 1694 trigamiam,
1078 1598 1181 1673 multo
1197 1625 1275 1675 vero

160 1714 268 1811 magis
287 1713 516 1811 tetragamiam
528 1713 647 1786 vetitas
666 1712 791 1798 fuisse,
808 1728 842 1785 et
852 1712 1000 1811 quodam
1014 1730 1275 1811 temperamento

160 1828 343 1902 identidem
362 1828 452 1902 circa
465 1828 627 1926 trigamos
647 1853 733 1928 opus
752 1829 879 1916 luissa;
906 1845 1004 1928 prout
1027 1830 1141 1930 reipsa
1160 1848 1276 1930 penten

160 1944 284 2018 lactum
308 1960 374 2017 est.

242 2058 292 2131 De
320 2058 516 2156 tetragamie
546 2073 656 2132 nutem
685 2083 747 2133 seu
776 2060 906 2159 quartis
937 2060 1066 2159 nuptiis
1095 2062 1272 2160 speciatim

162 2171 323 2247 nonnulla
346 2172 502 2246 addenda
522 2190 613 2246 sunt,
643 2171 738 2244 Hanc
762 2173 927 2246 canonica
947 2175 1144 2249 auctoritate
1160 2176 1197 2249 in
1220 2202 1276 2251 ec-

157 2287 264 2361 clesia
288 2312 410 2384 graeca
439 2285 611 2386 explosam
635 2286 744 2359 fuisse
761 2286 810 2359 uti
836 2286 1107 2374 fornicationem,
1131 2306 1190 2364 aut
1215 2291 1276 2364 lor·

156 2401 326 2476 nicaticne
338 2401 487 2499 peiorem
499 2400 629 2473 nullum
643 2399 787 2473 dubium
805 2426 882 2474 esse
899 2416 1009 2499 potest
1025 2401 1117 2476 iuxta
1135 2405 1276 2503 antiqua

161 2542 251 2617 quae
268 2532 454 2616 suppetunt
469 2516 671 2590 documenta
691 2518 780 2610 (87).
802 2516 923 2589 Vemm
937 2516 1015 2591 heic
1032 2544 1099 2592 non
1115 2532 1278 2593 steterunt

157 2633 310 2707 nonnulli
336 2659 376 2707 er
401 2633 444 2705 iis
470 2634 527 2733 qui
556 2632 789 2729 tetragamium
816 2634 1070 2731 impugnarunt.
1098 2633 1274 2733 Siquidem

154 2750 200 2824 ob
224 2750 384 2824 eximiam
409 2749 622 2850 potissimum
642 2774 691 2821 ss.
707 2748 825 2822 Basilii
844 2775 885 2822 ao
902 2749 1051 2846 Gregorii
1077 2750 1275 2823 nazianzeni

156 2865 388 2938 auctoritatem
414 2864 538 2936 lactum
564 2878 617 2935 est
638 2878 676 2935 ut
695 2862 826 2962 aliquot
846 2879 915 2936 tum
937 2863 1106 2938 antistites
1128 2881 1195 2938 tum
1219 2865 1278 2937 im·

157 2995 327 3079 peratoras
349 2978 578 3075 tetragamiam
605 2977 721 3050 diuino
744 2979 811 3075 lege
836 2979 942 3051 vetari
960 2980 1164 3053 censuerint.
1186 2976 1276 3055 Haec

158 3093 360 3191 potissima,
388 3095 491 3167 immo
516 3093 616 3166 unica
642 3093 725 3166 ratio
751 3109 803 3166 est
827 3119 895 3192 qua
921 3111 1107 3193 permotum
1133 3094 1278 3169 sedicit

158 3208 308 3282 Basilius
332 3206 470 3281 llacedo
495 3206 540 3280 ad
563 3221 704 3306 quartas
730 3207 866 3306 nuptias
891 3208 1150 3308 proscribendus
1175 3235 1277 3309 pocu-

156 3325 232 3398 liari
260 3325 397 3399 Novella
417 3348 519 3424 quam
540 3323 596 3396 his
613 3323 725 3397 verbis
745 3323 927 3396 conclusit:
952 3324 1192 3398 «Manifestum
1210 3351 1278 3398 om·

158 3443 260 3518 nibus
278 3459 368 3532 esto,
389 3446 480 3545 quod
501 3446 530 3521 si
551 3446 628 3544 quis
653 3471 759 3519 ausus
780 3445 881 3517 luerit
897 3444 939 3518 ed
965 3459 1106 3544 quartas
1120 3443 1273 3543 nuptias,

158 3586 222 3631 non
246 3561 380 3658 nuptiae
408 3561 592 3646 accedere,
621 3586 687 3634 non
713 3559 821 3632 solum
847 3584 909 3657 pro
935 3557 1038 3630 nullis
1063 3554 1278 3629 habebuntur

159 3672 223 3747 liae
236 3674 394 3773 nuptiae,
418 3700 479 3748 nec
499 3674 598 3747 liberi
621 3700 662 3747 ex
679 3673 722 3747 iis
741 3673 902 3773 procreati
921 3697 981 3772 pro
999 3670 1159 3768 legitimis
1177 3694 1278 3766 agno

235 3842 286 3905 (86)
303 3844 347 3905 Ep.
364 3843 539 3892 cmxvltl.
556 3854 611 3891 oen.
632 3844 667 3891 tt.
683 3854 707 3904 p.
720 3842 773 3889 271.
784 3839 824 3889 ed.
836 3839 879 3890 eit,

234 3921 285 3986 (87)
300 3920 397 3971 Etenim
409 3921 435 3969 ln
452 3919 689 3971 constuctionem
702 3931 771 3983 quoe
782 3917 864 3981 culpo
877 3916 1037 3982 apostultcoc
1048 3921 1091 3967 aut
1101 3914 1281 3967 oenotriae

158 4001 333 4064 nuncupantur
349 3999 392 4050 uu
407 4006 430 4050 ³.
442 4012 465 4050 c.
479 4007 502 4050 2.
518 3999 620 4062 legitur:
638 4019 650 4042 ·
661 3998 688 4048 ld
701 4011 801 4061 qnoque
819 3998 883 4047 scire
894 3995 1006 4059 debetis,
1027 3995 1118 4059 prlmao
1138 3994 1238 4059 quidem
1253 3998 1280 4045 et

158 4081 244 4131 untcm
262 4080 381 4144 nuptias.
397 4116 403 4129 .
417 4116 424 4129 .
439 4079 516 4130 ludes
535 4078 733 4130 essesecundm
753 4090 813 4128 nero
831 4080 889 4141 post
908 4076 1083 4140 professionem
1097 4076 1211 4139 nuptiae,
1226 4087 1280 4125 ense

157 4161 276 4222 illicitus,
297 4173 346 4211 non
365 4161 464 4224 propter
478 4159 637 4223 cantuplum,
656 4158 701 4208 scd
720 4160 821 4222 propter
840 4155 1012 4218 mendacium
1030 4155 1117 4206 tutius
1130 4156 1229 4219 nuptias
1244 4154 1281 4203 ln·

155 4241 342 4305 temperantiam
361 4240 543 4300 demendum
559 4242 589 4290 ut
603 4238 739 4303 quodlttet
756 4240 816 4302 post
832 4240 924 4288 teretes
942 4238 1051 4301 nupttue
1062 4236 1277 4293 natumnatum,

158 4318 331 4381 moncatum
341 4330 395 4369 esse
404 4316 611 4380 sumtcattoncm
620 4320 647 4367 et
657 4315 862 4368 {stauracium
868 4314 1077 4378 petulantium.»
1091 4313 1161 4377 Apud
1171 4312 1277 4364 ceretu.

157 4402 211 4449 ΡΡ.
225 4400 315 4462 Αρωι.
333 4401 394 4448 tom.
409 4400 428 4449 Ι.
445 4411 469 4462 p.
482 4401 537 4448 275.
553 4396 593 4447 ed.
611 4399 734 4459 Autrrerp.
