3234 5084
313 428 380 500 tet
445 450 507 501 mn.
523 445 571 499 m.
588 446 675 499 srcr.
693 446 823 497 utrrm.
841 448 880 498 nr
898 446 1009 498 unnim.
1027 446 1122 498 usrn.
1139 445 1262 499 eumer.

309 569 448 670 quinam
462 565 594 662 iugiter
611 564 646 637 in
668 564 812 639 eeclesia
827 564 1051 639 traditionalis
1068 590 1190 640 sensus
1208 566 1372 665 viguerit,
1394 586 1429 643 et

309 685 449 786 quinam
474 681 616 780 spiritus
641 707 716 755 eam
738 680 979 755 informaverit.
1008 681 1080 755 Etsi
1106 683 1197 756 enim
1223 709 1290 758 non
1315 686 1432 759 omnia

310 825 398 900 quae
429 797 559 897 prolata
582 812 663 871 sunt
692 796 845 895 exempla
876 823 946 869 rem
971 797 1175 887 conficiant,
1208 801 1292 874 satis
1317 817 1430 874 tamen

309 913 461 987 indicant
480 911 562 1011 quid
585 911 650 984 hae
666 911 709 984 de
728 937 763 984 re
775 910 920 984 ecclesia
938 912 1101 999 senserit,
1120 913 1228 988 donec
1240 940 1322 989 rom.
1342 942 1427 1014 pon-

309 1025 437 1116 tifices,
458 1026 571 1102 oblata
595 1026 660 1099 sihi
679 1027 874 1113 occasione,
895 1027 1027 1102 decreta
1045 1054 1108 1101 sua
1129 1030 1330 1118 emiserunt,
1352 1033 1426 1130 qni-

308 1143 374 1218 bas
387 1170 487 1218 omne
504 1141 672 1216 sublatum
690 1157 742 1216 est
758 1140 900 1215 dubium
921 1141 964 1216 de
980 1144 1120 1217 istorum
1140 1145 1430 1220 matrimoniorum

310 1259 543 1335 dissolutione

379 1374 427 1449 Ae
453 1376 583 1475 primus
609 1373 747 1476 quidem
772 1375 869 1450 cuius
900 1392 1029 1451 certum
1054 1376 1289 1451 documentum
1314 1392 1429 1462 extat,

308 1504 360 1562 est
381 1489 568 1563 Alexander
585 1491 645 1562 lll.
675 1490 734 1591 qui
754 1516 810 1563 an.
833 1493 940 1563 1180.
966 1491 1055 1565 hanc
1078 1491 1277 1565 decretalem
1295 1492 1426 1566 emisit:

310 1604 458 1679 «Verum
481 1619 559 1704 post
574 1630 777 1679 consensum
802 1605 989 1702 legitimum
1019 1607 1062 1679 do
1087 1606 1277 1705 praesenti,
1297 1605 1430 1680 licitum

308 1734 360 1793 est
385 1718 501 1807 alteri,
525 1719 629 1794 altero
650 1720 751 1794 etiam
774 1737 1001 1820 repugnante,
1021 1721 1145 1819 eligere
1162 1722 1426 1808 monasterium,

309 1834 399 1908 sicut
424 1833 532 1907 saneti
554 1833 694 1932 quidam
719 1833 761 1906 de
786 1835 915 1932 nuptiis
941 1834 1050 1908 vocati
1075 1835 1226 1921 luerunt3
1247 1834 1430 1909 dummodo

308 1947 455 2023 carnalis
484 1949 677 2023 commixtio
702 1975 768 2022 non
795 1950 1011 2024 intervenerit
1035 1951 1122 2026 inter
1152 1957 1231 2024 eos:
1269 1968 1302 2025 et
1332 1950 1429 2024 alteri

307 2066 491 2138 remanenti
521 2064 572 2162 (si
589 2064 814 2139 commonitus
838 2066 1078 2140 continentiam
1106 2091 1241 2141 servare
1265 2066 1427 2162 noluerit)

306 2180 433 2253 licitum
459 2195 510 2254 est
535 2180 579 2253 ad
608 2180 758 2255 secanda
780 2199 859 2257 vota
878 2183 1043 2258 transire:
1065 2183 1147 2284 quia
1163 2209 1240 2257 eum
1259 2209 1327 2258 non
1344 2182 1429 2257 iuis-

306 2311 383 2369 sent
405 2322 474 2369 una
502 2322 580 2371 caro
605 2297 707 2371 simul
732 2298 862 2386 effecti,
892 2299 976 2373 satis
1002 2315 1111 2401 potest
1138 2324 1227 2373 anus
1252 2299 1295 2374 ad
1320 2299 1428 2373 lleum

308 2410 466 2497 transire,
495 2428 529 2485 et
552 2410 636 2485 alter
661 2413 696 2484 in
723 2413 837 2487 seculo
867 2440 1041 2487 remanere
1061 2417 1188 2510 (23).»
1216 2414 1258 2487 Et
1278 2416 1423 2488 iterum:

311 2525 503 2615 «Ceterum,
522 2527 603 2628 quia
616 2527 693 2602 licet
706 2556 726 2602 a
740 2529 891 2629 praelato
908 2529 981 2604 viro
998 2528 1204 2629 desponsata
1221 2529 1295 2617 fuit,
1316 2529 1430 2604 adhuc

307 2657 440 2729 mmen,
469 2641 557 2716 sieut
580 2644 723 2732 asserit,
752 2644 795 2718 ab
821 2644 897 2744 ipso
921 2660 974 2719 est
998 2646 1184 2743 incognita:
1208 2645 1424 2734 mandamus,

308 2770 476 2855 quatenus
495 2756 524 2829 si
546 2758 738 2857 praedictus
755 2760 807 2831 vir
826 2759 933 2859 ipsam
952 2759 1131 2834 carnaliter
1147 2787 1213 2835 non
1234 2760 1423 2858 agnoverit,

305 2883 339 2941 et
363 2867 480 2942 eadem
507 2870 550 2943 ad
577 2871 771 2967 religionem
798 2873 941 2947 transire
970 2873 1132 2961 voluerit,
1162 2890 1293 2975 recepta
1317 2875 1361 2948 ab
1385 2901 1428 2949 ea

305 2982 487 3055 sufficienti
512 2986 684 3072 cautione,
714 2984 805 3085 quod
825 2986 879 3060 vel
904 2988 948 3061 ad
972 2987 1167 3086 religionem
1185 2990 1347 3079 transire,
1371 2990 1423 3065 vel

307 3095 351 3169 ad
368 3098 593 3172 virum'suum
614 3100 724 3173 redire
749 3101 837 3176 intra
854 3103 996 3177 duorum
1023 3107 1191 3179 mensium
1205 3106 1351 3206 spatium
1368 3104 1428 3178 de-

303 3213 402 3299 beat,
430 3215 539 3313 ipsam
570 3242 590 3289 a
616 3218 802 3305 sententia,
837 3245 905 3319 qua
935 3235 1082 3309 tenetur,
1111 3220 1294 3308 absolvas;
1333 3221 1427 3320 quod

304 3328 334 3402 si
359 3327 400 3402 ad
423 3328 616 3428 religionem
643 3332 814 3407 transierit
834 3349 994 3433 uterque,
1026 3336 1178 3409 restituat
1207 3334 1302 3409 alteri
1335 3335 1427 3435 quod

305 3443 349 3517 ab
371 3471 410 3520 eo
429 3446 578 3520 noscitur
597 3448 782 3546 accepisse.
804 3451 893 3522 Sane
909 3449 1000 3549 quod
1017 3450 1181 3524 Dominus
1199 3450 1234 3522 in
1251 3450 1426 3547 evangelio

303 3558 409 3648 dicit,
434 3587 501 3635 non
528 3560 628 3635 licere
652 3562 745 3651 viro,
771 3563 840 3637 nisi
863 3562 906 3636 ob
931 3588 1069 3637 causam
1096 3564 1326 3638 fornicationis
1343 3591 1427 3639 uxo-

305 3700 375 3749 rem
400 3701 497 3749 suam
521 3676 708 3764 dimittere,
737 3677 993 3776 intelligendum
1013 3693 1085 3768 est,
1114 3680 1297 3754 secundum
1322 3681 1427 3752 inter·

303 3790 524 3889 pretationem
545 3791 632 3864 sacri
656 3792 806 3891 eloquii,
844 3792 888 3867 de
913 3792 968 3867 his
1000 3820 1142 3894 quorum
1175 3794 1425 3877 matrimonium

303 3903 429 3979 carnali
454 3904 575 4005 copula
603 3920 656 3980 est
679 3924 966 3997 consummatum,
995 3909 1069 3984 sine
1100 3935 1169 4010 qua
1197 3909 1425 3985 consummari

302 4045 368 4093 nou
396 4036 508 4121 potest
537 4022 664 4116 (21).»

308 4321 329 4371 V
373 4241 424 4305 (tt)
439 4244 541 4294 meret.
554 4243 664 4307 Gregcrlt
681 4247 724 4295 tx.
736 4245 780 4297 lib.
793 4248 837 4297 m.
850 4246 889 4299 tit.
905 4250 1003 4300 ΧΧΧΙΙ.
1022 4252 1058 4301 De
1077 4262 1194 4303 ennom.
1215 4251 1350 4313 conlucet.
1366 4262 1421 4314 cap.

326 4331 411 4370 erum.

374 4398 424 4462 (tt)
438 4399 500 4453 lbtd.
511 4414 565 4465 cap.
578 4403 633 4454 vll.
647 4405 689 4455 Ex
697 4403 825 4468 publico..
