3234 5084
304 470 374 519 cur.
387 469 433 518 rr.
452 466 492 519 nr
504 468 616 520 omne.
632 468 725 521 amm
738 470 776 520 nr
789 469 862 522 cru.
877 468 1023 523 mmm.
1038 468 1146 525 arur.
1227 454 1296 527 tto

182 586 312 674 haesit,
341 602 441 688 prout
464 585 608 662 habetur
630 589 666 661 in
684 587 827 664 historia
845 606 996 665 actorum
1012 589 1105 666 illius
1128 593 1300 670 conciliis

182 702 278 777 Binio
301 702 417 777 edita:
453 721 532 803 post
554 703 861 804 subscriptionem,
883 705 932 780 ibi
955 706 1079 806 legitur
1109 708 1299 786 «Absoluta

182 818 288 893 llissa
316 834 351 892 et
378 818 563 916 gratiarum
592 819 743 908 actione,
775 822 1014 923 unusquisque
1036 825 1163 925 recepit
1181 852 1219 900 se
1239 826 1300 900 do·

182 961 287 1010 mum.
304 936 384 1009 Post
401 934 485 1008 haec
502 933 597 1009 latini
616 938 792 1037 quaesiere
809 964 830 1012 a
848 937 946 1014 nobis
967 941 1140 1037 (graecis)
1156 941 1242 1017 haec

182 1049 225 1123 Et
241 1074 348 1149 quare
363 1050 556 1147 coniugium
574 1050 752 1141 dirimitis,
772 1051 908 1128 dicente
921 1055 1083 1130 Domino:
1106 1056 1195 1142 Quos
1212 1058 1299 1130 Deus

181 1166 371 1249 coniunxit,
400 1166 489 1237 leuto
514 1193 579 1238 nort
600 1168 755 1267 reperet?
771 1167 863 1243 llaec
879 1194 900 1242 a
920 1169 1034 1243 latinis
1053 1168 1182 1244 obiecta
1199 1171 1301 1272 mity-

117 1356 122 1367 ,
183 1281 335 1356 lenensis
356 1280 669 1386 (archiepiscopus)
686 1287 848 1360 canonice
865 1286 979 1361 omnia
995 1285 1210 1387 legitimeque
1226 1287 1300 1363 dis·

185 1396 307 1485 solvit,
341 1414 600 1502 praeterquam
629 1399 717 1489 duo,
749 1401 793 1475 de
823 1400 949 1502 quibus
978 1403 1070 1502 Papa
1098 1403 1302 1502 significavit

185 1514 392 1614 imperatori.
420 1514 487 1589 Cur
511 1514 641 1590 scilicet
661 1517 1145 1593 matrimonia‘dirimantur...
1173 1520 1301 1594 Latinis

186 1630 516 1720 contradicentibus,
544 1632 651 1731 legem
680 1632 857 1729 (civilem)
885 1633 971 1706 nihil
996 1634 1109 1709 valere
1138 1635 1300 1709 aduersus

185 1746 321 1820 Domini
338 1772 476 1823 rocem:
498 1746 586 1833 Quos
605 1749 693 1822 mua
716 1750 908 1836 strumo,
932 1749 1022 1822 domo
1041 1776 1106 1821 oon
1125 1763 1297 1848 reperet...

185 1862 304 1937 Petivit
320 1888 401 1961 ergo
421 1889 481 1964 por
498 1866 640 1940 nuncios
658 1867 748 1965 Papa
765 1864 810 1939 ab
821 1865 1021 1964 imperatore
1038 1922 1046 1952 ‚
1066 1881 1105 1938 ut
1120 1889 1162 1938 ex
1179 1877 1302 1937 metro·

183 1977 298 2079 politis
312 1980 437 2079 peritos
455 1979 584 2080 aliquot
596 1981 640 2055 ad
654 2007 692 2054 se
709 1983 872 2069 mitteret;
894 1980 951 2054 ille
971 2006 1050 2054 vero
1064 1979 1156 2053 misit
1168 1978 1302 2078 imperi·

184 2110 250 2168 tos.
272 2095 519 2196 Proposuitqus
536 2099 628 2197 Papa
644 2098 731 2171 duas
747 2097 853 2172 hasce
875 2096 1092 2185 obiectiones,
1107 2095 1152 2168 de
1163 2119 1301 2194 separa-

184 2208 277 2284 tione
303 2210 560 2309 eoniugiorum,
581 2228 614 2286 et
635 2213 844 2312 promotione
863 2209 1085 2315 patriarchae.
1113 2208 1166 2282 Illi
1189 2232 1299 2297 uero,

187 2326 315 2400 nullam
329 2353 366 2400 se
379 2327 536 2402 dixerunt
548 2327 672 2401 habere
690 2327 880 2402 lacultatem
899 2324 1148 2427 respondendi,
1171 2348 1234 2398 nec
1250 2348 1303 2397 re-

186 2442 369 2544 spondere;
385 2444 446 2519 sed
459 2470 500 2517 ea
516 2443 681 2518 relaturos
702 2442 915 2542 imperatori,
940 2442 999 2543 qui
1017 2440 1296 2542 responderet...

133 2638 136 2642 ,
186 2561 278 2658 Papa
296 2559 476 2634 orientales
496 2586 614 2634 omnes
635 2558 810 2659 praesules
828 2557 871 2631 ad
889 2584 928 2631 se
944 2556 1154 2631 convocavit:
1175 2569 1302 2628 etcum

186 2673 314 2773 aliquot
337 2700 378 2748 ex
403 2674 447 2747 iis
472 2674 610 2776 profecti
636 2691 772 2762 essent,
800 2673 901 2747 talem
926 2671 1045 2744 habuit
1075 2686 1203 2745 secrato
1224 2694 1302 2743 cum

187 2787 256 2862 illis
270 2815 470 2865 sermonem.
480 2850 486 2863 .
496 2792 662 2892 .Propono
678 2791 775 2867 vobis
788 2790 903 2891 aliqua
914 2804 953 2862 ut
964 2786 1136 2874 fratribus,
1152 2801 1190 2859 ut
1202 2811 1304 2859 mem·

187 2902 279 2989 bris,
306 2919 344 2977 ut
372 2904 591 2980 ecclesiarum
615 2907 822 2982 doctoribus.
856 2905 899 2978 Et
922 2905 1030 3005 primo
1057 2903 1153 2990 dico,
1185 2926 1303 2976 omnes

188 3020 348 3119 conqueri
360 3020 403 3093 de
420 3022 632 3120 separatione
649 3020 937 3096 matrimoniorum
951 3049 960 3109 ;
981 3020 1083 3118 idque
1100 3018 1304 3093 correctione

188 3134 361 3233 indiget...
375 3137 551 3211 Praesules
564 3139 611 3211 ita
624 3139 884 3239 responderunt;
905 3136 1111 3238 aequissima
1123 3151 1156 3209 et
1168 3135 1304 3234 sapien·

188 3250 321 3325 tissima
345 3266 442 3337 sunt,
470 3278 558 3351 quae
580 3251 755 3326 Beatitudo
780 3268 840 3326 tua
858 3251 961 3325 dixit:
984 3250 1045 3325 sed
1070 3277 1133 3325 nos
1157 3248 1305 3323 adhaec

187 3365 270 3439 dare
295 3366 475 3466 perlectam
500 3368 753 3467 responsionem
778 3394 846 3441 non
867 3392 1073 3467 possumus;
1106 3378 1185 3438 sunt
1212 3362 1303 3436 enim

188 3496 221 3554 et
244 3480 301 3554 alii
320 3482 517 3582 praesules,
545 3499 579 3556 et
603 3482 784 3582 imperator
801 3497 930 3557 noster:
960 3480 1105 3581 perlecto
1130 3479 1233 3577 igitur
1257 3504 1304 3552 re·

188 3598 434 3696 spondebimus
447 3625 524 3672 cum
538 3598 671 3671 illorum
684 3623 867 3685 consensu,
884 3596 1040 3697 privatim
1052 3620 1132 3669 vero
1148 3620 1189 3668 ex
1204 3593 1305 3668 nobis

188 3713 431 3814 respondemus
457 3713 684 3788 audicimus:
711 3740 777 3788 non
803 3740 880 3787 esse
905 3712 989 3785 haec
1013 3710 1200 3812 praesentis
1226 3724 1305 3782 tem-

189 3829 304 3926 poris,
338 3829 416 3905 licet
446 3830 537 3904 iustu
566 3847 600 3904 et
630 3828 824 3904 necessaria
853 3827 951 3915 sint,
980 3853 1058 3901 nam
1091 3825 1305 3899 matrimonia

189 3942 380 4019 dirimimus
404 3972 471 4020 non
495 3945 570 4020 sine
598 3945 699 4019 iustis
728 3943 842 4019 causis
863 3945 960 4040 (9).»
992 3943 1059 4015 Nec
1082 3939 1222 4014 ulterius
1249 3964 1304 4012 res

190 4086 369 4160 progressa
391 4077 456 4135 est.

267 4222 301 4283 (9)
314 4222 525 4286 Gonmltauener.
537 4225 647 4288 etproc.
659 4225 720 4273 tom.
733 4224 775 4272 lv.
787 4235 812 4286 p.
824 4223 844 4272 1.
857 4219 944 4270 colon.
955 4216 1037 4283 Agrip.
1052 4222 1183 4280 retepag.
1193 4221 1239 4267 8⁰9
1250 4227 1302 4278 seq.

188 4300 280 4366 quibus
297 4304 365 4366 patet
379 4301 483 4353 audacia
503 4302 705 4354 Anueltstarrtm
726 4301 904 4361 metensium,
924 4299 984 4349 dum
1007 4309 1113 4349 asserere
1138 4308 1187 4345 non
1208 4293 1304 4344 dubita·

188 4384 263 4446 runt,
274 4381 402 4433 ecclesiam
412 4395 523 4446 mamam
533 4383 558 4432 tn
568 4383 649 4447 capite
662 4381 694 4433 de
704 4380 860 4433 matrimonio
871 4379 954 4430 verius
962 4381 988 4429 et
996 4391 1046 4429 sae.
1059 4376 1199 4441 scripturae
1207 4373 1303 4425 contor-

189 4460 254 4513 mins
266 4464 378 4527 sensisse,
389 4475 465 4526 quam
485 4460 613 4514 ecclesium
632 4461 749 4526 latinam,
763 4475 821 4513 corn
830 4460 874 4512 illa
884 4471 979 4525 semper
989 4457 1134 4511 erudltiores
1144 4469 1173 4507 ac
1183 4454 1306 4507 ductores
