3234 5084
334 435 404 492 cun.
421 436 470 492 ιιι.
485 434 635 490 neeman
648 436 939 496 aunonenses.
990 435 1145 500 sunum·
1161 443 1185 498 ι.
1256 423 1325 498 tre

212 570 369 634 meurate
393 553 513 629 llilnn‘i
537 554 640 632 uerba
666 556 918 657 expendamus,
945 557 1074 658 patebit
1104 559 1217 660 ipsum
1245 579 1325 638 con·

212 671 350 748 truriam
375 670 514 746 omnino
540 670 691 746 tenuisse
714 673 927 750 sententium.
1132 745 1135 752 ,
1172 743 1175 746 ,

286 785 337 859 En
355 785 432 861 aius
448 785 552 861 verbu
567 812 609 861 es
629 813 706 888 cap.
728 788 781 860 lll.
801 788 837 861 in
858 814 888 862 s.
908 788 1025 864 llatth.
1044 816 1079 864 n.
1101 791 1331 868 stultitam

213 917 262 977 cst
277 918 403 976 cutem:
426 901 628 1001 Quicumquc
644 903 805 975 dimiserit
822 931 956 977 uxorem
971 931 1077 992 suom,
1097 904 1151 979 det
1165 908 1221 980 illi
1234 934 1331 1007 repu-

213 1016 307 1091 dium
329 1031 395 1090 etc.
416 1017 626 1117 Aequitatem
652 1018 687 1090 in
713 1044 832 1093 omncs
857 1019 1064 1108 concilians,
1093 1047 1228 1095 manera
1253 1048 1327 1096 eam

215 1134 360 1206 maxime
377 1133 412 1205 in
430 1131 661 1230 coniugiorum
679 1157 763 1231 pace
780 1133 966 1233 praecepit:
983 1132 1050 1232 legi
1067 1134 1196 1209 addens
1213 1136 1327 1236 plura,

217 1247 304 1321 nilnil
330 1246 482 1321 demens.
503 1248 571 1321 Nec
595 1272 679 1321 sane
703 1247 872 1347 proiectus
897 1249 992 1346 argui
1009 1265 1130 1349 potest.
1151 1251 1236 1323 Nem
1252 1276 1330 1325 cum

217 1361 271 1435 len
296 1361 482 1435 libertatem
507 1360 612 1436 dandi
638 1360 773 1462 repudii
790 1387 832 1435 ex
848 1361 955 1436 libelli
979 1363 1174 1439 auctoritate
1195 1363 1332 1439 tribuis-

217 1493 286 1565 set,
313 1481 406 1550 nunc
427 1475 548 1551 marito
573 1474 659 1549 fides
683 1474 878 1575 euangelica
901 1502 970 1551 non
995 1474 1104 1551 solum
1125 1477 1330 1554 voluntatem

220 1592 314 1695 pocis
339 1589 481 1679 indixit,
506 1589 748 1666 verumetiam
774 1607 903 1665 reatum
925 1606 1062 1666 mactae
1076 1591 1114 1664 in
1130 1591 1332 1668 adulterium

217 1706 332 1782 uxoris
350 1703 526 1804 imposuit,
546 1704 577 1778 si
595 1703 654 1779 alii
670 1731 712 1779 ex
724 1702 947 1780 discessionis
960 1704 1158 1780 necessitute
1174 1705 1332 1781 nubendo

216 1822 284 1898 sit:
311 1820 439 1896 nullum
463 1819 566 1894 aliam
592 1845 731 1895 oausam
754 1819 933 1894 desinendi
949 1846 971 1894 a
986 1819 1143 1919 coniugio
1168 1820 1334 1923 praescri·

218 1938 327 2027 bens,
354 1962 459 2038 mam
483 1960 573 2037 quae
596 1934 706 2010 virum
731 1936 933 2036 prostitutae
948 1935 1064 2013 moris
1080 1935 1239 2014 societate
1259 1935 1333 2036 pol·

218 2052 326 2128 lueret
345 2055 483 2150 (188).»
524 2057 527 2062 ’

293 2166 390 2255 Quae
417 2164 522 2241 vsrbn
549 2164 642 2241 hune
673 2165 819 2242 fundunt
846 2193 1002 2242 sensum:
1031 2167 1209 2256 Christus,
1236 2182 1336 2269 prout

219 2282 391 2385 pollicitus
407 2296 492 2369 eret,
508 2280 574 2355 hoc
589 2281 791 2357 documento
808 2306 876 2356 non
893 2282 995 2358 soluit
1009 2283 1132 2382 legem,
1148 2282 1210 2357 sed
1227 2280 1337 2356 adim·

224 2397 328 2498 plauit
351 2423 426 2472 enm
444 2395 644 2497 perficiens,
664 2410 832 2497 quatenus
850 2396 1002 2472 libellum
1020 2396 1151 2500 repudii
1169 2395 1332 2483 aboleuit,

219 2537 263 2587 ac
288 2512 406 2588 merito
431 2538 550 2614 pacem
568 2537 645 2587 cum
662 2538 767 2587 uxore
782 2538 847 2587 sua
863 2512 1006 2602 indixit,
1025 2511 1238 2614 praecipiens
1259 2536 1338 2585 cnm

216 2654 261 2704 eu
285 2629 407 2727 iugitsr
431 2653 639 2729 permanere.
661 2628 712 2703 lta
735 2653 816 2704 vero
839 2628 1006 2703 eiusmodi
1030 2654 1108 2704 cum
1132 2651 1235 2702 uxore
1264 2652 1338 2726 per-

217 2745 443 2820 severantiam
468 2743 608 2833 indixit,
636 2758 674 2818 ut
697 2743 730 2819 si
754 2770 967 2843 quacumque
990 2742 1035 2816 de
1058 2767 1164 2817 causa
1188 2767 1264 2816 eum
1285 2767 1338 2816 re-

221 2859 397 2961 pudiaret,
425 2887 463 2935 se
490 2884 585 2934 reum
609 2858 793 2934 constituat
816 2858 989 2947 adulterii,
1016 2857 1052 2930 in
1077 2858 1168 2958 quod
1193 2855 1237 2931 ob
1261 2856 1338 2931 eius

220 2974 471 3052 derelictionem
489 2977 566 3078 ipsa
583 2974 764 3064 incideret,
785 2975 816 3049 si
834 2973 930 3050 alteri
947 2972 1098 3047 nuberet.
1125 2972 1266 3048 Unicum
1285 2998 1340 3047 us·

220 3091 371 3189 signarit
393 3117 531 3169 causum
555 3091 666 3165 iustae
691 3088 923 3177 dimissionis,
951 3114 1072 3190 nempe
1095 3088 1211 3162 uxoris
1236 3085 1337 3162 iomi-

222 3206 391 3281 cntionem
408 3232 471 3282 seu
488 3206 780 3307 prostitutionem,
799 3219 833 3278 et
849 3199 986 3305 quidem
1002 3201 1216 3277 dimissionis
1234 3218 1340 3276 atem

220 3337 257 3397 et
273 3321 533 3398 cohabitatione.
553 3320 730 3421 Siquidem
747 3320 813 3394 hoe
829 3319 865 3391 in
882 3344 964 3393 casn
981 3318 1092 3392 iustae
1107 3316 1336 3404 dimissionis,

222 3437 254 3514 si
280 3462 365 3514 uxor
389 3438 535 3513 dimissu·
558 3436 654 3511 alteri
681 3460 720 3510 se
743 3434 971 3536 copulaverit,
998 3432 1066 3508 sibi
1091 3431 1155 3507 soli
1173 3431 1340 3531 imputare

223 3549 326 3627 debet
348 3551 506 3627 adulterii
539 3567 687 3639 matum,
721 3549 757 3622 in
785 3553 886 3649 quem
912 3548 988 3649 ipsa
1018 3547 1194 3636 inciderit,
1221 3572 1243 3620 a
1271 3571 1340 3647 quo

224 3662 365 3743 maritus
389 3667 563 3742 dimittens
580 3664 742 3739 immunis
759 3679 822 3739 eet.

296 3785 367 3858 lum
399 3809 481 3858 vero
512 3806 654 3858 concers
689 3780 776 3854 haec
808 3795 889 3867 est,
925 3792 964 3853 ut
993 3776 1173 3868 uidimus,
1209 3791 1340 3876 patrum

223 3897 400 3989 doctrina,
420 3923 527 3999 aqua
545 3896 694 3997 prolecto
711 3893 863 3968 Hilarius
889 3892 982 3967 nulla
1007 3892 1135 3968 ratione
1159 3890 1338 3978 dissentit,

223 4015 308 4114 quin
334 4015 448 4115 potius
473 4040 548 4089 eum
565 4012 757 4088 confirmat.
779 4009 867 4083 Hinc
885 4009 1004 4084 merito
1029 4008 1174 4083 editores
1194 4005 1341 4081 maurini

224 4128 261 4202 in
286 4144 365 4205 notu
389 4128 434 4203 ad
459 4127 551 4203 hunc
576 4126 696 4201 Hilarii
721 4124 833 4201 locum
866 4121 1183 4223 scn'pseruntuQui
1206 4147 1248 4196 ex
1277 4120 1343 4193 hoc

224 4242 299 4321 loco
327 4244 446 4320 volunt
474 4243 639 4319 Hilarium
669 4267 736 4317 non
767 4240 869 4317 modo
896 4263 1034 4315 uxerem
1064 4236 1219 4314 adulterii
1252 4260 1341 4312 reem

296 4394 366 4460 (itt)
380 4398 444 4462 opp.
459 4394 714 4449 autumationes
727 4398 795 4447 utto.
806 4395 869 4446 tom.
881 4395 902 4443 1.
913 4397 1033 4457 panum.
1218 4469 1239 4512 t
