3234 5084
304 444 376 494 orr.
392 443 416 494 ι.
431 443 503 493 rnr.
514 443 562 494 ur.
573 440 614 493 nr
627 442 739 497 rnntss.
752 444 849 494 mro.
865 441 970 495 surm.
988 441 1059 492 nro.
1075 440 1191 493 rimo.
1240 421 1308 493 tot

189 577 246 637 est
267 561 469 636 matrimonii
482 561 676 649 obristiani;
691 561 751 635 alii
770 561 973 639 sacrementi
995 586 1117 637 nomeu
1135 561 1237 637 etiam
1261 561 1313 639 la·
1386 612 1387 617 ,

189 678 268 753 sius
294 693 461 777 usurpant
477 693 579 777 atque
604 677 768 752 insistant
788 676 838 753 illi
866 677 1118 777 significationi,
1136 704 1238 778 quam
1263 678 1313 750 di·
1369 760 1370 765 ,

190 792 302 869 ximus
323 791 367 866 de
391 791 518 866 Christi
536 793 679 879 unione;
700 819 789 893 quae
805 792 944 893 quidem
972 792 1177 890 significatio
1196 791 1311 893 aliquo

187 906 290 983 modo
313 907 404 982 inest
426 907 641 982 matrimonio
660 907 761 981 etiam
787 896 864 981 cum
883 921 1022 983 nonest
1045 921 1308 995 sacramentum,

188 1037 288 1124 prout
317 1022 452 1099 luerunt
480 1023 640 1121 coniugia
668 1023 753 1103 inita
781 1038 861 1098 ants
886 1022 1013 1099 Christi
1045 1023 1247 1113 adventum,
1279 1040 1313 1099 et

185 1139 374 1213 etiamnum
407 1138 567 1236 coniugia
606 1137 816 1228 infidelium
845 1154 1019 1239 praeterea
1052 1138 1112 1213 alii
1147 1138 1312 1214 rationem

188 1253 392 1329 sacramenti
430 1254 565 1354 proprie
588 1254 697 1341 dicti,
723 1254 777 1329 uel
803 1254 922 1329 saltem
949 1252 1111 1329 rationem
1138 1253 1227 1353 signi
1254 1281 1312 1328 en·

187 1369 307 1445 hibent
334 1385 371 1447 ut
401 1396 540 1447 eausam
569 1370 704 1444 unicam
737 1368 1047 1444 indissolubilitatis
1074 1369 1307 1457 omnimodae;

184 1483 246 1559 olii
271 1501 310 1561 ut
331 1510 469 1559 oausam
495 1484 613 1560 saltem
641 1484 881 1583 praecipuam
908 1482 968 1557 alii
987 1484 1043 1557 vix
1068 1509 1192 1558 causae
1214 1484 1312 1559 ratin-

185 1625 264 1673 nom
290 1600 326 1672 in
351 1627 392 1675 ea
418 1617 627 1700 agnoscant,
648 1599 709 1675 sed
735 1600 850 1700 potius
876 1626 951 1674 eam
975 1599 1102 1674 habent
1120 1615 1157 1673 ut
1170 1599 1305 1697 signum

182 1715 325 1818 aliquod
343 1717 509 1817 positivae
531 1716 714 1793 voluntatis
731 1717 871 1805 Christi,
888 1743 929 1791 er
954 1742 1023 1818 qua
1047 1715 1183 1791 tandem
1210 1730 1310 1816 repe·

187 1847 263 1906 tum
282 1832 459 1907 christiani
484 1833 689 1907 matrimonii
716 1832 921 1907 firmitatem.

260 1948 465 2046 monta
482 1948 609 2049 quibus
625 1964 767 2023 utuntur
784 1949 906 2050 partim
925 1948 1090 2025 indirecta
1111 1963 1205 2036 sunt,
1227 1973 1305 2048 par-

185 2064 247 2138 tim
276 2063 415 2143 directa.
445 2063 659 2139 Contendunt
675 2065 783 2165 primo
807 2064 1058 2139 matrimonium
1076 2090 1144 2139 non
1169 2061 1305 2163 probari

183 2177 424 2255 indissolubile
448 2204 490 2253 ex
516 2177 589 2275 lege
610 2193 770 2266 naturae,
792 2204 903 2278 neque
923 2204 964 2253 ex
987 2178 1157 2278 primitiva
1176 2178 1307 2252 institu-

182 2295 294 2383 tione;
319 2309 425 2373 restat
447 2319 528 2392 ergo
553 2309 590 2367 ut
615 2319 656 2367 ea
675 2292 957 2368 indissolubilius
989 2320 1009 2366 a
1041 2294 1169 2367 ratione
1194 2319 1308 2369 saera-

181 2411 288 2485 menti
316 2427 459 2511 petatur.
490 2409 621 2485 Deinde
653 2409 815 2485 insistunt
844 2409 957 2484 verbis
987 2408 1081 2481 Pauli
1107 2406 1235 2507 Ephss.
1264 2407 1301 2480 V.

184 2528 471 2603 «Sacramentum
489 2526 554 2602 hoe
571 2552 731 2624 magnum
749 2541 818 2613 est;
834 2551 896 2623 ego
918 2541 1029 2598 autem
1049 2524 1126 2598 dieo
1145 2523 1182 2595 in
1207 2522 1306 2595 Chri-

182 2656 239 2719 sto
263 2657 298 2717 et
325 2643 361 2719 iu
386 2642 540 2718 eeclesia.
565 2672 582 2713 n
603 2642 675 2716 llos
697 2668 777 2716 nero
794 2656 1051 2726 sacramentor,
1068 2642 1116 2714 uti
1142 2639 1305 2715 adversus

179 2755 358 2832 llmsmum
386 2772 620 2831 renovatores
645 2783 713 2831 sec.
734 2757 819 2829 xvt.
841 2754 988 2830 ostendit
1003 2755 1211 2856 vasquezius
1236 2781 1304 2829 non

177 2870 227 2945 ad
259 2870 431 2946 Christum
463 2887 497 2945 et
527 2869 729 2959 eeclesiam,
761 2871 823 2944 sod
853 2870 898 2944 sd
927 2870 1179 2945 matrimonium
1207 2870 1306 2945 reler-

180 3005 237 3065 tur
261 3003 429 3088 quatenus
453 2987 589 3085 signum
619 2987 802 3088 praeselsrt
825 2988 963 3065 unionis
988 2987 1114 3063 Christi
1140 3003 1173 3063 et
1196 2986 1303 3062 eecle-

179 3104 258 3181 siae
272 3105 385 3201 (102).
411 3103 495 3179 Cum
518 3104 620 3201 igitur
642 3103 903 3179 christianorum
922 3105 1115 3204 coniugium
1142 3103 1300 3179 exhibeat

176 3220 315 3317 signum
335 3218 585 3293 indissolubilis
610 3219 860 3294 coniunctionis
878 3219 976 3293 llerhi
995 3246 1071 3295 cum
1090 3218 1301 3294 humanitate

173 3353 214 3413 et
239 3334 368 3410 Christi
394 3361 472 3409 oum
490 3334 653 3423 ecelesia,
673 3362 714 3410 ex
739 3335 816 3436 ipsa
841 3351 962 3410 natura
992 3336 1040 3409 rei
1066 3362 1169 3436 quam
1196 3335 1302 3433 signi-

176 3453 259 3527 bnat
274 3451 467 3527 omnimoda
484 3450 780 3525 indissolubilitate
793 3451 983 3551 praeditum
995 3452 1040 3525 sit
1053 3466 1195 3551 oportet.
1209 3449 1301 3537 Qua-

175 3582 314 3668 propter
331 3592 407 3643 oum
425 3566 512 3643 inter
528 3584 655 3642 ceteras
672 3566 842 3642 attulisset
853 3567 1084 3642 auctoritatem
1097 3565 1297 3652 sThomas,

175 3684 241 3784 qui
268 3682 402 3759 snribit:
427 3683 713 3758 «Matrimonium
742 3682 806 3756 luit
833 3682 973 3783 quidem
1003 3682 1039 3755 in
1064 3681 1166 3757 vetsri
1196 3680 1296 3780 loge,

179 3816 282 3900 prout
305 3815 377 3875 erat
399 3799 436 3871 in
460 3799 610 3873 officium
631 3815 790 3887 naturae,
815 3825 881 3874 nnn
907 3814 1018 3874 autem
1048 3813 1147 3898 prout
1167 3812 1221 3871 est
1244 3823 1299 3871 sa-

174 3930 387 3993 cramentum
412 3915 658 3989 coniunctionis
679 3914 805 3988 Christi
830 3932 863 3989 et
886 3914 1072 4003 eeclesiae,
1098 3937 1187 4012 quae
1213 3938 1299 3989 non·

176 4030 262 4107 dum
293 4047 365 4106 erat
389 4030 496 4120 lanta,
520 4029 611 4105 unde
639 4045 672 4104 et
696 4030 732 4103 in
756 4030 859 4104 veteri
889 4030 963 4131 lege
991 4028 1135 4105 dabatur
1161 4026 1296 4105 libellus

177 4145 335 4247 repudii,
354 4145 444 4245 quod
461 4161 515 4219 est
534 4161 650 4219 contra
671 4145 872 4220 sacramenti
891 4145 1051 4219 rationem
1075 4144 1197 4241 (103)»
1220 4168 1297 4217 eon-

247 4313 315 4376 (ιω)
331 4316 450 4377 venue.
462 4315 500 4364 De
514 4315 632 4364 motrtm.
645 4313 715 4379 Dlsp.
727 4316 758 4364 ΙΙ.
768 4327 791 4365 e.
801 4321 826 4365 s.
835 4326 861 4364 n.
872 4317 885 4365 t
896 4326 965 4379 seqq.

249 4394 318 4457 (¹⁰2)
331 4400 352 4446 1.
367 4400 391 4446 2.
402 4408 428 4457 q.
443 4400 495 4446 lot.
506 4407 542 4444 tr.
555 4400 577 4445 5.
591 4393 622 4444 ad
633 4401 655 4445 3.
