3234 5084
325 392 367 459 28
491 414 550 463 na.
573 414 619 463 ur.
641 416 725 464 snos.
749 417 770 463 ι.
792 417 831 464 nn
848 416 941 465 aisn.
959 416 1080 466 eumer.
1098 417 1241 466 unrrnrs.

321 530 467 629 exceptis
489 530 667 603 admodum
686 532 820 630 paucis,
846 534 906 632 qui
932 558 999 605 non
1024 532 1182 619 libidine,
1211 534 1270 606 sed
1296 534 1339 607 ob
1365 561 1426 607 no·

323 643 481 717 bilitatem
506 645 661 744 plurimis
690 648 818 745 nuptiis
844 647 1256 745 ambiunturullirginos,
1289 651 1422 749 inquit,

321 787 425 832 unum
444 760 613 859 accipiunt
633 762 806 849 maritum,
830 763 995 861 quomodo
1017 790 1120 835 unum
1142 789 1282 863 corpus,
1306 790 1426 836 unam·

322 901 387 972 que
411 875 535 961 vitam,
560 901 621 948 neo
647 876 715 949 ulla
738 877 904 973 cogitatio
919 878 1023 963 ultra,
1053 904 1114 951 nec
1139 877 1269 973 longior
1294 879 1426 977 cupidi·

323 1002 392 1073 tas,
417 996 464 1062 'ne
487 1004 655 1088 tamquam
687 991 866 1077 maritum,
896 992 955 1062 sed
985 1008 1153 1090 tamquam
1178 993 1425 1064 matrimonium

323 1119 433 1174 ament
448 1107 560 1198 (65).»
570 1105 619 1176 De
637 1105 873 1178 recentioribus
888 1131 954 1179 non
967 1106 1100 1204 loqu0r;
1114 1124 1319 1203 compertum
1334 1108 1424 1179 enim

322 1233 464 1291 estnon
489 1219 561 1291 leve
584 1219 794 1293 obstaculum
816 1221 958 1317 experiri
984 1219 1068 1317 legis
1094 1220 1304 1316 evangelicae
1329 1247 1427 1320 prae-

322 1357 422 1406 cones
451 1334 485 1405 in
517 1335 691 1407 suadenda
721 1335 905 1409 christiana
927 1334 1097 1432 ¹religione
1125 1361 1232 1434 eaque
1261 1336 1426 1408 firmanda

322 1448 412 1545 apud
440 1447 593 1521 infideles
618 1450 768 1522 nationes
789 1451 870 1522 dum
890 1478 929 1524 ex
951 1453 1156 1550 praescripto
1178 1449 1262 1547 legis
1283 1476 1429 1547 evange·

323 1560 406 1634 licae
426 1560 649 1661 polygamiam
675 1564 806 1638 abolere
829 1565 979 1638 nituntur
995 1569 1084 1660 (66).

393 1677 442 1747 Ex
461 1676 524 1749 bac
542 1704 639 1776 porro
656 1678 724 1751 lere
744 1679 926 1752 universali
950 1680 1160 1779 polygamiae
1181 1680 1426 1753 consuetudine

322 1791 472 1864 nonnulli
487 1792 669 1865 intulerunt
683 1792 774 1866 illam
787 1794 879 1866 nullo
891 1793 990 1867 modo
1003 1794 1069 1891 legi
1084 1794 1226 1867 naturali
1239 1796 1425 1869 adversari.

320 1908 473 1979 Attamen
497 1908 683 1981 communis
705 1909 932 2005 theologorum
951 1910 1114 1982 sententia
1130 1926 1181 1982 est
1197 1910 1427 2009 polygamiam

321 2021 374 2092 sin
401 2022 513 2093 minus
537 2022 694 2120 primario
721 2040 858 2096 naturae
884 2024 968 2109 iuri,
998 2023 1115 2096 saltem
1141 2024 1340 2097 secundario
1366 2050 1428 2098 seu

320 2134 469 2209 derivato
494 2162 570 2208 esse
595 2138 816 2225 contrariam,
848 2165 966 2237 nempe
996 2138 1269 2212 conclusionibus
1290 2166 1329 2212 ex
1357 2141 1429 2239 pri-

321 2248 436 2320 mariis
462 2251 649 2347 praeceptis
672 2251 844 2337 deductis,
869 2268 907 2324 ut
928 2251 1075 2351 loquitur
1094 2252 1286 2349 Angelicus.
1305 2255 1342 2325 ln
1361 2254 1428 2327 bac

321 2378 433 2436 nutem
458 2364 623 2437 sententia
640 2366 762 2439 tuenda
778 2367 1003 2441 diversimode
1020 2366 1165 2465 theologi
1182 2367 1357 2455 incedunt;
1379 2371 1429 2441 si—

321 2478 456 2576 quidem
469 2479 621 2552 nonnulli
639 2496 750 2553 tenent
762 2482 838 2555 ideo
852 2482 1076 2581 polygamiam
1095 2482 1167 2554 iure
1184 2483 1326 2555 naturali
1349 2509 1429 2556 esse

322 2593 542 2690 prohibitam,
567 2596 647 2693 quia
672 2596 878 2669 secundariis
904 2594 1099 2671 adversatur
1122 2597 1324 2670 matrimonii
1350 2598 1429 2669 lini-

394 2903 443 2964 (aa)
462 2906 497 2953 De
506 2905 598 2953 morto.
606 2917 751 2966 perornant.
760 2916 784 2952 n.
795 2903 915 2954 laland.
926 2906 998 2952 Tarrr.
1011 2904 1241 2953 insanorum.
1251 2903 1428 2966 Reinegyemm

320 2994 361 3042 qn.
375 2987 414 3029 92.
425 2980 456 3030 ad
469 2983 593 3046 'facttum3
609 2996 653 3032 nec
668 2996 717 3032 noo
734 2983 870 3033 zaldlerunr
887 2983 911 3031 in
928 2981 970 3032 lib.
983 2985 1021 3032 De
1030 2981 1187 3045 petanense.

393 3062 443 3123 (aa)
459 3065 511 3113 Non
520 3062 703 3113 ullamrlamad
713 3065 759 3115 boc
768 3063 932 3126 superandum
941 3062 1094 3113 obstaculum
1103 3064 1426 3126 promstantcsinvcuerunt,

320 3154 395 3201 piram
412 3141 574 3205 polygarnlam
591 3145 643 3193 suis
661 3144 783 3193 conversis
793 3146 836 3192 aut
846 3142 1014 3191 convenandls
1028 3141 1164 3204 indulgere,
1177 3142 1252 3204 idque
1263 3142 1362 3205 publico
1376 3144 1426 3191 sul·

321 3219 397 3282 [ragio
408 3222 434 3270 et
444 3221 545 3270 coristlio
563 3222 728 3271 decreverunt.
738 3221 853 3284 Legimus
870 3222 936 3270 euim
954 3220 980 3269 in
996 3220 1212 3283 ephemrrtbuna
1224 3221 1258 3270 de
1269 3220 1427 3270 limaret

319 3298 473 3349 collationem
489 3301 597 3350 habiturn
615 3300 689 3350 luins
704 3300 826 3350 dtctornm
839 3303 1065 3351 mtsstonartorum
1076 3300 1262 3364 protestantium
1272 3299 1426 3361 calecutiaa,

321 3377 361 3427 eui
376 3377 538 3428 interlnemut
549 3379 654 3428 ministr!
668 3378 858 3441 episcopalium,
877 3376 1057 3440 prestiterunt,
1077 3377 1252 3438 maalinas,
1270 3376 1393 3440 baptistae
1403 3382 1429 3428 et

320 3458 588 3520 conpegmionallsue,
599 3460 703 3521 postque
712 3457 861 3522 protundum
871 3457 989 3519 studium,
1002 3457 1132 3520 pluresque
1143 3456 1348 3518 consultationes,
1359 3470 1428 3507 aaa·

319 3539 440 3587 ntmttate
459 3538 632 3599 suffragiorum
648 3536 757 3587 decisum
776 3539 826 3597 est,
843 3536 911 3598 quod
922 3537 968 3586 usi
984 3549 1018 3585 un
1036 3535 1159 3596 camerti,
1180 3537 1255 3584 avant
1275 3534 1306 3585 de
1325 3535 1429 3587 devenir

320 3616 442 3679 ahtoden,
453 3630 467 3666 a
478 3618 568 3680 epousa
579 3619 635 3680 plus
649 3616 722 3666 d'unc
737 3616 825 3666 lemma
836 3616 935 3665 solvant
945 3615 970 3664 la
981 3615 1093 3677 prathue
1110 3613 1153 3664 dea
1171 3615 1243 3676 tulta,
1260 3618 1285 3664 et
1299 3616 1363 3666 cella
1380 3616 1427 3666 des

320 3695 411 3757 &daea
419 3698 579 3759 primatem,
590 3696 608 3745 il
622 3696 657 3745 lnl
668 3708 721 3746 sera
732 3696 822 3758 parma
830 3694 862 3744 de
873 3695 909 3744 las
918 3694 1014 3756 garder
1023 3696 1122 3752 tautam
1132 3694 1217 3742 mabil
1225 3706 1255 3744 ne
1264 3707 1319 3743 aera
1328 3695 1428 3757 ellglblc

320 3776 335 3823 a
353 3787 448 3825 aucum
463 3775 556 3838 dignita
572 3775 634 3825 dans
652 3774 767 3837 l'egllse.»
778 3776 832 3823 Hoc
846 3772 971 3836 publicum
983 3773 1155 3821 documentum
1171 3773 1245 3822 refert
1258 3774 1339 3824 David
1357 3775 1428 3824 ssllen

321 3855 489 3906 mlsalonarlna
501 3857 639 3918 promtam
657 3853 723 3917 apud
740 3853 812 3904 indos
824 3852 894 3902 annls
904 3859 942 3902 st.
951 3853 976 3900 ln
987 3864 1027 3915 op.
1035 3853 1189 3902 Modonnos
1198 3856 1275 3903 Attae
1287 3854 1356 3916 qaod
1373 3856 1427 3903 rut·

320 3934 388 3996 gavit
407 3934 432 3983 lu
451 3934 584 3997 provinciis
604 3932 735 3983 foederatis
754 3932 943 3981 mortesela.
960 3938 1025 3981 ¹856.

393 4015 454 4063 llam
476 4012 613 4076 polygamla
623 4012 799 4075 neophytorum
811 4010 912 4074 probata
924 4010 971 4060 luit
981 4022 995 4060 a
1004 4011 1100 4073 Mylord
1111 4011 1213 4061 wanno
1223 4013 1248 4061 ln
1259 4012 1371 4063 cairam
1382 4028 1426 4064 cu·

321 4093 360 4141 tus
370 4091 451 4141 eraut
461 4090 590 4154 eplaaopm
603 4090 756 4153 anglicanus,
773 4089 817 4151 qut
835 4100 936 4138 cernens
950 4088 1120 4138 diluculum
1135 4102 1210 4152 quam
1224 4091 1286 4141 satri
1306 4093 1426 4153 praesem-

322 4170 406 4220 rebant
426 4169 458 4219 ad
479 4170 662 4220 moremtonem
682 4169 715 4218 ob
737 4180 843 4218 unorum
863 4167 1025 4230 pluralitatem
1036 4202 1044 4228 ,
1070 4167 1184 4230 expedire
1200 4167 1319 4218 iudicarit
1338 4173 1366 4223 nt
1385 4183 1429 4221 aas

320 4262 405 4300 omnes
414 4261 476 4313 quas
485 4248 605 4300 dusaraat
613 4247 826 4299 maenianum
837 4249 892 4309 post
905 4245 1060 4309 baptismum.
1072 4247 1111 4295 ct.
1123 4248 1235 4296 univers.
1246 4255 1269 4297 s.
1278 4250 1341 4299 nont
1356 4256 1424 4301 tato.

320 4330 358 4378 oti
370 4330 507 4393 praeclaros
523 4329 647 4392 Eramlll
663 4330 803 4391 praecoma!
