<?xml version="1.0" encoding="UTF-8"?>
<!DOCTYPE html PUBLIC "-//W3C//DTD XHTML 1.0 Transitional//EN"
    "http://www.w3.org/TR/xhtml1/DTD/xhtml1-transitional.dtd">
<html xmlns="http://www.w3.org/1999/xhtml" xml:lang="en" lang="en">
 <head>
  <title>
</title>
<meta http-equiv="Content-Type" content="text/html;charset=utf-8" />
  <meta name='ocr-system' content='tesseract 3.04.00' />
  <meta name='ocr-capabilities' content='ocr_page ocr_carea ocr_par ocr_line ocrx_word'/>
</head>
<body>
  <div class='ocr_page' id='page_1' title='image "./dematrimoniochr03perrgoog_0487.png"; bbox 0 0 3234 5084; ppageno 0'>
   <div class='ocr_carea' id='block_1_1' title="bbox 277 457 1282 541">
    <p class='ocr_par' dir='ltr' id='par_1_1' title="bbox 277 457 1282 541">
     <span class='ocr_line' id='line_1_1' title="bbox 277 457 1282 541; baseline 0 -12"><span class='ocrx_word' id='word_1_1' title='bbox 277 477 400 529; x_wconf 68' lang='lat' dir='ltr'><strong>mavi.</strong></span> <span class='ocrx_word' id='word_1_2' title='bbox 418 476 458 526; x_wconf 85' lang='lat' dir='ltr'><strong>on</strong></span> <span class='ocrx_word' id='word_1_3' title='bbox 470 476 548 527; x_wconf 83' lang='lat' dir='ltr'><strong>nise.</strong></span> <span class='ocrx_word' id='word_1_4' title='bbox 560 475 655 527; x_wconf 75' lang='lat' dir='ltr'><strong>uara.</strong></span> <span class='ocrx_word' id='word_1_5' title='bbox 668 477 753 541; x_wconf 76' lang='grc' dir='ltr'>ιιιτι,</span> <span class='ocrx_word' id='word_1_6' title='bbox 771 476 834 527; x_wconf 80' lang='lat' dir='ltr'><strong>uon</strong></span> <span class='ocrx_word' id='word_1_7' title='bbox 849 477 1011 528; x_wconf 79' lang='lat' dir='ltr'><strong>corson.</strong></span> <span class='ocrx_word' id='word_1_8' title='bbox 1029 479 1103 529; x_wconf 75' lang='lat' dir='ltr'><strong>aar.</strong></span> <span class='ocrx_word' id='word_1_9' title='bbox 1120 480 1156 529; x_wconf 87' lang='lat' dir='ltr'><strong>n.</strong></span> <span class='ocrx_word' id='word_1_10' title='bbox 1213 457 1282 529; x_wconf 71' lang='lat' dir='ltr'><strong>l85</strong></span> 
     </span>
    </p>
   </div>
   <div class='ocr_carea' id='block_1_2' title="bbox 136 593 1291 4135">
    <p class='ocr_par' dir='ltr' id='par_1_2' title="bbox 136 593 1291 2299">
     <span class='ocr_line' id='line_1_2' title="bbox 169 593 1290 695; baseline 0.001 -26"><span class='ocrx_word' id='word_1_11' title='bbox 169 596 351 695; x_wconf 80' lang='lat' dir='ltr'><strong>gelicorum</strong></span> <span class='ocrx_word' id='word_1_12' title='bbox 362 594 582 669; x_wconf 88' lang='lat' dir='ltr'><strong>consiliorum</strong></span> <span class='ocrx_word' id='word_1_13' title='bbox 596 619 730 692; x_wconf 89' lang='lat' dir='ltr'><strong>semper</strong></span> <span class='ocrx_word' id='word_1_14' title='bbox 746 594 781 667; x_wconf 96' lang='lat' dir='ltr'><strong>in</strong></span> <span class='ocrx_word' id='word_1_15' title='bbox 798 593 942 668; x_wconf 85' lang='lat' dir='ltr'><strong>ecclesia</strong></span> <span class='ocrx_word' id='word_1_16' title='bbox 957 595 1085 693; x_wconf 77' lang='lat' dir='ltr'><strong>uiguit,</strong></span> <span class='ocrx_word' id='word_1_17' title='bbox 1101 618 1177 670; x_wconf 87' lang='lat' dir='ltr'><strong>cum</strong></span> <span class='ocrx_word' id='word_1_18' title='bbox 1195 623 1290 670; x_wconf 88' lang='lat' dir='ltr'><strong>num·</strong></span> 
     </span>
     <span class='ocr_line' id='line_1_3' title="bbox 169 709 1289 811; baseline 0.002 -27"><span class='ocrx_word' id='word_1_19' title='bbox 169 736 271 811; x_wconf 86' lang='lat' dir='ltr'><strong>quarn</strong></span> <span class='ocrx_word' id='word_1_20' title='bbox 287 710 455 784; x_wconf 74' lang='lat' dir='ltr'>defuerint</span> <span class='ocrx_word' id='word_1_21' title='bbox 477 710 539 783; x_wconf 83' lang='lat' dir='ltr'><strong>viri</strong></span> <span class='ocrx_word' id='word_1_22' title='bbox 567 709 675 783; x_wconf 89' lang='lat' dir='ltr'><strong>sancti</strong></span> <span class='ocrx_word' id='word_1_23' title='bbox 701 709 760 809; x_wconf 89' lang='lat' dir='ltr'><strong>qui</strong></span> <span class='ocrx_word' id='word_1_24' title='bbox 785 726 979 811; x_wconf 90' lang='lat' dir='ltr'><strong>perpetuam</strong></span> <span class='ocrx_word' id='word_1_25' title='bbox 998 712 1227 798; x_wconf 84' lang='lat' dir='ltr'><strong>servaverint,</strong></span> <span class='ocrx_word' id='word_1_26' title='bbox 1248 738 1289 786; x_wconf 89' lang='lat' dir='ltr'><strong>ac</strong></span> 
     </span>
     <span class='ocr_line' id='line_1_4' title="bbox 136 825 1291 927; baseline 0 -27"><span class='ocrx_word' id='word_1_27' title='bbox 136 884 138 887; x_wconf 73' lang='lat'><em>.</em></span> <span class='ocrx_word' id='word_1_28' title='bbox 169 826 310 927; x_wconf 79' lang='lat' dir='ltr'><strong>professi</strong></span> <span class='ocrx_word' id='word_1_29' title='bbox 338 827 407 901; x_wconf 89' lang='lat' dir='ltr'><strong>sint</strong></span> <span class='ocrx_word' id='word_1_30' title='bbox 430 826 686 912; x_wconf 78' lang='lat' dir='ltr'><strong>castimoniam,</strong></span> <span class='ocrx_word' id='word_1_31' title='bbox 708 825 765 925; x_wconf 89' lang='lat' dir='ltr'><strong>qui</strong></span> <span class='ocrx_word' id='word_1_32' title='bbox 791 825 1166 915; x_wconf 60' lang='lat' dir='ltr'><strong>schonerunstat,</strong></span> <span class='ocrx_word' id='word_1_33' title='bbox 1187 844 1291 926; x_wconf 84' lang='lat' dir='ltr'><strong>atque</strong></span> 
     </span>
     <span class='ocr_line' id='line_1_5' title="bbox 169 938 1289 1041; baseline 0.003 -29"><span class='ocrx_word' id='word_1_34' title='bbox 169 940 234 1012; x_wconf 90' lang='lat' dir='ltr'><strong>sub</strong></span> <span class='ocrx_word' id='word_1_35' title='bbox 258 940 399 1039; x_wconf 87' lang='lat' dir='ltr'><strong>praelati</strong></span> <span class='ocrx_word' id='word_1_36' title='bbox 424 966 485 1013; x_wconf 91' lang='lat' dir='ltr'><strong>seu</strong></span> <span class='ocrx_word' id='word_1_37' title='bbox 510 938 714 1037; x_wconf 90' lang='lat' dir='ltr'><strong>superioris,</strong></span> <span class='ocrx_word' id='word_1_38' title='bbox 736 938 855 1014; x_wconf 88' lang='lat' dir='ltr'><strong>saltem</strong></span> <span class='ocrx_word' id='word_1_39' title='bbox 873 939 1046 1038; x_wconf 83' lang='lat' dir='ltr'>episcopi,</span> <span class='ocrx_word' id='word_1_40' title='bbox 1067 940 1289 1041; x_wconf 76' lang='lat' dir='ltr'><strong>dependentia</strong></span> 
     </span>
     <span class='ocr_line' id='line_1_6' title="bbox 168 1052 1290 1154; baseline 0.003 -29"><span class='ocrx_word' id='word_1_41' title='bbox 168 1079 209 1126; x_wconf 88' lang='lat' dir='ltr'><strong>ac</strong></span> <span class='ocrx_word' id='word_1_42' title='bbox 227 1067 311 1125; x_wconf 91' lang='lat' dir='ltr'><strong>nutu</strong></span> <span class='ocrx_word' id='word_1_43' title='bbox 337 1054 443 1126; x_wconf 85' lang='lat' dir='ltr'><strong>vitam</strong></span> <span class='ocrx_word' id='word_1_44' title='bbox 469 1053 636 1126; x_wconf 86' lang='lat' dir='ltr'><strong>duxerint.</strong></span> <span class='ocrx_word' id='word_1_45' title='bbox 665 1053 709 1124; x_wconf 86' lang='lat' dir='ltr'><strong>fli</strong></span> <span class='ocrx_word' id='word_1_46' title='bbox 730 1053 916 1154; x_wconf 88' lang='lat' dir='ltr'><strong>portionem</strong></span> <span class='ocrx_word' id='word_1_47' title='bbox 942 1052 1083 1127; x_wconf 91' lang='lat' dir='ltr'><strong>electam</strong></span> <span class='ocrx_word' id='word_1_48' title='bbox 1108 1057 1290 1128; x_wconf 90' lang='lat' dir='ltr'><strong>constitue·</strong></span> 
     </span>
     <span class='ocr_line' id='line_1_7' title="bbox 170 1167 1290 1269; baseline 0.004 -30"><span class='ocrx_word' id='word_1_49' title='bbox 170 1181 249 1239; x_wconf 86' lang='lat' dir='ltr'><strong>runt</strong></span> <span class='ocrx_word' id='word_1_50' title='bbox 265 1168 386 1265; x_wconf 82' lang='lat' dir='ltr'><strong>quavis</strong></span> <span class='ocrx_word' id='word_1_51' title='bbox 403 1182 511 1240; x_wconf 87' lang='lat' dir='ltr'><strong>aetate</strong></span> <span class='ocrx_word' id='word_1_52' title='bbox 528 1167 687 1240; x_wconf 91' lang='lat' dir='ltr'><strong>dominici</strong></span> <span class='ocrx_word' id='word_1_53' title='bbox 705 1167 834 1264; x_wconf 79' lang='lat' dir='ltr'><strong>gregis,</strong></span> <span class='ocrx_word' id='word_1_54' title='bbox 856 1168 956 1241; x_wconf 87' lang='lat' dir='ltr'><strong>etiam</strong></span> <span class='ocrx_word' id='word_1_55' title='bbox 975 1169 1174 1269; x_wconf 80' lang='lat' dir='ltr'>priusquam</span> <span class='ocrx_word' id='word_1_56' title='bbox 1192 1170 1290 1243; x_wconf 90' lang='lat' dir='ltr'><strong>insti·</strong></span> 
     </span>
     <span class='ocr_line' id='line_1_8' title="bbox 169 1280 1288 1382; baseline 0.005 -32"><span class='ocrx_word' id='word_1_57' title='bbox 169 1295 242 1353; x_wconf 92' lang='lat' dir='ltr'><strong>tuta</strong></span> <span class='ocrx_word' id='word_1_58' title='bbox 262 1282 447 1354; x_wconf 89' lang='lat' dir='ltr'><strong>monastica</strong></span> <span class='ocrx_word' id='word_1_59' title='bbox 464 1298 573 1354; x_wconf 91' lang='lat' dir='ltr'><strong>ortum</strong></span> <span class='ocrx_word' id='word_1_60' title='bbox 590 1283 627 1352; x_wconf 90' lang='lat' dir='ltr'><strong>in</strong></span> <span class='ocrx_word' id='word_1_61' title='bbox 644 1282 787 1355; x_wconf 88' lang='lat' dir='ltr'><strong>ecclesia</strong></span> <span class='ocrx_word' id='word_1_62' title='bbox 804 1280 977 1355; x_wconf 87' lang='lat' dir='ltr'><strong>haberent.</strong></span> <span class='ocrx_word' id='word_1_63' title='bbox 1000 1282 1156 1382; x_wconf 83' lang='lat' dir='ltr'><strong>Plerique</strong></span> <span class='ocrx_word' id='word_1_64' title='bbox 1172 1309 1288 1357; x_wconf 90' lang='lat' dir='ltr'><strong>eorum</strong></span> 
     </span>
     <span class='ocr_line' id='line_1_9' title="bbox 168 1394 1289 1496; baseline 0.006 -30"><span class='ocrx_word' id='word_1_65' title='bbox 168 1420 315 1493; x_wconf 86' lang='lat' dir='ltr'><strong>quorum</strong></span> <span class='ocrx_word' id='word_1_66' title='bbox 339 1394 492 1495; x_wconf 79' lang='lat' dir='ltr'><strong>exempla</strong></span> <span class='ocrx_word' id='word_1_67' title='bbox 515 1396 689 1470; x_wconf 76' lang='lat' dir='ltr'><strong>attulimus</strong></span> <span class='ocrx_word' id='word_1_68' title='bbox 709 1395 751 1468; x_wconf 92' lang='lat' dir='ltr'><strong>ad</strong></span> <span class='ocrx_word' id='word_1_69' title='bbox 772 1397 864 1468; x_wconf 88' lang='lat' dir='ltr'><strong>hunc</strong></span> <span class='ocrx_word' id='word_1_70' title='bbox 883 1421 1022 1470; x_wconf 90' lang='lat' dir='ltr'><strong>censum</strong></span> <span class='ocrx_word' id='word_1_71' title='bbox 1040 1398 1224 1496; x_wconf 81' lang='lat' dir='ltr'><strong>pertinent,</strong></span> <span class='ocrx_word' id='word_1_72' title='bbox 1249 1424 1289 1473; x_wconf 86' lang='lat' dir='ltr'><strong>ac</strong></span> 
     </span>
     <span class='ocr_line' id='line_1_10' title="bbox 170 1509 1289 1613; baseline 0.007 -33"><span class='ocrx_word' id='word_1_73' title='bbox 170 1509 234 1581; x_wconf 89' lang='lat' dir='ltr'><strong>tria</strong></span> <span class='ocrx_word' id='word_1_74' title='bbox 248 1511 413 1582; x_wconf 89' lang='lat' dir='ltr'><strong>recensita</strong></span> <span class='ocrx_word' id='word_1_75' title='bbox 430 1509 572 1582; x_wconf 88' lang='lat' dir='ltr'><strong>consilia</strong></span> <span class='ocrx_word' id='word_1_76' title='bbox 588 1511 781 1608; x_wconf 71' lang='lat' dir='ltr'><strong>evangelica</strong></span> <span class='ocrx_word' id='word_1_77' title='bbox 799 1511 915 1584; x_wconf 88' lang='lat' dir='ltr'><strong>sectati</strong></span> <span class='ocrx_word' id='word_1_78' title='bbox 934 1527 1025 1585; x_wconf 91' lang='lat' dir='ltr'><strong>sunt.</strong></span> <span class='ocrx_word' id='word_1_79' title='bbox 1046 1511 1199 1586; x_wconf 81' lang='lat' dir='ltr'><strong>Ecclesia</strong></span> <span class='ocrx_word' id='word_1_80' title='bbox 1215 1540 1289 1613; x_wconf 85' lang='lat' dir='ltr'><strong>pro·</strong></span> 
     </span>
     <span class='ocr_line' id='line_1_11' title="bbox 169 1622 1289 1727; baseline 0.005 -31"><span class='ocrx_word' id='word_1_81' title='bbox 169 1622 263 1696; x_wconf 83' lang='lat' dir='ltr'><strong>bavit</strong></span> <span class='ocrx_word' id='word_1_82' title='bbox 276 1623 393 1697; x_wconf 86' lang='lat' dir='ltr'><strong>horum</strong></span> <span class='ocrx_word' id='word_1_83' title='bbox 408 1625 615 1712; x_wconf 89' lang='lat' dir='ltr'><strong>institutum,</strong></span> <span class='ocrx_word' id='word_1_84' title='bbox 641 1651 702 1698; x_wconf 91' lang='lat' dir='ltr'><strong>seu</strong></span> <span class='ocrx_word' id='word_1_85' title='bbox 713 1624 847 1698; x_wconf 78' lang='lat' dir='ltr'><strong>vivendi</strong></span> <span class='ocrx_word' id='word_1_86' title='bbox 864 1627 1042 1714; x_wconf 90' lang='lat' dir='ltr'><strong>rationem,</strong></span> <span class='ocrx_word' id='word_1_87' title='bbox 1060 1642 1162 1725; x_wconf 89' lang='lat' dir='ltr'><strong>atque</strong></span> <span class='ocrx_word' id='word_1_88' title='bbox 1174 1642 1289 1727; x_wconf 85' lang='lat' dir='ltr'><strong>utpote</strong></span> 
     </span>
     <span class='ocr_line' id='line_1_12' title="bbox 169 1738 1288 1839; baseline 0.006 -30"><span class='ocrx_word' id='word_1_89' title='bbox 169 1738 261 1836; x_wconf 78' lang='lat' dir='ltr'><strong>iugis</strong></span> <span class='ocrx_word' id='word_1_90' title='bbox 284 1764 325 1813; x_wconf 93' lang='lat' dir='ltr'><strong>ac</strong></span> <span class='ocrx_word' id='word_1_91' title='bbox 348 1740 425 1814; x_wconf 75' lang='lat' dir='ltr'><strong>riva</strong></span> <span class='ocrx_word' id='word_1_92' title='bbox 451 1740 617 1839; x_wconf 89' lang='lat' dir='ltr'><strong>interpres</strong></span> <span class='ocrx_word' id='word_1_93' title='bbox 642 1739 822 1814; x_wconf 84' lang='lat' dir='ltr'><strong>voluntatis</strong></span> <span class='ocrx_word' id='word_1_94' title='bbox 846 1739 990 1826; x_wconf 83' lang='lat' dir='ltr'><strong>Christi,</strong></span> <span class='ocrx_word' id='word_1_95' title='bbox 1018 1741 1202 1815; x_wconf 68' lang='lat' dir='ltr'><strong>declararit</strong></span> <span class='ocrx_word' id='word_1_96' title='bbox 1229 1768 1288 1816; x_wconf 91' lang='lat' dir='ltr'><strong>eos</strong></span> 
     </span>
     <span class='ocr_line' id='line_1_13' title="bbox 167 1852 1288 1953; baseline 0.005 -28"><span class='ocrx_word' id='word_1_97' title='bbox 167 1852 213 1925; x_wconf 89' lang='lat' dir='ltr'><strong>ab</strong></span> <span class='ocrx_word' id='word_1_98' title='bbox 237 1854 312 1952; x_wconf 91' lang='lat' dir='ltr'><strong>ipso</strong></span> <span class='ocrx_word' id='word_1_99' title='bbox 336 1854 472 1928; x_wconf 83' lang='lat' dir='ltr'><strong>Christo</strong></span> <span class='ocrx_word' id='word_1_100' title='bbox 497 1870 614 1928; x_wconf 90' lang='lat' dir='ltr'><strong>auctos</strong></span> <span class='ocrx_word' id='word_1_101' title='bbox 636 1880 714 1928; x_wconf 86' lang='lat' dir='ltr'><strong>esse</strong></span> <span class='ocrx_word' id='word_1_102' title='bbox 738 1854 804 1928; x_wconf 88' lang='lat' dir='ltr'><strong>hoc</strong></span> <span class='ocrx_word' id='word_1_103' title='bbox 824 1854 1020 1953; x_wconf 83' lang='lat' dir='ltr'><strong>privilegio,</strong></span> <span class='ocrx_word' id='word_1_104' title='bbox 1040 1870 1077 1928; x_wconf 91' lang='lat' dir='ltr'><strong>ut</strong></span> <span class='ocrx_word' id='word_1_105' title='bbox 1094 1856 1129 1927; x_wconf 92' lang='lat' dir='ltr'><strong>in</strong></span> <span class='ocrx_word' id='word_1_106' title='bbox 1146 1856 1288 1953; x_wconf 77' lang='lat' dir='ltr'><strong>gretiam</strong></span> 
     </span>
     <span class='ocr_line' id='line_1_14' title="bbox 170 1964 1290 2069; baseline 0.005 -29"><span class='ocrx_word' id='word_1_107' title='bbox 170 1968 381 2066; x_wconf 73' lang='lat' dir='ltr'><strong>perfectioris</strong></span> <span class='ocrx_word' id='word_1_108' title='bbox 403 1969 506 2044; x_wconf 91' lang='lat' dir='ltr'><strong>huius</strong></span> <span class='ocrx_word' id='word_1_109' title='bbox 527 1964 657 2057; x_wconf 82' lang='lat' dir='ltr'><strong>status,</strong></span> <span class='ocrx_word' id='word_1_110' title='bbox 680 1970 818 2069; x_wconf 89' lang='lat' dir='ltr'><strong>siquod</strong></span> <span class='ocrx_word' id='word_1_111' title='bbox 845 1970 980 2043; x_wconf 89' lang='lat' dir='ltr'><strong>inierint</strong></span> <span class='ocrx_word' id='word_1_112' title='bbox 1001 1971 1196 2069; x_wconf 79' lang='lat' dir='ltr'><strong>coniugium</strong></span> <span class='ocrx_word' id='word_1_113' title='bbox 1212 1987 1290 2046; x_wconf 87' lang='lat' dir='ltr'><strong>ante</strong></span> 
     </span>
     <span class='ocr_line' id='line_1_15' title="bbox 166 2081 1288 2189; baseline 0.006 -35"><span class='ocrx_word' id='word_1_114' title='bbox 166 2084 243 2157; x_wconf 85' lang='lat' dir='ltr'><strong>eiua</strong></span> <span class='ocrx_word' id='word_1_115' title='bbox 272 2081 594 2158; x_wconf 84' lang='lat' dir='ltr'><strong>consummationem</strong></span> <span class='ocrx_word' id='word_1_116' title='bbox 619 2085 878 2172; x_wconf 87' lang='lat' dir='ltr'><strong>dissolveretur,</strong></span> <span class='ocrx_word' id='word_1_117' title='bbox 899 2112 939 2160; x_wconf 91' lang='lat' dir='ltr'><strong>ac</strong></span> <span class='ocrx_word' id='word_1_118' title='bbox 961 2113 1041 2189; x_wconf 90' lang='lat' dir='ltr'><strong>pars</strong></span> <span class='ocrx_word' id='word_1_119' title='bbox 1060 2087 1218 2161; x_wconf 89' lang='lat' dir='ltr'><strong>derelicta</strong></span> <span class='ocrx_word' id='word_1_120' title='bbox 1243 2086 1288 2161; x_wconf 88' lang='lat' dir='ltr'><strong>ad</strong></span> 
     </span>
     <span class='ocr_line' id='line_1_16' title="bbox 168 2188 1204 2299; baseline 0.005 -30"><span class='ocrx_word' id='word_1_121' title='bbox 168 2224 274 2272; x_wconf 81' lang='lat' dir='ltr'><strong>novas</strong></span> <span class='ocrx_word' id='word_1_122' title='bbox 294 2188 488 2295; x_wconf 53' lang='lat' dir='ltr'><strong>&#39;iungendas</strong></span> <span class='ocrx_word' id='word_1_123' title='bbox 516 2202 652 2299; x_wconf 87' lang='lat' dir='ltr'><strong>nuptias</strong></span> <span class='ocrx_word' id='word_1_124' title='bbox 677 2200 783 2273; x_wconf 90' lang='lat' dir='ltr'><strong>libera</strong></span> <span class='ocrx_word' id='word_1_125' title='bbox 806 2218 1030 2299; x_wconf 77' lang='lat' dir='ltr'><strong>permaneret.</strong></span> <span class='ocrx_word' id='word_1_126' title='bbox 1201 2288 1204 2294; x_wconf 26' lang='grc' dir='ltr'>Ι</span> 
     </span>
    </p>

    <p class='ocr_par' dir='ltr' id='par_1_3' title="bbox 168 2312 1290 3672">
     <span class='ocr_line' id='line_1_17' title="bbox 242 2312 1288 2415; baseline 0.008 -32"><span class='ocrx_word' id='word_1_127' title='bbox 242 2314 290 2386; x_wconf 91' lang='lat' dir='ltr'><strong>Ne</strong></span> <span class='ocrx_word' id='word_1_128' title='bbox 307 2328 417 2387; x_wconf 89' lang='lat' dir='ltr'><strong>autem</strong></span> <span class='ocrx_word' id='word_1_129' title='bbox 435 2312 562 2389; x_wconf 87' lang='lat' dir='ltr'><strong>abusus</strong></span> <span class='ocrx_word' id='word_1_130' title='bbox 579 2315 780 2414; x_wconf 88' lang='lat' dir='ltr'><strong>irreperent,</strong></span> <span class='ocrx_word' id='word_1_131' title='bbox 800 2313 945 2387; x_wconf 91' lang='lat' dir='ltr'><strong>ecclesia</strong></span> <span class='ocrx_word' id='word_1_132' title='bbox 963 2315 1124 2415; x_wconf 88' lang='lat' dir='ltr'><strong>temporis</strong></span> <span class='ocrx_word' id='word_1_133' title='bbox 1141 2313 1288 2391; x_wconf 88' lang='lat' dir='ltr'><strong>decursu</strong></span> 
     </span>
     <span class='ocr_line' id='line_1_18' title="bbox 168 2416 1289 2529; baseline 0.005 -32"><span class='ocrx_word' id='word_1_134' title='bbox 168 2416 361 2512; x_wconf 75' lang='lat' dir='ltr'><strong>constituit,</strong></span> <span class='ocrx_word' id='word_1_135' title='bbox 382 2443 419 2501; x_wconf 92' lang='lat' dir='ltr'><strong>ut</strong></span> <span class='ocrx_word' id='word_1_136' title='bbox 440 2426 606 2529; x_wconf 86' lang='lat' dir='ltr'><strong>quaedam</strong></span> <span class='ocrx_word' id='word_1_137' title='bbox 625 2431 821 2503; x_wconf 86' lang='lat' dir='ltr'><strong>solemnitas</strong></span> <span class='ocrx_word' id='word_1_138' title='bbox 845 2428 910 2503; x_wconf 88' lang='lat' dir='ltr'><strong>hoc</strong></span> <span class='ocrx_word' id='word_1_139' title='bbox 931 2431 1021 2503; x_wconf 82' lang='lat' dir='ltr'><strong>vitae</strong></span> <span class='ocrx_word' id='word_1_140' title='bbox 1044 2456 1151 2528; x_wconf 80' lang='lat' dir='ltr'><strong>genus</strong></span> <span class='ocrx_word' id='word_1_141' title='bbox 1176 2433 1289 2505; x_wconf 89' lang='lat' dir='ltr'><strong>muni·</strong></span> 
     </span>
     <span class='ocr_line' id='line_1_19' title="bbox 168 2540 1289 2644; baseline 0.004 -29"><span class='ocrx_word' id='word_1_142' title='bbox 168 2556 231 2615; x_wconf 87' lang='lat' dir='ltr'><strong>ret.</strong></span> <span class='ocrx_word' id='word_1_143' title='bbox 260 2540 421 2617; x_wconf 83' lang='lat' dir='ltr'><strong>Consistit</strong></span> <span class='ocrx_word' id='word_1_144' title='bbox 444 2561 554 2618; x_wconf 89' lang='lat' dir='ltr'><strong>autem</strong></span> <span class='ocrx_word' id='word_1_145' title='bbox 579 2545 746 2618; x_wconf 88' lang='lat' dir='ltr'><strong>eiusmodi</strong></span> <span class='ocrx_word' id='word_1_146' title='bbox 766 2544 960 2619; x_wconf 90' lang='lat' dir='ltr'><strong>solemnitas</strong></span> <span class='ocrx_word' id='word_1_147' title='bbox 979 2546 1014 2616; x_wconf 94' lang='lat' dir='ltr'><strong>in</strong></span> <span class='ocrx_word' id='word_1_148' title='bbox 1031 2544 1164 2619; x_wconf 91' lang='lat' dir='ltr'><strong>duobus</strong></span> <span class='ocrx_word' id='word_1_149' title='bbox 1182 2546 1289 2644; x_wconf 88' lang='lat' dir='ltr'><strong>potis-</strong></span> 
     </span>
     <span class='ocr_line' id='line_1_20' title="bbox 168 2656 1285 2757; baseline 0.002 -28"><span class='ocrx_word' id='word_1_150' title='bbox 168 2656 273 2744; x_wconf 89' lang='lat' dir='ltr'><strong>sime,</strong></span> <span class='ocrx_word' id='word_1_151' title='bbox 294 2672 364 2730; x_wconf 89' lang='lat' dir='ltr'><strong>tum</strong></span> <span class='ocrx_word' id='word_1_152' title='bbox 389 2659 424 2729; x_wconf 86' lang='lat' dir='ltr'><strong>in</strong></span> <span class='ocrx_word' id='word_1_153' title='bbox 444 2659 666 2756; x_wconf 90' lang='lat' dir='ltr'><strong>perpetuitate</strong></span> <span class='ocrx_word' id='word_1_154' title='bbox 685 2658 872 2731; x_wconf 76' lang='lat' dir='ltr'><strong>extrinseca</strong></span> <span class='ocrx_word' id='word_1_155' title='bbox 889 2684 930 2731; x_wconf 86' lang='lat' dir='ltr'><strong>ex</strong></span> <span class='ocrx_word' id='word_1_156' title='bbox 948 2673 1043 2757; x_wconf 90' lang='lat' dir='ltr'><strong>parte</strong></span> <span class='ocrx_word' id='word_1_157' title='bbox 1061 2658 1285 2757; x_wconf 87' lang='lat' dir='ltr'><strong>acceptantis,</strong></span> 
     </span>
     <span class='ocr_line' id='line_1_21' title="bbox 168 2771 1288 2872; baseline 0.004 -30"><span class='ocrx_word' id='word_1_158' title='bbox 168 2797 238 2870; x_wconf 87' lang='lat' dir='ltr'><strong>qua</strong></span> <span class='ocrx_word' id='word_1_159' title='bbox 261 2771 394 2846; x_wconf 88' lang='lat' dir='ltr'><strong>sublata</strong></span> <span class='ocrx_word' id='word_1_160' title='bbox 418 2788 469 2845; x_wconf 87' lang='lat' dir='ltr'><strong>est</strong></span> <span class='ocrx_word' id='word_1_161' title='bbox 494 2773 636 2846; x_wconf 76' lang='lat' dir='ltr'><strong>facultas</strong></span> <span class='ocrx_word' id='word_1_162' title='bbox 662 2773 812 2872; x_wconf 89' lang='lat' dir='ltr'><strong>praelato</strong></span> <span class='ocrx_word' id='word_1_163' title='bbox 836 2771 978 2846; x_wconf 90' lang='lat' dir='ltr'><strong>liberum</strong></span> <span class='ocrx_word' id='word_1_164' title='bbox 1004 2771 1193 2845; x_wconf 89' lang='lat' dir='ltr'><strong>dimittendi</strong></span> <span class='ocrx_word' id='word_1_165' title='bbox 1211 2798 1288 2847; x_wconf 90' lang='lat' dir='ltr'><strong>eum</strong></span> 
     </span>
     <span class='ocr_line' id='line_1_22' title="bbox 169 2885 1289 2988; baseline 0.004 -32"><span class='ocrx_word' id='word_1_166' title='bbox 169 2887 230 2983; x_wconf 89' lang='lat' dir='ltr'><strong>qui</strong></span> <span class='ocrx_word' id='word_1_167' title='bbox 253 2888 381 2961; x_wconf 83' lang='lat' dir='ltr'><strong>voverit</strong></span> <span class='ocrx_word' id='word_1_168' title='bbox 407 2891 502 2984; x_wconf 82' lang='lat' dir='ltr'><strong>(ot),</strong></span> <span class='ocrx_word' id='word_1_169' title='bbox 531 2902 565 2961; x_wconf 94' lang='lat' dir='ltr'><strong>et</strong></span> <span class='ocrx_word' id='word_1_170' title='bbox 590 2889 624 2959; x_wconf 94' lang='lat' dir='ltr'><strong>in</strong></span> <span class='ocrx_word' id='word_1_171' title='bbox 650 2889 929 2986; x_wconf 75' lang='lat' dir='ltr'><strong>illept&#39;tt&#39;mctiooe,</strong></span> <span class='ocrx_word' id='word_1_172' title='bbox 958 2913 1047 2988; x_wconf 84' lang='lat' dir='ltr'><strong>quae</strong></span> <span class='ocrx_word' id='word_1_173' title='bbox 1073 2913 1113 2961; x_wconf 83' lang='lat' dir='ltr'><strong>ex</strong></span> <span class='ocrx_word' id='word_1_174' title='bbox 1137 2885 1212 2985; x_wconf 81' lang='lat' dir='ltr'><strong>lege</strong></span> <span class='ocrx_word' id='word_1_175' title='bbox 1233 2913 1289 2961; x_wconf 87' lang='lat' dir='ltr'><strong>ec-</strong></span> 
     </span>
     <span class='ocr_line' id='line_1_23' title="bbox 169 2998 1289 3102; baseline 0.004 -31"><span class='ocrx_word' id='word_1_176' title='bbox 169 2998 359 3075; x_wconf 87' lang='lat' dir='ltr'><strong>clesiastica</strong></span> <span class='ocrx_word' id='word_1_177' title='bbox 382 3003 526 3076; x_wconf 85' lang='lat' dir='ltr'><strong>accessit</strong></span> <span class='ocrx_word' id='word_1_178' title='bbox 550 3002 671 3076; x_wconf 92' lang='lat' dir='ltr'><strong>iisdem</strong></span> <span class='ocrx_word' id='word_1_179' title='bbox 695 3002 801 3089; x_wconf 82' lang='lat' dir='ltr'><strong>votis,</strong></span> <span class='ocrx_word' id='word_1_180' title='bbox 822 3028 892 3102; x_wconf 89' lang='lat' dir='ltr'><strong>qua</strong></span> <span class='ocrx_word' id='word_1_181' title='bbox 915 3001 1069 3075; x_wconf 86' lang='lat' dir='ltr'><strong>redditur</strong></span> <span class='ocrx_word' id='word_1_182' title='bbox 1091 3027 1217 3076; x_wconf 81' lang='lat' dir='ltr'><strong>vovens</strong></span> <span class='ocrx_word' id='word_1_183' title='bbox 1234 3001 1289 3075; x_wconf 91' lang='lat' dir='ltr'><strong>in·</strong></span> 
     </span>
     <span class='ocr_line' id='line_1_24' title="bbox 169 3112 1290 3204; baseline 0.005 -19"><span class='ocrx_word' id='word_1_184' title='bbox 169 3112 296 3187; x_wconf 87' lang='lat' dir='ltr'><strong>habilis</strong></span> <span class='ocrx_word' id='word_1_185' title='bbox 320 3132 354 3188; x_wconf 91' lang='lat' dir='ltr'><strong>et</strong></span> <span class='ocrx_word' id='word_1_186' title='bbox 377 3116 421 3190; x_wconf 89' lang='lat' dir='ltr'><strong>ad</strong></span> <span class='ocrx_word' id='word_1_187' title='bbox 445 3117 659 3191; x_wconf 87' lang='lat' dir='ltr'><strong>matrimonia</strong></span> <span class='ocrx_word' id='word_1_188' title='bbox 679 3117 843 3204; x_wconf 90' lang='lat' dir='ltr'><strong>ineunda,</strong></span> <span class='ocrx_word' id='word_1_189' title='bbox 872 3132 906 3189; x_wconf 90' lang='lat' dir='ltr'><strong>et</strong></span> <span class='ocrx_word' id='word_1_190' title='bbox 931 3116 976 3190; x_wconf 91' lang='lat' dir='ltr'><strong>ad</strong></span> <span class='ocrx_word' id='word_1_191' title='bbox 1002 3122 1113 3192; x_wconf 89' lang='lat' dir='ltr'><strong>rernm</strong></span> <span class='ocrx_word' id='word_1_192' title='bbox 1138 3116 1290 3191; x_wconf 88' lang='lat' dir='ltr'><strong>dominia</strong></span> 
     </span>
     <span class='ocr_line' id='line_1_25' title="bbox 168 3228 1289 3328; baseline 0.004 -28"><span class='ocrx_word' id='word_1_193' title='bbox 168 3228 390 3328; x_wconf 88' lang='lat' dir='ltr'><strong>acquirenda,</strong></span> <span class='ocrx_word' id='word_1_194' title='bbox 419 3246 477 3304; x_wconf 86' lang='lat' dir='ltr'><strong>ant</strong></span> <span class='ocrx_word' id='word_1_195' title='bbox 502 3230 622 3306; x_wconf 86' lang='lat' dir='ltr'><strong>saltem</strong></span> <span class='ocrx_word' id='word_1_196' title='bbox 644 3230 688 3303; x_wconf 92' lang='lat' dir='ltr'><strong>ad</strong></span> <span class='ocrx_word' id='word_1_197' title='bbox 711 3231 905 3304; x_wconf 89' lang='lat' dir='ltr'><strong>eorumdem</strong></span> <span class='ocrx_word' id='word_1_198' title='bbox 930 3230 1074 3304; x_wconf 86' lang='lat' dir='ltr'><strong>liberum</strong></span> <span class='ocrx_word' id='word_1_199' title='bbox 1099 3256 1201 3304; x_wconf 89' lang='lat' dir='ltr'><strong>usum</strong></span> <span class='ocrx_word' id='word_1_200' title='bbox 1226 3230 1289 3304; x_wconf 90' lang='lat' dir='ltr'><strong>ha·</strong></span> 
     </span>
     <span class='ocr_line' id='line_1_26' title="bbox 168 3341 1283 3445; baseline 0.003 -30"><span class='ocrx_word' id='word_1_201' title='bbox 168 3341 317 3415; x_wconf 82' lang='lat' dir='ltr'><strong>bendum</strong></span> <span class='ocrx_word' id='word_1_202' title='bbox 332 3347 420 3439; x_wconf 75' lang='lat' dir='ltr'><strong>(ff).</strong></span> <span class='ocrx_word' id='word_1_203' title='bbox 442 3345 505 3417; x_wconf 87' lang='lat' dir='ltr'><strong>llis</strong></span> <span class='ocrx_word' id='word_1_204' title='bbox 518 3343 641 3417; x_wconf 91' lang='lat' dir='ltr'><strong>deinde</strong></span> <span class='ocrx_word' id='word_1_205' title='bbox 653 3359 868 3418; x_wconf 89' lang='lat' dir='ltr'><strong>accesserunt</strong></span> <span class='ocrx_word' id='word_1_206' title='bbox 879 3343 1098 3418; x_wconf 90' lang='lat' dir='ltr'><strong>formalitates</strong></span> <span class='ocrx_word' id='word_1_207' title='bbox 1112 3344 1283 3445; x_wconf 83' lang='lat' dir='ltr'><strong>temporis,</strong></span> 
     </span>
     <span class='ocr_line' id='line_1_27' title="bbox 169 3456 1289 3559; baseline 0.001 -28"><span class='ocrx_word' id='word_1_208' title='bbox 169 3456 252 3546; x_wconf 89' lang='lat' dir='ltr'><strong>loci,</strong></span> <span class='ocrx_word' id='word_1_209' title='bbox 283 3458 367 3532; x_wconf 87' lang='lat' dir='ltr'><strong>ritus</strong></span> <span class='ocrx_word' id='word_1_210' title='bbox 388 3473 452 3531; x_wconf 91' lang='lat' dir='ltr'><strong>eto.</strong></span> <span class='ocrx_word' id='word_1_211' title='bbox 480 3484 569 3559; x_wconf 90' lang='lat' dir='ltr'><strong>quae</strong></span> <span class='ocrx_word' id='word_1_212' title='bbox 593 3459 685 3532; x_wconf 92' lang='lat' dir='ltr'><strong>illam</strong></span> <span class='ocrx_word' id='word_1_213' title='bbox 704 3459 948 3533; x_wconf 88' lang='lat' dir='ltr'><strong>solemnitatem</strong></span> <span class='ocrx_word' id='word_1_214' title='bbox 971 3461 1226 3546; x_wconf 88' lang='lat' dir='ltr'><strong>comitarentur,</strong></span> <span class='ocrx_word' id='word_1_215' title='bbox 1250 3474 1289 3533; x_wconf 90' lang='lat' dir='ltr'><strong>ut</strong></span> 
     </span>
     <span class='ocr_line' id='line_1_28' title="bbox 168 3566 1114 3672; baseline 0.001 -27"><span class='ocrx_word' id='word_1_216' title='bbox 168 3573 259 3648; x_wconf 89' lang='lat' dir='ltr'><strong>actio</strong></span> <span class='ocrx_word' id='word_1_217' title='bbox 272 3566 341 3647; x_wconf 84' lang='lat' dir='ltr'><strong>tota</strong></span> <span class='ocrx_word' id='word_1_218' title='bbox 367 3572 510 3647; x_wconf 87' lang='lat' dir='ltr'><strong>iuridioe</strong></span> <span class='ocrx_word' id='word_1_219' title='bbox 535 3574 683 3672; x_wconf 79' lang='lat' dir='ltr'><strong>legitima</strong></span> <span class='ocrx_word' id='word_1_220' title='bbox 707 3599 747 3648; x_wconf 88' lang='lat' dir='ltr'><strong>ac</strong></span> <span class='ocrx_word' id='word_1_221' title='bbox 771 3574 884 3648; x_wconf 75' lang='lat' dir='ltr'><strong>ualida</strong></span> <span class='ocrx_word' id='word_1_222' title='bbox 909 3589 1114 3649; x_wconf 84' lang='lat' dir='ltr'><strong>censeretur.</strong></span> 
     </span>
    </p>

    <p class='ocr_par' dir='ltr' id='par_1_4' title="bbox 168 3688 1289 4135">
     <span class='ocr_line' id='line_1_29' title="bbox 241 3688 1289 3776; baseline 0.001 -15"><span class='ocrx_word' id='word_1_223' title='bbox 241 3688 316 3774; x_wconf 82' lang='lat' dir='ltr'><strong>Qua</strong></span> <span class='ocrx_word' id='word_1_224' title='bbox 338 3688 549 3763; x_wconf 88' lang='lat' dir='ltr'><strong>solemnitate</strong></span> <span class='ocrx_word' id='word_1_225' title='bbox 572 3688 675 3764; x_wconf 86' lang='lat' dir='ltr'><strong>semel</strong></span> <span class='ocrx_word' id='word_1_226' title='bbox 697 3688 852 3775; x_wconf 87' lang='lat' dir='ltr'><strong>inducta,</strong></span> <span class='ocrx_word' id='word_1_227' title='bbox 874 3689 1019 3763; x_wconf 87' lang='lat' dir='ltr'><strong>ecclesia</strong></span> <span class='ocrx_word' id='word_1_228' title='bbox 1036 3690 1231 3776; x_wconf 88' lang='lat' dir='ltr'><strong>constituit,</strong></span> <span class='ocrx_word' id='word_1_229' title='bbox 1251 3704 1289 3762; x_wconf 91' lang='lat' dir='ltr'><strong>ut</strong></span> 
     </span>
     <span class='ocr_line' id='line_1_30' title="bbox 170 3801 1286 3905; baseline 0.003 -30"><span class='ocrx_word' id='word_1_230' title='bbox 170 3801 325 3901; x_wconf 82' lang='lat' dir='ltr'><strong>coniugia</strong></span> <span class='ocrx_word' id='word_1_231' title='bbox 338 3821 409 3879; x_wconf 91' lang='lat' dir='ltr'><strong>rata</strong></span> <span class='ocrx_word' id='word_1_232' title='bbox 422 3803 581 3905; x_wconf 88' lang='lat' dir='ltr'><strong>deinceps</strong></span> <span class='ocrx_word' id='word_1_233' title='bbox 594 3830 661 3877; x_wconf 89' lang='lat' dir='ltr'><strong>non</strong></span> <span class='ocrx_word' id='word_1_234' title='bbox 674 3803 949 3901; x_wconf 69' lang='lat' dir='ltr'><strong>dissolverentur]</strong></span> <span class='ocrx_word' id='word_1_235' title='bbox 954 3804 1019 3879; x_wconf 90' lang='lat' dir='ltr'><strong>nisi</strong></span> <span class='ocrx_word' id='word_1_236' title='bbox 1034 3831 1095 3904; x_wconf 89' lang='lat' dir='ltr'><strong>per</strong></span> <span class='ocrx_word' id='word_1_237' title='bbox 1103 3805 1286 3879; x_wconf 85' lang='lat' dir='ltr'><strong>solemnem</strong></span> 
     </span>
     <span class='ocr_line' id='line_1_31' title="bbox 170 3916 1287 4021; baseline 0.007 -35"><span class='ocrx_word' id='word_1_238' title='bbox 170 3916 205 3987; x_wconf 94' lang='lat' dir='ltr'><strong>in</strong></span> <span class='ocrx_word' id='word_1_239' title='bbox 228 3916 387 4014; x_wconf 83' lang='lat' dir='ltr'><strong>religione</strong></span> <span class='ocrx_word' id='word_1_240' title='bbox 410 3918 596 4021; x_wconf 85' lang='lat' dir='ltr'><strong>approbata</strong></span> <span class='ocrx_word' id='word_1_241' title='bbox 616 3919 874 4018; x_wconf 89' lang='lat' dir='ltr'><strong>professionem.</strong></span> <span class='ocrx_word' id='word_1_242' title='bbox 897 3920 936 3992; x_wconf 94' lang='lat' dir='ltr'><strong>ln</strong></span> <span class='ocrx_word' id='word_1_243' title='bbox 953 3947 1023 4019; x_wconf 91' lang='lat' dir='ltr'><strong>qua</strong></span> <span class='ocrx_word' id='word_1_244' title='bbox 1040 3919 1127 3992; x_wconf 91' lang='lat' dir='ltr'><strong>nihil</strong></span> <span class='ocrx_word' id='word_1_245' title='bbox 1140 3920 1218 3995; x_wconf 80' lang='lat' dir='ltr'><strong>novi</strong></span> <span class='ocrx_word' id='word_1_246' title='bbox 1236 3945 1287 3994; x_wconf 71' lang='lat' dir='ltr'><strong>cc»</strong></span> 
     </span>
     <span class='ocr_line' id='line_1_32' title="bbox 168 4028 1288 4135; baseline 0.004 -33"><span class='ocrx_word' id='word_1_247' title='bbox 168 4028 274 4104; x_wconf 90' lang='lat' dir='ltr'><strong>clesia</strong></span> <span class='ocrx_word' id='word_1_248' title='bbox 298 4030 447 4122; x_wconf 83' lang='lat' dir='ltr'><strong>induxit,</strong></span> <span class='ocrx_word' id='word_1_249' title='bbox 476 4033 537 4109; x_wconf 88' lang='lat' dir='ltr'><strong>sed</strong></span> <span class='ocrx_word' id='word_1_250' title='bbox 562 4033 787 4109; x_wconf 87' lang='lat' dir='ltr'><strong>conditionem</strong></span> <span class='ocrx_word' id='word_1_251' title='bbox 814 4049 943 4108; x_wconf 88' lang='lat' dir='ltr'><strong>tantum</strong></span> <span class='ocrx_word' id='word_1_252' title='bbox 968 4033 1109 4123; x_wconf 88' lang='lat' dir='ltr'><strong>adiecit,</strong></span> <span class='ocrx_word' id='word_1_253' title='bbox 1130 4061 1199 4135; x_wconf 89' lang='lat' dir='ltr'><strong>qua</strong></span> <span class='ocrx_word' id='word_1_254' title='bbox 1215 4059 1288 4108; x_wconf 89' lang='lat' dir='ltr'><strong>cer·</strong></span> 
     </span>
    </p>
   </div>
   <div class='ocr_carea' id='block_1_3' title="bbox 168 4251 1289 4482">
    <p class='ocr_par' dir='ltr' id='par_1_5' title="bbox 168 4251 1289 4482">
     <span class='ocr_line' id='line_1_33' title="bbox 242 4251 1287 4324; baseline -0.008 -8"><span class='ocrx_word' id='word_1_255' title='bbox 242 4252 293 4316; x_wconf 72' lang='lat'><strong>(⁶⁵)</strong></span> <span class='ocrx_word' id='word_1_256' title='bbox 308 4251 381 4311; x_wconf 60' lang='grc' dir='ltr'><strong>ΟΜ</strong></span> <span class='ocrx_word' id='word_1_257' title='bbox 400 4253 584 4320; x_wconf 64' lang='lat' dir='ltr'><strong>intelligendum</strong></span> <span class='ocrx_word' id='word_1_258' title='bbox 605 4260 643 4311; x_wconf 77' lang='lat' dir='ltr'><strong>tet</strong></span> <span class='ocrx_word' id='word_1_259' title='bbox 660 4271 763 4324; x_wconf 76' lang='lat' dir='ltr'><strong>perso,</strong></span> <span class='ocrx_word' id='word_1_260' title='bbox 787 4261 817 4311; x_wconf 85' lang='lat' dir='ltr'><strong>ut</strong></span> <span class='ocrx_word' id='word_1_261' title='bbox 842 4260 928 4324; x_wconf 74' lang='lat' dir='ltr'><strong>ainnt3</strong></span> <span class='ocrx_word' id='word_1_262' title='bbox 948 4274 1006 4312; x_wconf 81' lang='lat' dir='ltr'><strong>uam</strong></span> <span class='ocrx_word' id='word_1_263' title='bbox 1025 4259 1078 4312; x_wconf 79' lang='lat' dir='ltr'><strong>fieri</strong></span> <span class='ocrx_word' id='word_1_264' title='bbox 1098 4259 1196 4324; x_wconf 75' lang='lat' dir='ltr'><strong>polest,</strong></span> <span class='ocrx_word' id='word_1_265' title='bbox 1213 4258 1242 4309; x_wconf 86' lang='lat' dir='ltr'><strong>nt</strong></span> <span class='ocrx_word' id='word_1_266' title='bbox 1259 4256 1287 4309; x_wconf 79' lang='lat' dir='ltr'><strong>ld</strong></span> 
     </span>
     <span class='ocr_line' id='line_1_34' title="bbox 168 4333 1289 4399; baseline 0.005 -17"><span class='ocrx_word' id='word_1_267' title='bbox 168 4336 291 4398; x_wconf 65' lang='lat' dir='ltr'><strong>praem</strong></span> <span class='ocrx_word' id='word_1_268' title='bbox 307 4333 405 4385; x_wconf 67' lang='lat' dir='ltr'><strong>vatent</strong></span> <span class='ocrx_word' id='word_1_269' title='bbox 424 4335 525 4399; x_wconf 76' lang='lat' dir='ltr'><strong>praefati</strong></span> <span class='ocrx_word' id='word_1_270' title='bbox 543 4338 643 4391; x_wconf 74' lang='lat' dir='ltr'><strong>cotenu</strong></span> <span class='ocrx_word' id='word_1_271' title='bbox 663 4340 695 4389; x_wconf 78' lang='lat' dir='ltr'><strong>ad</strong></span> <span class='ocrx_word' id='word_1_272' title='bbox 707 4341 774 4391; x_wconf 81' lang='lat' dir='ltr'><strong>hunc</strong></span> <span class='ocrx_word' id='word_1_273' title='bbox 790 4338 865 4391; x_wconf 81' lang='lat' dir='ltr'><strong>fincta</strong></span> <span class='ocrx_word' id='word_1_274' title='bbox 882 4355 897 4391; x_wconf 85' lang='lat' dir='ltr'><strong>a</strong></span> <span class='ocrx_word' id='word_1_275' title='bbox 915 4343 987 4393; x_wconf 77' lang='lat' dir='ltr'><strong>Rom.</strong></span> <span class='ocrx_word' id='word_1_276' title='bbox 999 4339 1117 4392; x_wconf 69' lang='lat' dir='ltr'><strong>Pontinos</strong></span> <span class='ocrx_word' id='word_1_277' title='bbox 1133 4339 1289 4393; x_wconf 65' lang='lat' dir='ltr'><strong>mnata.</strong></span> 
     </span>
     <span class='ocr_line' id='line_1_35' title="bbox 242 4413 720 4482; baseline 0.015 -19"><span class='ocrx_word' id='word_1_278' title='bbox 242 4413 293 4475; x_wconf 78' lang='lat' dir='ltr'><strong>(to)</strong></span> <span class='ocrx_word' id='word_1_279' title='bbox 306 4414 345 4464; x_wconf 81' lang='lat' dir='ltr'><strong>ct.</strong></span> <span class='ocrx_word' id='word_1_280' title='bbox 367 4413 483 4466; x_wconf 74' lang='lat' dir='ltr'><strong>Pontium</strong></span> <span class='ocrx_word' id='word_1_281' title='bbox 501 4415 549 4467; x_wconf 87' lang='lat' dir='ltr'><strong>loc.</strong></span> <span class='ocrx_word' id='word_1_282' title='bbox 572 4416 614 4467; x_wconf 84' lang='lat' dir='ltr'><strong>eft.</strong></span> <span class='ocrx_word' id='word_1_283' title='bbox 629 4430 683 4482; x_wconf 81' lang='lat' dir='ltr'><strong>cap.</strong></span> <span class='ocrx_word' id='word_1_284' title='bbox 696 4425 720 4470; x_wconf 76' lang='lat' dir='ltr'><strong>s.</strong></span> 
     </span>
    </p>
   </div>
   <div class='ocr_carea' id='block_1_4' title="bbox 0 0 1622 5084">
    <p class='ocr_par' dir='ltr' id='par_1_6' title="bbox 0 0 1622 5084">
     <span class='ocr_line' id='line_1_36' title="bbox 0 0 1622 5084; baseline 0 0"><span class='ocrx_word' id='word_1_285' title='bbox 0 0 1622 5084; x_wconf 95' lang='lat' dir='ltr'><strong> </strong></span> 
     </span>
    </p>
   </div>
  </div>
 </body>
</html>
