3234 5084
285 405 353 479 tot
403 429 464 480 cn.
486 429 534 480 ιιι.
554 426 641 478 saar.
662 428 793 478 ιιιιιιι.
812 428 851 478 nn
870 427 981 479 rueres.
1004 427 1099 478 ιιιιιι.
1118 427 1242 479 esnrsr.

283 545 388 631 roris,
416 546 515 618 etiam
545 569 621 617 reus
655 543 774 642 culpae
800 559 872 617 est.
890 602 896 614 .
916 603 946 614 ..
972 544 1122 617 Dimittis
1155 571 1234 642 argo
1265 571 1402 619 uxorem

283 660 382 759 quasi
408 660 499 744 iure,
529 658 604 730 sine
627 656 790 746 crimine,
819 673 854 729 et
886 673 986 756 putas
1017 657 1052 729 id
1079 656 1138 730 tibi
1170 658 1292 747 licere,
1322 662 1404 761 quia

282 773 335 846 lex
360 773 508 846 humana
534 798 600 846 nen
627 770 803 870 prohibet:
832 772 892 845 sed
918 773 1034 845 divina
1061 773 1226 873 prohibet.
1250 774 1315 860 Qui
1341 774 1404 849 ho-

282 888 431 961 minibus
455 887 674 986 obsequeris,
702 887 810 959 Deum
845 912 972 960 verere.
1000 887 1086 959 Audi
1113 886 1219 984 legem
1245 889 1401 976 Domini,

284 1004 338 1077 cui
365 1002 597 1102 obsequuntur
620 1003 721 1075 etiam
747 1002 806 1101 qui
835 1000 926 1098 leges
953 1002 1080 1076 lerunt:
1103 1003 1192 1088 Quae
1215 1004 1302 1077 Deus
1327 1030 1404 1075 aon·

285 1120 397 1191 iaaait
422 1119 511 1190 lromo
545 1144 608 1188 aon
640 1132 777 1216 separet.
815 1117 880 1189 Sed
916 1142 985 1190 nen
1027 1116 1135 1191 solum
1169 1117 1226 1190 hic
1259 1118 1405 1191 caeleste

285 1249 518 1333 praeceptum,
547 1231 607 1306 sed
633 1229 804 1331 quoddam
829 1231 929 1304 etiam
961 1256 1047 1329 opus
1072 1231 1133 1303 liei
1159 1232 1309 1306 solvitur.
1341 1233 1405 1305 Pa-

286 1348 428 1436 terisne,
455 1372 534 1434 ere,
556 1346 681 1421 liberos
708 1362 808 1433 tuos,
833 1346 965 1421 vivente
991 1362 1044 1434 te,
1072 1371 1149 1419 esse
1174 1346 1238 1419 sub
1261 1348 1401 1432 vitrioe;

285 1478 344 1535 aut
376 1461 535 1536 ineolumi
563 1479 691 1549 matre,
725 1461 846 1559 degere
876 1461 940 1535 sub
965 1460 1130 1535 noverea?
1159 1463 1272 1549 Pone,
1301 1463 1330 1534 si
1353 1488 1406 1536 re-

287 1577 424 1676 pudiata
450 1602 516 1651 nou
547 1574 662 1650 nubat.
692 1576 735 1649 Et
763 1576 848 1650 haee
871 1578 944 1651 vire
974 1575 1033 1651 tibi
1064 1576 1180 1650 debuit
1206 1576 1400 1675 displicere,

211 1678 212 1682 ¹
285 1693 340 1767 cui
368 1690 520 1765 adultero
555 1690 656 1764 fidem
691 1690 835 1764 servat?
862 1692 965 1778 Pone,
988 1691 1018 1763 si
1049 1690 1164 1765 nubat.
1186 1692 1404 1766 Necessitatis

285 1806 378 1880 illius
403 1822 497 1880 tuum
530 1805 656 1879 crimen
682 1821 752 1878 est:
781 1821 815 1878 et
846 1806 1039 1902 coniugium
1063 1806 1154 1905 quod
1172 1823 1270 1904 putas
1285 1865 1292 1893 ,
1308 1805 1405 1879 adul·

286 1922 404 1996 terium
436 1936 499 1994 est.
534 1919 624 2007 Quid
647 1921 737 1993 enim
761 1920 880 2008 refert,
915 1936 1026 1993 utrum
1050 1920 1084 1992 id
1113 1936 1229 2020 aperta
1254 1922 1405 1995 criminis

287 2034 518 2120 confessione,
539 2059 583 2106 an
609 2033 718 2106 mariti
744 2035 858 2132 specie
883 2034 1014 2109 adulter
1031 2034 1203 2123 admittam
1232 2036 1299 2109 nisi
1316 2036 1407 2135 quod

287 2148 423 2246 gravius
443 2164 496 2222 est
524 2147 631 2245 legem
661 2147 813 2221 criminis
850 2148 990 2235 iecisse,
1025 2175 1126 2250 quam
1163 2148 1315 2222 lurtum?
1339 2149 1406 2220 Sed

287 2263 429 2337 lertasse
454 2260 544 2335 dicet
565 2259 714 2360 aliquis:
739 2260 904 2348 Quomodo
931 2263 1062 2362 Moyses
1085 2262 1256 2336 mandauit
1272 2263 1349 2335 dari
1365 2264 1407 2335 li·

290 2377 382 2448 brum
393 2374 538 2473 repudii,
560 2389 590 2447 et
608 2374 768 2447 dimittere
788 2402 923 2448 onorem
940 2377 958 2446 ?
975 2375 1041 2463 Qui
1061 2376 1125 2450 hnc
1146 2377 1239 2463 dicit,
1263 2377 1405 2450 iudaeus

288 2504 351 2565 est.
371 2489 436 2577 Qui
462 2490 527 2563 hoc
548 2488 643 2576 dicit,
659 2488 865 2564 christianus
891 2516 957 2563 nen
984 2505 1046 2563 est¹
1063 2491 1105 2563 Et
1126 2491 1216 2578 ideo,
1236 2492 1317 2591 quia
1342 2492 1406 2565 hec

289 2606 417 2692 obiicit,
434 2605 525 2705 quod
550 2605 717 2679 obiectum
741 2620 795 2678 est
819 2605 981 2692 Domino,
1015 2605 1213 2706 respondeat
1237 2608 1268 2679 ei
1292 2607 1407 2681 Domi·

290 2747 371 2795 nus:
388 2720 438 2794 rld
455 2719 628 2804 daritiam,
651 2720 773 2820 inquit,
794 2719 1020 2793 cordisvestri
1036 2723 1188 2819 permisit
1204 2722 1295 2794 vobis
1311 2721 1406 2821 Moy-

289 2861 338 2908 ses
369 2835 448 2908 dare
482 2836 603 2907 libram
627 2833 775 2933 repudii,
810 2848 840 2906 et
871 2833 1031 2907 diruittere
1056 2861 1198 2908 aceres:
1232 2837 1274 2908 ab
1310 2838 1405 2909 initio

289 2977 352 3022 nen
377 2952 443 3048 fait
467 2953 526 3022 sie.
555 2952 691 3048 Moyses
719 2950 888 3048 permisit,
913 2949 1041 3050 inquit,
1072 2978 1139 3025 nen
1166 2953 1255 3025 Deus
1280 2952 1401 3027 iussit:

291 3064 334 3137 ab
352 3064 448 3137 initio
465 3079 575 3137 autem
593 3064 654 3136 Dei
679 3063 734 3136 lex
761 3080 827 3138 est.
856 3065 951 3151 Quae
976 3081 1029 3139 est
1049 3065 1101 3139 lex
1127 3065 1215 3137 Dei?
1237 3066 1406 3164 delinquet

292 3181 382 3252 licam
418 3194 547 3278 patrem
577 3194 607 3252 et
639 3196 800 3265 matrem,
834 3195 864 3253 et
898 3181 1088 3254 adhaerebit
1124 3184 1224 3254 oneri
1245 3207 1342 3265 suae,
1377 3197 1408 3253 et

291 3311 384 3369 munt
401 3297 494 3369 ambo
517 3299 551 3367 in
575 3323 672 3368 earne
697 3323 774 3369 aaa.
810 3298 898 3394 Ergo
923 3297 982 3396 qui
1007 3297 1151 3369 dimittit
1171 3322 1307 3371 uxorem
1333 3323 1407 3370 car·

293 3437 367 3485 nem
393 3436 489 3484 suam
524 3409 671 3497 scindit,
700 3409 824 3484 dividit
849 3437 1018 3510 corpus...
1045 3412 1169 3484 Tamen
1197 3411 1278 3511 quia
1302 3437 1406 3511 supra

293 3527 468 3627 pmposuit
491 3551 629 3623 regnum
653 3527 712 3600 Dei
740 3526 992 3624 evangelizare,
1024 3542 1160 3599 etcum
1190 3525 1333 3599 dixisset
1362 3525 1405 3598 de

292 3641 364 3738 lege
389 3667 492 3714 unum
516 3642 645 3741 apioam
663 3666 730 3714 non
753 3666 854 3740 posse
868 3639 1006 3727 cadere,
1021 3639 1185 3714 subiecit:
1217 3641 1330 3713 Omnis
1347 3643 1407 3739 qui

292 3756 428 3828 dimittit
451 3783 586 3829 amorem
611 3783 720 3841 auam,
742 3772 773 3829 et
791 3756 881 3829 duait
905 3756 1056 3839 alteram,
1086 3756 1270 3828 moechatur
1290 3756 1404 3850 (112).

293 3871 392 3944 Recte
409 3870 566 3945 admonet
578 3872 759 3970 Apostolus
776 3872 906 3947 dicens:
928 3875 1173 3946 Sacramentum
1185 3872 1241 3945 iac
1252 3897 1408 3971 magnam

294 4011 359 4059 esse
384 3986 424 4058 de
446 3987 575 4059 Christo
600 4002 630 4058 et
653 3988 788 4060 ecclesia
807 3990 947 4083 (113).»

366 4127 432 4190 (ιιι)
450 4131 484 4179 Ex
496 4129 534 4179 his
552 4129 673 4180 Ambrosii
689 4130 770 4180 verbis
787 4129 940 4192 illustratur,
952 4128 1018 4193 quod
1040 4128 1151 4193 superius
1171 4128 1402 4191 animadvertimus,

295 4208 320 4258 iu
342 4208 474 4272 Evangelio
492 4210 573 4259 Lucae
592 4209 655 4259 haue
671 4208 816 4259 senteutiam
827 4221 884 4259 cum
895 4208 1095 4273 praecedentibus
1109 4221 1173 4275 quse
1189 4207 1310 4258 habeatur
1325 4206 1407 4258 verbis

293 4287 384 4338 chasil
403 4287 501 4336 Domini
519 4287 642 4337 connecti.

369 4366 434 4431 (rra)
450 4369 495 4430 op.
509 4366 548 4417 eu.
561 4369 638 4417 maur.
649 4370 709 4418 tom.
719 4370 738 4418 1.
751 4367 799 4417 eol.
812 4371 950 4420 ittarta.
970 4349 985 4419 a
1001 4382 1025 4419 u.
1039 4376 1062 4420 a.
1072 4368 1135 4419 aaa.
