3234 5084
295 493 784 551 memoratissimum.
802 494 914 548 mures.
933 496 1028 549 ιιιιι.
1049 499 1123 550 ιιι.
1144 498 1179 551 ιι.
1235 478 1304 550 ott

271 618 401 691 Pariter
423 614 603 691 concilium
633 613 835 689 triburiense
864 616 900 687 in
930 615 1108 690 Germania
1131 643 1189 691 aa.
1215 618 1303 690 895,

186 730 357 820 habitum,
382 755 458 805 cun.
474 730 582 802 xtvl.
611 727 780 803 decrevit:
817 729 1008 819 «Mantus,
1036 731 1200 831 quamdiu
1230 733 1307 833 ipsa

190 847 384 946 (adultera)
413 846 515 935 visit,
546 843 639 919 nullo
664 845 764 919 modo
789 844 930 919 alteram
955 844 1056 921 ducat
1076 850 1190 945 (212).

259 963 387 1037 liudem
399 960 582 1035 constituta
595 959 751 1058 leguntur
763 960 798 1031 in
812 960 959 1059 capitulo
972 963 1154 1035 lxxxvii.
1166 962 1303 1036 libriVI.

186 1076 391 1179 Capitularis
416 1074 527 1149 Caroli
552 1075 597 1147 ll.
619 1091 654 1148 et
677 1074 836 1149 ludovici
855 1076 922 1164 Pii,
950 1076 1008 1150 ubi
1035 1101 1143 1152 onnon
1161 1078 1203 1151 x.
1229 1104 1310 1153 eon-

186 1193 257 1269 cilii
270 1191 538 1266 herulordiensis
552 1190 714 1290 repetitur
726 1193 839 1288 (213).
857 1192 896 1263 ln
909 1191 1058 1292 capitulo
1071 1210 1181 1267 autem
1195 1193 1304 1267 CXCl.
1399 1263 1402 1269 ,
1492 1230 1496 1238 ·

187 1308 342 1385 eiusdem
366 1307 443 1380 libri
467 1306 700 1382 constituitur:
724 1306 936 1381 «Adnuntiet
959 1310 1196 1411 unusquisque
1213 1337 1306 1411 pres·

187 1426 381 1526 byterorum
406 1423 540 1524 publice
558 1423 648 1525 plebi
673 1421 717 1497 ab
743 1423 881 1498 inlicitis
908 1423 1088 1499 connubiis
1115 1424 1305 1514 abstinere,

186 1555 223 1614 et
238 1538 422 1614 seeundum
439 1538 572 1614 bomini
589 1538 805 1628 mandatum,
826 1538 1011 1637 legitimum
1028 1540 1223 1638 coniugium
1249 1568 1307 1614 ne-

188 1681 360 1757 quaquam
374 1679 475 1755 posse
496 1653 567 1728 ulla
587 1654 765 1730 occasione
783 1655 934 1755 separari
947 1714 955 1744 ,
970 1670 1108 1758 exceptu
1125 1682 1229 1731 causa
1242 1657 1309 1731 lor-

190 1771 386 1859 nicationie‚
412 1769 479 1843 nisi
498 1795 666 1845 consensu
685 1770 880 1860 amborum,
901 1784 934 1844 et
958 1771 1023 1845 boo
1044 1787 1181 1872 proptor
1205 1773 1311 1845 servi-

191 1901 293 1961 tutem
319 1885 380 1959 liei
402 1887 563 1982 (214)‚o
590 1883 715 1986 quibus
741 1884 883 1960 firmitas
908 1885 1102 1960 omnimoda
1122 1885 1310 1984 coniugalis

186 2001 312 2078 vinculi
338 2001 547 2089 adstruitur3
576 2000 746 2101 siquidem
771 2001 940 2100 separatio
970 2002 1175 2103 permittitur
1207 2026 1310 2077 causa

187 2117 419 2193 fomicotiotlis
443 2116 561 2193 cadam
586 2116 732 2205 ratione,
752 2143 822 2216 qun
839 2132 955 2192 mutuo
972 2118 1175 2218 permittitur
1198 2118 1310 2192 ambo

188 2261 262 2308 rum
288 2259 456 2310 consensu
479 2234 613 2335 pietatis
638 2259 761 2323 cansa;
787 2234 854 2308 iam
874 2259 954 2310 vero
979 2261 1040 2336 per
1057 2251 1210 2308 mutuum
1229 2260 1310 2309 oon-

187 2376 328 2425 sensum
353 2351 501 2451 prolecto
525 2351 697 2425 uneulum
723 2376 791 2424 non
817 2348 1006 2439 dirimitur,
1026 2348 1179 2450 adeoque
1201 2377 1310 2452 neque

189 2481 324 2567 propter
347 2465 577 2541 fornicationis
604 2491 754 2539 causam.

261 2582 317 2657 Sic
338 2583 437 2656 etiam
456 2582 517 2655 lib.
537 2582 608 2654 Vll.
630 2607 706 2682 cap.
728 2581 872 2653 lxxiii.
893 2581 1040 2655 dicitur:
1068 2580 1183 2669 «Qui,
1208 2581 1311 2654 inter-

187 2700 343 2774 veniente
366 2698 527 2800 repudio,
551 2697 619 2772 alio
644 2723 682 2771 se
698 2697 911 2771 matrimonio
932 2695 1149 2797 copularunt,
1170 2721 1256 2796 quos
1274 2697 1309 2768 in

190 2829 332 2914 utraque
356 2829 449 2914 parte
473 2814 644 2888 adulteros
662 2837 740 2885 esse
757 2810 974 2885 menifestum
992 2825 1055 2885 ost.
1078 2809 1144 2897 Qui
1160 2836 1240 2885 vero
1255 2810 1308 2884 uel

191 2952 294 3001 uxore
311 2929 461 3017 vivente,
485 2929 640 3030 quamvis
667 2926 887 3002 dissociatum
912 2927 1066 3002 videatur
1090 2953 1166 3001 esse
1191 2928 1310 3002 eoniu-

191 3043 303 3142 gium,
327 3043 371 3117 ad
391 3044 490 3118 uliam
511 3045 666 3145 copulam
684 3045 908 3133 festinarunt,
928 3071 990 3119 nec
1007 3060 1150 3146 possunt
1166 3043 1308 3118 adulteri

190 3185 258 3234 non
275 3158 401 3248 videri,
422 3160 457 3232 in
481 3176 609 3233 tantum
627 3177 665 3233 ut
681 3161 779 3234 etiam
798 3160 864 3234 bae
882 3186 1070 3260 personae,
1091 3160 1217 3260 quibus
1233 3185 1309 3233 oon·

190 3274 294 3349 iuncti
320 3290 417 3362 sunt,
446 3274 588 3349 adulteri
610 3301 687 3349 esse
711 3291 940 3350 monstrentur
960 3277 1110 3373 (215).»

262 3391 299 3464 ld
318 3390 431 3491 ipsum
449 3390 539 3491 apud
557 3416 695 3490 graccos
709 3392 802 3492 ipsos
817 3391 999 3492 aliquando
1012 3390 1200 3465 obtinuisse
1213 3389 1305 3464 baud

189 3507 331 3582 obscure
356 3506 514 3607 patelacit
533 3506 770 3582 documentum
788 3508 878 3608 quod
897 3506 1089 3608 suppeditat
1101 3506 1154 3580 ius
1167 3530 1305 3604 graeco·

877 3685 898 3718 0

265 3732 332 3796 (tit)
347 3731 418 3796 apud
436 3732 557 3784 llurdnin.
574 3733 642 3784 Acta
656 3730 750 3783 mncll.
762 3732 824 3782 tomi
835 3733 877 3782 Vl.
894 3744 948 3796 par.
959 3732 980 3782 l.
992 3729 1040 3781 col.
1053 3732 1108 3780 tot.

267 3814 333 3877 (tit)
349 3813 388 3864 ct.
403 3812 573 3879 capitularia
587 3824 681 3877 repom
693 3809 818 3874 francor.
830 3811 869 3862 ed.
884 3810 1002 3876 stephani
1017 3809 1118 3862 Bdnrll.
1131 3810 1210 3860 Paris
1225 3813 1292 3861 toll.

189 3892 250 3942 tom.
264 3893 283 3943 1.
298 3893 346 3943 col.
359 3899 415 3945 ott.

267 3972 333 4036 (ιιι)
350 3973 412 4024 itte.
427 3975 474 4026 eol.
489 3980 603 4027 eet-tet.

266 4053 332 4115 (tlt)
345 4053 410 4105 ibid.
423 4055 471 4108 col.
484 4060 551 4108 toli.
563 4058 617 4107 lioc
629 4056 711 4107 numm
721 4053 858 4118 capitulum
869 4054 1027 4118 desumptum
1040 4054 1078 4104 est
1089 4065 1119 4103 en
1129 4051 1273 4103 laocoontis
1282 4053 1303 4102 l.

186 4130 229 4182 cl,
250 4131 281 4181 de
297 4130 344 4183 bac
357 4134 529 4198 capitularium
543 4134 688 4186 collectione
702 4133 824 4186 eruditam
841 4133 1015 4197 praelationem
1026 4131 1142 4196 Stephani
1154 4130 1263 4193 Bdnzll,
1277 4131 1303 4181 in

184 4224 238 4276 qua
261 4212 314 4276 ipse
331 4213 443 4265 ostendit
460 4227 514 4266 eun
528 4215 630 4267 mulleri
650 4215 759 4267 maxima
774 4228 805 4267 er
824 4217 893 4279 parte
907 4227 938 4264 ex
954 4212 1058 4270 decretu
1078 4225 1140 4264 rom
1160 4210 1305 4276 pontificum

183 4293 213 4343 et
227 4291 390 4343 conciliorum
404 4293 457 4346 sive
472 4295 620 4359 gmemllum
635 4294 688 4347 sire
704 4295 900 4362 particularium.
918 4293 950 4344 lli
967 4292 1024 4344 libri
1035 4305 1139 4343 numero
1151 4293 1244 4356 septem
1255 4292 1306 4343 eol·

187 4371 246 4423 lecti
265 4374 292 4424 et
311 4372 372 4424 editi
393 4376 452 4425 runt
472 4374 504 4425 ab
525 4377 642 4440 imeglso
662 4376 751 4428 abbate
770 4388 812 4427 nn.
828 4379 883 4427 tv.
895 4374 942 4426 sub
961 4373 1065 4438 imperio
1077 4372 1197 4424 lodovici
1208 4374 1229 4424 l.
1241 4373 1305 4423 elue

184 4465 237 4516 que
256 4452 318 4518 iiiii,
331 4456 360 4505 ut
377 4456 476 4507 comui
491 4468 521 4506 ex
541 4457 693 4519 praelatione
710 4456 743 4507 ad
761 4456 855 4507 librum
867 4457 887 4507 1.
902 4454 966 4506 ibid.
979 4467 1034 4519 pag.
1047 4459 1102 4507 etl.
1158 4533 1179 4578 ἐκ
