3234 5084
232 418 235 426 ‘
333 401 401 474 tbi
475 422 537 473 nu.
554 418 602 472 ιιι.
619 418 705 471 sacr.
722 418 852 470 aarum.
873 418 914 471 os
935 416 1046 470 ntorss.
1067 414 1164 470 arra.
1181 414 1306 468 cnarsr.

405 538 439 611 3.
459 535 596 613 Constat
608 535 793 635 generatim
806 561 848 610 ex
859 534 936 609 aliis
951 533 1088 610 casibus
1101 532 1137 607 in
1150 533 1276 634 quibus
1289 533 1443 608 dictante

332 653 408 753 ipso
431 667 571 727 naturae
593 652 668 725 iure
700 650 861 750 coniuges
889 649 963 748 cogi
988 664 1158 751 nequeunt
1189 663 1227 723 ut
1250 648 1367 723 ecdem
1396 647 1445 720 ie-

332 782 404 854 cto,
424 792 541 840 mensa
553 769 710 867 victuque
722 783 869 841 utantur.
892 765 1018 865 Ecquis
1034 765 1124 837 enim
1138 763 1307 838 affirmare
1323 762 1446 837 audeat

332 883 436 956 teneri
455 883 630 980 coniugem
654 908 730 955 cum
747 908 787 955 eo
803 876 1043 968 consuescere,
1063 880 1122 980 qui
1139 878 1270 978 phthisi
1295 878 1442 967 laboret,

332 1023 420 1097 quae
444 998 498 1071 sin
519 997 633 1070 minus
649 997 844 1094 contagiosa
865 1010 983 1069 natura
1000 1021 1064 1067 sua
1081 989 1146 1081 sit,
1167 993 1284 1068 saltem
1302 995 1350 1067 uti
1368 992 1444 1066 talis

333 1112 623 1212 apprehenditur?
655 1139 733 1186 oum
757 1137 799 1185 eo
823 1110 882 1211 qui
907 1110 1066 1209 pestifera
1089 1109 1175 1182 febri
1200 1109 1246 1183 sit
1273 1123 1444 1208 correptus

333 1243 391 1300 aut
416 1227 481 1302 alic
505 1227 621 1301 morbo
645 1227 704 1329 qui
729 1225 829 1300 facile
852 1240 943 1298 tactu
966 1241 1068 1324 atque
1098 1223 1340 1299 consuetudine
1369 1249 1444 1298 cum

332 1358 468 1439 aegroto
488 1340 727 1416 contrahatur?
742 1343 831 1414 Sane
854 1341 1000 1440 quisque
1016 1362 1134 1414 cavera
1151 1338 1217 1411 sibi
1239 1337 1446 1438 proticibus

333 1472 462 1556 potest,
489 1457 696 1558 quandoque
719 1455 822 1530 etiam
847 1455 957 1529 debet.
991 1454 1066 1542 Qua
1091 1453 1127 1526 in
1153 1480 1190 1527 re
1217 1454 1394 1554 prudentia
1414 1470 1447 1527 et

334 1571 476 1646 consilio
501 1598 586 1672 opus
605 1587 675 1660 ast,
705 1570 843 1672 parochi
868 1585 900 1645 et
921 1568 1043 1644 medici
1063 1567 1210 1642 charitas
1229 1567 1442 1655 adhibenda,

334 1702 372 1761 ut
389 1713 451 1761 nec
468 1712 568 1785 aeger
584 1687 754 1787 pracsidio
770 1686 971 1761 destituatur
993 1699 1027 1759 et
1051 1701 1181 1784 pereat,
1210 1709 1271 1757 nec
1288 1709 1393 1757 sanus
1410 1683 1446 1756 in

335 1801 447 1876 tabem
459 1801 513 1875 vel
526 1801 629 1875 alium
643 1827 777 1899 gravem
794 1798 947 1874 morbum
965 1800 1122 1873 incurrat.
1141 1799 1179 1871 ln
1192 1798 1248 1873 his
1265 1824 1375 1872 rerum
1387 1798 1448 1872 ad-

335 1916 464 1991 iunctis
472 1917 640 2016 separatio
652 1944 674 1990 a
686 1932 778 2003 toro,
795 1941 816 1989 a
829 1914 998 1988 communi
1010 1939 1139 2001 mensa,
1155 1928 1189 1986 st
1201 1910 1447 1989 cohabitatione

335 2057 403 2106 non
419 2030 463 2106 ah
479 2030 640 2118 ecclesia,
657 2030 752 2105 seda
769 2047 888 2103 natura
909 2028 985 2128 ipsa
1001 2028 1220 2130 permittitur,
1241 2029 1446 2130 quandoque

333 2147 433 2220 etiam
458 2146 673 2246 praecipitur.
695 2145 787 2219 idem
813 2144 869 2219 dic
892 2144 936 2217 de
951 2143 1199 2218 cohabitatione
1216 2171 1292 2218 cum
1313 2161 1448 2219 amente

335 2286 377 2335 ac
388 2260 527 2349 furiose,
543 2261 688 2360 aliisque
700 2259 881 2333 eiusmodi.
897 2259 965 2333 Nec
978 2274 1088 2333 umen
1103 2276 1278 2360 propterea
1291 2259 1447 2334 facultate

336 2375 372 2448 hi
397 2376 557 2475 coniuges
583 2375 724 2477 praediti
751 2392 831 2450 sunt
853 2374 946 2448 aliud
968 2372 1157 2448 celebrandi
1182 2375 1442 2449 matrimonium.

411 2494 445 2567 d.
473 2490 611 2566 Constat
626 2517 666 2564 ex
684 2490 727 2565 iis
745 2488 922 2577 omuibus,
942 2490 1002 2590 qui
1027 2488 1086 2562 diu
1112 2516 1174 2563 seu
1190 2489 1234 2563 ad
1252 2489 1366 2590 plures
1387 2517 1448 2564 an-

336 2633 399 2683 nos
425 2607 477 2683 vei
502 2607 714 2697 commercii,
732 2605 786 2682 sci
811 2606 860 2680 rei
881 2604 1037 2679 militaris
1050 2663 1058 2694 ,
1071 2605 1187 2694 exibi,
1208 2604 1447 2707 deportationis

336 2749 440 2799 causa
458 2722 574 2823 procui
592 2722 712 2798 abessa
728 2723 772 2797 ab
789 2721 894 2797 altero
913 2721 1054 2820 coniuge
1071 2736 1245 2820 coguntur.
1270 2721 1312 2793 Hi
1329 2746 1449 2795 omnes

337 2838 400 2913 etsi
426 2838 561 2913 vinculo
587 2838 755 2936 coniugali
781 2837 899 2935 illigati
923 2852 1155 2937 perseverent,
1179 2837 1217 2909 in
1234 2837 1376 2912 divertio
1398 2854 1449 2912 ta·

337 2977 414 3024 men
446 2952 558 3051 quoad
591 2968 700 3026 torum
728 2950 919 3052 victumque
947 2950 1031 3025 dura
1061 2951 1270 3025 necessitatis
1294 2949 1368 3049 lege
1401 2968 1450 3027 to-

337 3082 470 3141 nentur.

410 3182 495 3257 Cum
519 3184 621 3282 igitur
642 3184 686 3263 ob
710 3185 872 3287 plurimos
890 3186 924 3257 in
951 3184 1067 3259 sociali
1088 3184 1157 3259 vita
1176 3210 1286 3258 rerum
1310 3198 1449 3258 eventus

337 3299 496 3398 coniuges
522 3298 629 3376 dividi
658 3298 801 3375 invicem
826 3300 970 3375 debeant
990 3315 1236 3400 coganturquo,
1265 3299 1347 3399 quin
1372 3324 1451 3398 pro·

242 3476 244 3478 a
337 3429 453 3514 pterea
478 3416 636 3515 coniuges
663 3443 738 3492 esse
762 3416 935 3504 desinant;
964 3442 1039 3490 cum
1065 3415 1260 3490 huiusmodi
1282 3414 1451 3515 separatio

337 3555 378 3603 en
396 3530 472 3629 ipsa
488 3557 599 3604 rerum
616 3545 855 3630 naturasaque
867 3530 1057 3604 necessario
1069 3524 1236 3619 dimanet,
1253 3554 1293 3602 ac
1310 3528 1452 3629 proinde

338 3643 383 3719 sit
405 3643 552 3719 locorum
573 3645 720 3718 omnium
745 3661 778 3717 et
801 3660 1008 3744 temporum,
1043 3643 1211 3745 quomodo
1236 3645 1310 3718 sine
1334 3660 1452 3743 aperta

338 3757 485 3834 tusiaco
508 3785 592 3834 coca
617 3773 727 3859 potest
746 3758 813 3831 dici
830 3757 1006 3847 doctrina,
1031 3785 1099 3859 qua
1119 3759 1328 3848 decernitur,
1349 3784 1452 3858 posse

337 3873 381 3947 ob
407 3873 529 3981 multas
554 3897 674 3948 causas
699 3871 944 3972 separationem
970 3873 1057 3947 inter
1079 3873 1239 3971 coniuges
1263 3873 1375 3973 quoad
1401 3888 1453 3948 to-

337 4019 412 4066 rum
429 4019 490 4069 seu
507 3992 618 4095 quoad
635 3993 915 4070 cohabitationem
934 3996 969 4068 in
986 4010 1113 4070 certum
1130 3994 1359 4091 incertumque
1372 4005 1453 4064 tem·

338 4135 404 4209 pus
437 4110 508 4185 fieri
539 4125 694 4184 manente
718 4109 869 4200 uinculo,
902 4090 1002 4212 piout
1029 4108 1208 4185 concilium
1234 4105 1451 4180 tridentinum

338 4225 938 4302 can.v111.dsfinivitthutenim
971 4227 1055 4301 haec
1085 4223 1214 4301 admitti
1243 4222 1360 4308 debat,
1394 4236 1454 4295 aut

337 4340 513 4415 venissen
539 4340 679 4416 facultas
698 4340 989 4416 indiscriminatim
1007 4337 1120 4417 danda
1136 4355 1189 4415 est
1209 4334 1362 4414 solvendi
1377 4334 1453 4410 vin·
