<?xml version="1.0" encoding="UTF-8"?>
<!DOCTYPE html PUBLIC "-//W3C//DTD XHTML 1.0 Transitional//EN"
    "http://www.w3.org/TR/xhtml1/DTD/xhtml1-transitional.dtd">
<html xmlns="http://www.w3.org/1999/xhtml" xml:lang="en" lang="en">
 <head>
  <title>
</title>
<meta http-equiv="Content-Type" content="text/html;charset=utf-8" />
  <meta name='ocr-system' content='tesseract 3.04.00' />
  <meta name='ocr-capabilities' content='ocr_page ocr_carea ocr_par ocr_line ocrx_word'/>
</head>
<body>
  <div class='ocr_page' id='page_1' title='image "./dematrimoniochr03perrgoog_0405.png"; bbox 0 0 3234 5084; ppageno 0'>
   <div class='ocr_carea' id='block_1_1' title="bbox 307 422 1293 497">
    <p class='ocr_par' dir='ltr' id='par_1_1' title="bbox 307 422 1293 497">
     <span class='ocr_line' id='line_1_1' title="bbox 307 422 1293 497; baseline -0.005 0"><span class='ocrx_word' id='word_1_1' title='bbox 307 445 375 497; x_wconf 78' lang='lat' dir='ltr'>aar.</span> <span class='ocrx_word' id='word_1_2' title='bbox 393 440 618 495; x_wconf 77' lang='lat' dir='ltr'>rumorum.</span> <span class='ocrx_word' id='word_1_3' title='bbox 635 439 1023 494; x_wconf 66' lang='lat' dir='ltr'>insimularentur.</span> <span class='ocrx_word' id='word_1_4' title='bbox 1042 441 1113 491; x_wconf 76' lang='lat' dir='ltr'>aar.</span> <span class='ocrx_word' id='word_1_5' title='bbox 1126 444 1148 492; x_wconf 87' lang='lat' dir='ltr'>r.</span> <span class='ocrx_word' id='word_1_6' title='bbox 1225 422 1293 492; x_wconf 76' lang='lat' dir='ltr'>toa</span> 
     </span>
    </p>
   </div>
   <div class='ocr_carea' id='block_1_2' title="bbox 166 560 1295 3541">
    <p class='ocr_par' dir='ltr' id='par_1_2' title="bbox 177 560 1295 1238">
     <span class='ocr_line' id='line_1_2' title="bbox 177 560 1295 660; baseline -0.001 -23"><span class='ocrx_word' id='word_1_7' title='bbox 177 565 287 638; x_wconf 89' lang='lat' dir='ltr'>dehet.</span> <span class='ocrx_word' id='word_1_8' title='bbox 309 562 456 636; x_wconf 84' lang='lat' dir='ltr'>Tertium</span> <span class='ocrx_word' id='word_1_9' title='bbox 474 560 728 635; x_wconf 78' lang='lat' dir='ltr'>indivisibilitas</span> <span class='ocrx_word' id='word_1_10' title='bbox 742 560 962 648; x_wconf 81' lang='lat' dir='ltr'>matrimonii,</span> <span class='ocrx_word' id='word_1_11' title='bbox 980 576 1113 660; x_wconf 89' lang='lat' dir='ltr'>pmpter</span> <span class='ocrx_word' id='word_1_12' title='bbox 1127 561 1191 634; x_wconf 90' lang='lat' dir='ltr'>hoc</span> <span class='ocrx_word' id='word_1_13' title='bbox 1203 562 1295 660; x_wconf 94' lang='lat' dir='ltr'>quod</span> 
     </span>
     <span class='ocr_line' id='line_1_3' title="bbox 178 675 1289 776; baseline -0.005 -22"><span class='ocrx_word' id='word_1_14' title='bbox 178 679 346 776; x_wconf 79' lang='lat' dir='ltr'>significat</span> <span class='ocrx_word' id='word_1_15' title='bbox 369 675 608 751; x_wconf 80' lang='lat' dir='ltr'>indivisibilem</span> <span class='ocrx_word' id='word_1_16' title='bbox 626 676 891 749; x_wconf 89' lang='lat' dir='ltr'>coniunctionem</span> <span class='ocrx_word' id='word_1_17' title='bbox 910 675 1035 748; x_wconf 80' lang='lat' dir='ltr'>Christi</span> <span class='ocrx_word' id='word_1_18' title='bbox 1058 692 1091 748; x_wconf 90' lang='lat' dir='ltr'>et</span> <span class='ocrx_word' id='word_1_19' title='bbox 1112 675 1289 750; x_wconf 83' lang='lat' dir='ltr'>ccclesiae.</span> 
     </span>
     <span class='ocr_line' id='line_1_4' title="bbox 178 789 1293 891; baseline -0.001 -25"><span class='ocrx_word' id='word_1_20' title='bbox 178 793 339 881; x_wconf 84' lang='lat' dir='ltr'>Quamvis</span> <span class='ocrx_word' id='word_1_21' title='bbox 364 807 475 867; x_wconf 87' lang='lat' dir='ltr'>autem</span> <span class='ocrx_word' id='word_1_22' title='bbox 501 817 541 863; x_wconf 87' lang='lat' dir='ltr'>ex</span> <span class='ocrx_word' id='word_1_23' title='bbox 566 816 669 863; x_wconf 89' lang='lat' dir='ltr'>causa</span> <span class='ocrx_word' id='word_1_24' title='bbox 696 789 924 864; x_wconf 74' lang='lat' dir='ltr'>fornicationis</span> <span class='ocrx_word' id='word_1_25' title='bbox 946 789 1044 863; x_wconf 88' lang='lat' dir='ltr'>liceat</span> <span class='ocrx_word' id='word_1_26' title='bbox 1067 790 1130 863; x_wconf 92' lang='lat' dir='ltr'>tori</span> <span class='ocrx_word' id='word_1_27' title='bbox 1157 816 1293 891; x_wconf 86' lang='lat' dir='ltr'>separa-</span> 
     </span>
     <span class='ocr_line' id='line_1_5' title="bbox 178 904 1294 989; baseline -0.004 -6"><span class='ocrx_word' id='word_1_28' title='bbox 178 910 300 983; x_wconf 80' lang='lat' dir='ltr'>tionem</span> <span class='ocrx_word' id='word_1_29' title='bbox 326 906 450 989; x_wconf 87' lang='lat' dir='ltr'>lacere‚</span> <span class='ocrx_word' id='word_1_30' title='bbox 474 931 539 978; x_wconf 93' lang='lat' dir='ltr'>non</span> <span class='ocrx_word' id='word_1_31' title='bbox 565 921 675 979; x_wconf 91' lang='lat' dir='ltr'>tamen</span> <span class='ocrx_word' id='word_1_32' title='bbox 700 904 792 977; x_wconf 90' lang='lat' dir='ltr'>aliud</span> <span class='ocrx_word' id='word_1_33' title='bbox 818 904 1068 978; x_wconf 81' lang='lat' dir='ltr'>matrimonium</span> <span class='ocrx_word' id='word_1_34' title='bbox 1097 905 1294 980; x_wconf 78' lang='lat' dir='ltr'>contrahere</span> 
     </span>
     <span class='ocr_line' id='line_1_6' title="bbox 177 1019 1293 1121; baseline -0.004 -24"><span class='ocrx_word' id='word_1_35' title='bbox 177 1026 228 1100; x_wconf 88' lang='lat' dir='ltr'>las</span> <span class='ocrx_word' id='word_1_36' title='bbox 244 1039 316 1107; x_wconf 85' lang='lat' dir='ltr'>est,</span> <span class='ocrx_word' id='word_1_37' title='bbox 342 1048 419 1096; x_wconf 88' lang='lat' dir='ltr'>cum</span> <span class='ocrx_word' id='word_1_38' title='bbox 442 1021 642 1096; x_wconf 83' lang='lat' dir='ltr'>matrimonii</span> <span class='ocrx_word' id='word_1_39' title='bbox 661 1020 830 1094; x_wconf 90' lang='lat' dir='ltr'>vinculum</span> <span class='ocrx_word' id='word_1_40' title='bbox 857 1019 1004 1117; x_wconf 82' lang='lat' dir='ltr'>legitima</span> <span class='ocrx_word' id='word_1_41' title='bbox 1029 1022 1190 1095; x_wconf 87' lang='lat' dir='ltr'>contracti</span> <span class='ocrx_word' id='word_1_42' title='bbox 1217 1049 1293 1121; x_wconf 85' lang='lat' dir='ltr'>per-</span> 
     </span>
     <span class='ocr_line' id='line_1_7' title="bbox 177 1136 538 1238; baseline -0.017 -26"><span class='ocrx_word' id='word_1_43' title='bbox 177 1155 315 1238; x_wconf 89' lang='lat' dir='ltr'>petuum</span> <span class='ocrx_word' id='word_1_44' title='bbox 341 1136 387 1210; x_wconf 91' lang='lat' dir='ltr'>sit</span> <span class='ocrx_word' id='word_1_45' title='bbox 414 1138 538 1231; x_wconf 71' lang='grc'>(25).»</span> 
     </span>
    </p>

    <p class='ocr_par' dir='ltr' id='par_1_3' title="bbox 166 1250 1290 3307">
     <span class='ocr_line' id='line_1_8' title="bbox 250 1250 1287 1352; baseline 0.001 -28"><span class='ocrx_word' id='word_1_46' title='bbox 250 1253 334 1326; x_wconf 89' lang='lat' dir='ltr'>ltem</span> <span class='ocrx_word' id='word_1_47' title='bbox 360 1250 514 1325; x_wconf 84' lang='lat' dir='ltr'>Clemens</span> <span class='ocrx_word' id='word_1_48' title='bbox 538 1251 624 1323; x_wconf 87' lang='lat' dir='ltr'>Vlll.</span> <span class='ocrx_word' id='word_1_49' title='bbox 655 1252 690 1324; x_wconf 90' lang='lat' dir='ltr'>in</span> <span class='ocrx_word' id='word_1_50' title='bbox 717 1254 936 1328; x_wconf 90' lang='lat' dir='ltr'>instructione</span> <span class='ocrx_word' id='word_1_51' title='bbox 962 1279 1020 1352; x_wconf 88' lang='lat' dir='ltr'>pro</span> <span class='ocrx_word' id='word_1_52' title='bbox 1042 1253 1287 1351; x_wconf 81' lang='lat' dir='ltr'>italo-graecis,</span> 
     </span>
     <span class='ocr_line' id='line_1_9' title="bbox 176 1365 1286 1468; baseline 0.002 -28"><span class='ocrx_word' id='word_1_53' title='bbox 176 1367 359 1442; x_wconf 90' lang='lat' dir='ltr'>declaravit</span> <span class='ocrx_word' id='word_1_54' title='bbox 375 1366 505 1464; x_wconf 81' lang='lat' dir='ltr'>graecis</span> <span class='ocrx_word' id='word_1_55' title='bbox 522 1365 659 1466; x_wconf 90' lang='lat' dir='ltr'>quidem</span> <span class='ocrx_word' id='word_1_56' title='bbox 677 1369 920 1468; x_wconf 85' lang='lat' dir='ltr'>separationem</span> <span class='ocrx_word' id='word_1_57' title='bbox 939 1394 959 1441; x_wconf 91' lang='lat' dir='ltr'>a</span> <span class='ocrx_word' id='word_1_58' title='bbox 976 1383 1048 1442; x_wconf 92' lang='lat' dir='ltr'>toro</span> <span class='ocrx_word' id='word_1_59' title='bbox 1060 1367 1186 1442; x_wconf 89' lang='lat' dir='ltr'>licitam</span> <span class='ocrx_word' id='word_1_60' title='bbox 1198 1394 1286 1455; x_wconf 88' lang='lat' dir='ltr'>asso,</span> 
     </span>
     <span class='ocr_line' id='line_1_10' title="bbox 177 1482 1290 1582; baseline -0.001 -25"><span class='ocrx_word' id='word_1_61' title='bbox 177 1483 318 1558; x_wconf 88' lang='lat' dir='ltr'>alterum</span> <span class='ocrx_word' id='word_1_62' title='bbox 332 1500 440 1556; x_wconf 90' lang='lat' dir='ltr'>tamen</span> <span class='ocrx_word' id='word_1_63' title='bbox 455 1540 463 1570; x_wconf 93' lang='lat'>,</span> <span class='ocrx_word' id='word_1_64' title='bbox 479 1483 610 1556; x_wconf 90' lang='lat' dir='ltr'>vivente</span> <span class='ocrx_word' id='word_1_65' title='bbox 622 1498 716 1582; x_wconf 90' lang='lat' dir='ltr'>parte</span> <span class='ocrx_word' id='word_1_66' title='bbox 728 1482 813 1570; x_wconf 91' lang='lat' dir='ltr'>alia,</span> <span class='ocrx_word' id='word_1_67' title='bbox 834 1484 1081 1561; x_wconf 87' lang='lat' dir='ltr'>matrimonium</span> <span class='ocrx_word' id='word_1_68' title='bbox 1094 1483 1290 1558; x_wconf 84' lang='lat' dir='ltr'>contrahere</span> 
     </span>
     <span class='ocr_line' id='line_1_11' title="bbox 175 1596 1286 1697; baseline 0.001 -26"><span class='ocrx_word' id='word_1_69' title='bbox 175 1596 267 1671; x_wconf 91' lang='lat' dir='ltr'>nullo</span> <span class='ocrx_word' id='word_1_70' title='bbox 281 1598 315 1670; x_wconf 91' lang='lat' dir='ltr'>in</span> <span class='ocrx_word' id='word_1_71' title='bbox 326 1624 408 1672; x_wconf 85' lang='lat' dir='ltr'>casu</span> <span class='ocrx_word' id='word_1_72' title='bbox 420 1598 585 1696; x_wconf 73' lang='lat' dir='ltr'>integrum</span> <span class='ocrx_word' id='word_1_73' title='bbox 597 1625 673 1674; x_wconf 88' lang='lat' dir='ltr'>esse</span> <span class='ocrx_word' id='word_1_74' title='bbox 689 1601 778 1695; x_wconf 74' lang='lat'><strong>(26).</strong></span> <span class='ocrx_word' id='word_1_75' title='bbox 796 1599 952 1673; x_wconf 87' lang='lat' dir='ltr'>Urbanus</span> <span class='ocrx_word' id='word_1_76' title='bbox 964 1600 1050 1686; x_wconf 86' lang='lat' dir='ltr'>Vlll,</span> <span class='ocrx_word' id='word_1_77' title='bbox 1068 1599 1103 1670; x_wconf 92' lang='lat' dir='ltr'>in</span> <span class='ocrx_word' id='word_1_78' title='bbox 1118 1597 1197 1671; x_wconf 88' lang='lat' dir='ltr'>fidei</span> <span class='ocrx_word' id='word_1_79' title='bbox 1212 1624 1286 1697; x_wconf 78' lang='lat' dir='ltr'>pro</span> 
     </span>
     <span class='ocr_line' id='line_1_12' title="bbox 178 1711 1289 1815; baseline 0.004 -32"><span class='ocrx_word' id='word_1_80' title='bbox 178 1711 323 1787; x_wconf 84' lang='lat' dir='ltr'>laesione</span> <span class='ocrx_word' id='word_1_81' title='bbox 343 1714 526 1789; x_wconf 90' lang='lat' dir='ltr'>emittenda</span> <span class='ocrx_word' id='word_1_82' title='bbox 542 1714 585 1787; x_wconf 89' lang='lat' dir='ltr'>ab</span> <span class='ocrx_word' id='word_1_83' title='bbox 602 1715 665 1802; x_wconf 88' lang='lat' dir='ltr'>iis,</span> <span class='ocrx_word' id='word_1_84' title='bbox 686 1715 745 1815; x_wconf 89' lang='lat' dir='ltr'>qui</span> <span class='ocrx_word' id='word_1_85' title='bbox 763 1740 782 1787; x_wconf 91' lang='lat' dir='ltr'>e</span> <span class='ocrx_word' id='word_1_86' title='bbox 799 1714 980 1788; x_wconf 88' lang='lat' dir='ltr'>schismate</span> <span class='ocrx_word' id='word_1_87' title='bbox 1001 1712 1124 1787; x_wconf 90' lang='lat' dir='ltr'>vellent</span> <span class='ocrx_word' id='word_1_88' title='bbox 1140 1714 1175 1784; x_wconf 90' lang='lat' dir='ltr'>in</span> <span class='ocrx_word' id='word_1_89' title='bbox 1191 1714 1289 1787; x_wconf 91' lang='lat' dir='ltr'>unio·</span> 
     </span>
     <span class='ocr_line' id='line_1_13' title="bbox 176 1826 1289 1929; baseline 0.001 -29"><span class='ocrx_word' id='word_1_90' title='bbox 176 1854 251 1901; x_wconf 91' lang='lat' dir='ltr'>nem</span> <span class='ocrx_word' id='word_1_91' title='bbox 276 1826 440 1905; x_wconf 90' lang='lat' dir='ltr'>ecclesiae</span> <span class='ocrx_word' id='word_1_92' title='bbox 464 1829 649 1905; x_wconf 84' lang='lat' dir='ltr'>catholicae</span> <span class='ocrx_word' id='word_1_93' title='bbox 673 1830 782 1905; x_wconf 85' lang='lat' dir='ltr'>redire</span> <span class='ocrx_word' id='word_1_94' title='bbox 808 1830 896 1905; x_wconf 91' lang='lat' dir='ltr'>hanc</span> <span class='ocrx_word' id='word_1_95' title='bbox 921 1829 1096 1904; x_wconf 79' lang='lat' dir='ltr'>formulam</span> <span class='ocrx_word' id='word_1_96' title='bbox 1129 1830 1289 1929; x_wconf 87' lang='lat' dir='ltr'>praescri-</span> 
     </span>
     <span class='ocr_line' id='line_1_14' title="bbox 173 1943 1288 2042; baseline -0.001 -25"><span class='ocrx_word' id='word_1_97' title='bbox 173 1944 266 2042; x_wconf 84' lang='lat' dir='ltr'>psit:</span> <span class='ocrx_word' id='word_1_98' title='bbox 298 1945 410 2019; x_wconf 78' lang='lat' dir='ltr'>«ltem</span> <span class='ocrx_word' id='word_1_99' title='bbox 427 1948 628 2020; x_wconf 88' lang='lat' dir='ltr'>sacramenti</span> <span class='ocrx_word' id='word_1_100' title='bbox 645 1946 847 2021; x_wconf 81' lang='lat' dir='ltr'>matrimonii</span> <span class='ocrx_word' id='word_1_101' title='bbox 865 1944 1035 2019; x_wconf 90' lang='lat' dir='ltr'>vinculum</span> <span class='ocrx_word' id='word_1_102' title='bbox 1054 1943 1288 2019; x_wconf 81' lang='lat' dir='ltr'>indissolubile</span> 
     </span>
     <span class='ocr_line' id='line_1_15' title="bbox 172 2058 1287 2163; baseline -0.004 -29"><span class='ocrx_word' id='word_1_103' title='bbox 172 2085 268 2147; x_wconf 87' lang='lat' dir='ltr'>esso,</span> <span class='ocrx_word' id='word_1_104' title='bbox 295 2076 330 2135; x_wconf 92' lang='lat' dir='ltr'>et</span> <span class='ocrx_word' id='word_1_105' title='bbox 353 2060 508 2160; x_wconf 88' lang='lat' dir='ltr'>quamvis</span> <span class='ocrx_word' id='word_1_106' title='bbox 530 2077 666 2163; x_wconf 87' lang='lat' dir='ltr'>pmpter</span> <span class='ocrx_word' id='word_1_107' title='bbox 682 2061 902 2150; x_wconf 88' lang='lat' dir='ltr'>adulterium,</span> <span class='ocrx_word' id='word_1_108' title='bbox 922 2060 1107 2145; x_wconf 85' lang='lat' dir='ltr'>haeresim,</span> <span class='ocrx_word' id='word_1_109' title='bbox 1128 2075 1186 2132; x_wconf 91' lang='lat' dir='ltr'>aut</span> <span class='ocrx_word' id='word_1_110' title='bbox 1202 2058 1287 2131; x_wconf 89' lang='lat' dir='ltr'>alias</span> 
     </span>
     <span class='ocr_line' id='line_1_16' title="bbox 171 2175 1286 2274; baseline -0.001 -26"><span class='ocrx_word' id='word_1_111' title='bbox 171 2200 294 2248; x_wconf 86' lang='lat' dir='ltr'>causas</span> <span class='ocrx_word' id='word_1_112' title='bbox 320 2175 427 2273; x_wconf 90' lang='lat' dir='ltr'>possit</span> <span class='ocrx_word' id='word_1_113' title='bbox 455 2175 541 2249; x_wconf 88' lang='lat' dir='ltr'>inter</span> <span class='ocrx_word' id='word_1_114' title='bbox 570 2177 729 2274; x_wconf 82' lang='lat' dir='ltr'>coniuges</span> <span class='ocrx_word' id='word_1_115' title='bbox 756 2178 818 2251; x_wconf 93' lang='lat' dir='ltr'>tori</span> <span class='ocrx_word' id='word_1_116' title='bbox 844 2193 877 2251; x_wconf 88' lang='lat' dir='ltr'>et</span> <span class='ocrx_word' id='word_1_117' title='bbox 905 2175 1162 2251; x_wconf 87' lang='lat' dir='ltr'>cohabitationis</span> <span class='ocrx_word' id='word_1_118' title='bbox 1188 2200 1286 2273; x_wconf 87' lang='lat' dir='ltr'>sepa-</span> 
     </span>
     <span class='ocr_line' id='line_1_17' title="bbox 173 2288 1286 2377; baseline 0 -16"><span class='ocrx_word' id='word_1_119' title='bbox 173 2289 257 2362; x_wconf 87' lang='lat' dir='ltr'>ratio</span> <span class='ocrx_word' id='word_1_120' title='bbox 283 2288 377 2377; x_wconf 87' lang='lat' dir='ltr'>lieri,</span> <span class='ocrx_word' id='word_1_121' title='bbox 406 2315 471 2365; x_wconf 92' lang='lat' dir='ltr'>non</span> <span class='ocrx_word' id='word_1_122' title='bbox 499 2306 609 2365; x_wconf 63' lang='lat' dir='ltr'>amen</span> <span class='ocrx_word' id='word_1_123' title='bbox 627 2291 696 2365; x_wconf 89' lang='lat' dir='ltr'>illis</span> <span class='ocrx_word' id='word_1_124' title='bbox 713 2291 805 2365; x_wconf 91' lang='lat' dir='ltr'>aliud</span> <span class='ocrx_word' id='word_1_125' title='bbox 823 2292 1071 2366; x_wconf 87' lang='lat' dir='ltr'>matrimonium</span> <span class='ocrx_word' id='word_1_126' title='bbox 1089 2289 1286 2365; x_wconf 87' lang='lat' dir='ltr'>contrahere</span> 
     </span>
     <span class='ocr_line' id='line_1_18' title="bbox 172 2401 1286 2506; baseline -0.001 -31"><span class='ocrx_word' id='word_1_127' title='bbox 172 2401 225 2477; x_wconf 84' lang='lat' dir='ltr'>las</span> <span class='ocrx_word' id='word_1_128' title='bbox 250 2428 326 2478; x_wconf 86' lang='lat' dir='ltr'>esse</span> <span class='ocrx_word' id='word_1_129' title='bbox 346 2406 472 2500; x_wconf 57' lang='lat' dir='ltr'>(illa</span> <span class='ocrx_word' id='word_1_130' title='bbox 500 2405 699 2480; x_wconf 87' lang='lat' dir='ltr'>Benedictus</span> <span class='ocrx_word' id='word_1_131' title='bbox 722 2407 846 2506; x_wconf 87' lang='lat' dir='ltr'>pariter</span> <span class='ocrx_word' id='word_1_132' title='bbox 861 2407 943 2479; x_wconf 79' lang='lat' dir='ltr'>xiv.</span> <span class='ocrx_word' id='word_1_133' title='bbox 965 2408 1000 2479; x_wconf 88' lang='lat' dir='ltr'>in</span> <span class='ocrx_word' id='word_1_134' title='bbox 1018 2406 1188 2481; x_wconf 88' lang='lat' dir='ltr'>constitut.</span> <span class='ocrx_word' id='word_1_135' title='bbox 1210 2403 1286 2476; x_wconf 74' lang='lat' dir='ltr'>litai</span> 
     </span>
     <span class='ocr_line' id='line_1_19' title="bbox 166 2517 1285 2622; baseline -0.001 -30"><span class='ocrx_word' id='word_1_136' title='bbox 166 2520 345 2617; x_wconf 72' lang='lat' dir='ltr'>pastoralia</span> <span class='ocrx_word' id='word_1_137' title='bbox 369 2520 426 2594; x_wconf 89' lang='lat' dir='ltr'>dia</span> <span class='ocrx_word' id='word_1_138' title='bbox 451 2522 509 2593; x_wconf 74' lang='grc'>26.</span> <span class='ocrx_word' id='word_1_139' title='bbox 538 2523 620 2594; x_wconf 88' lang='lat' dir='ltr'>mai.</span> <span class='ocrx_word' id='word_1_140' title='bbox 649 2523 755 2594; x_wconf 78' lang='lat' dir='ltr'>tiit.</span> <span class='ocrx_word' id='word_1_141' title='bbox 785 2522 898 2622; x_wconf 90' lang='lat' dir='ltr'>quoad</span> <span class='ocrx_word' id='word_1_142' title='bbox 923 2520 1179 2596; x_wconf 82' lang='lat' dir='ltr'>Graecos-italos</span> <span class='ocrx_word' id='word_1_143' title='bbox 1200 2517 1285 2592; x_wconf 90' lang='lat' dir='ltr'>haec</span> 
     </span>
     <span class='ocr_line' id='line_1_20' title="bbox 168 2633 1282 2736; baseline 0 -28"><span class='ocrx_word' id='word_1_144' title='bbox 168 2633 349 2709; x_wconf 87' lang='lat' dir='ltr'>ordinariis</span> <span class='ocrx_word' id='word_1_145' title='bbox 362 2637 511 2711; x_wconf 84' lang='lat' dir='ltr'>locorum</span> <span class='ocrx_word' id='word_1_146' title='bbox 524 2636 567 2711; x_wconf 90' lang='lat' dir='ltr'>de</span> <span class='ocrx_word' id='word_1_147' title='bbox 584 2637 795 2736; x_wconf 80' lang='lat' dir='ltr'>dogmatibus</span> <span class='ocrx_word' id='word_1_148' title='bbox 814 2655 847 2713; x_wconf 89' lang='lat' dir='ltr'>et</span> <span class='ocrx_word' id='word_1_149' title='bbox 864 2637 984 2712; x_wconf 89' lang='lat' dir='ltr'>ritibus</span> <span class='ocrx_word' id='word_1_150' title='bbox 998 2636 1042 2712; x_wconf 89' lang='lat' dir='ltr'>ab</span> <span class='ocrx_word' id='word_1_151' title='bbox 1054 2635 1282 2733; x_wconf 78' lang='lat' dir='ltr'>italo-graecis</span> 
     </span>
     <span class='ocr_line' id='line_1_21' title="bbox 170 2750 1283 2852; baseline 0 -31"><span class='ocrx_word' id='word_1_152' title='bbox 170 2750 324 2824; x_wconf 70' lang='lat' dir='ltr'>maeodis</span> <span class='ocrx_word' id='word_1_153' title='bbox 353 2766 386 2824; x_wconf 89' lang='lat' dir='ltr'>et</span> <span class='ocrx_word' id='word_1_154' title='bbox 411 2753 584 2829; x_wconf 86' lang='lat' dir='ltr'>servandis</span> <span class='ocrx_word' id='word_1_155' title='bbox 608 2754 645 2852; x_wconf 61' lang='lat'>5</span> <span class='ocrx_word' id='word_1_156' title='bbox 667 2755 753 2828; x_wconf 86' lang='lat' dir='ltr'>Vlll.</span> <span class='ocrx_word' id='word_1_157' title='bbox 783 2780 817 2826; x_wconf 92' lang='lat' dir='ltr'>n.</span> <span class='ocrx_word' id='word_1_158' title='bbox 844 2756 877 2826; x_wconf 73' lang='grc'>2.</span> <span class='ocrx_word' id='word_1_159' title='bbox 907 2754 950 2828; x_wconf 88' lang='lat' dir='ltr'>da</span> <span class='ocrx_word' id='word_1_160' title='bbox 974 2751 1187 2827; x_wconf 91' lang='lat' dir='ltr'>matrimonio</span> <span class='ocrx_word' id='word_1_161' title='bbox 1211 2750 1283 2823; x_wconf 91' lang='lat' dir='ltr'>edi-</span> 
     </span>
     <span class='ocr_line' id='line_1_22' title="bbox 170 2862 1281 2969; baseline 0.002 -33"><span class='ocrx_word' id='word_1_162' title='bbox 170 2862 238 2936; x_wconf 81' lang='lat' dir='ltr'>xit:</span> <span class='ocrx_word' id='word_1_163' title='bbox 269 2867 511 2943; x_wconf 80' lang='lat' dir='ltr'>«Matrimonia</span> <span class='ocrx_word' id='word_1_164' title='bbox 534 2870 621 2945; x_wconf 91' lang='lat' dir='ltr'>inter</span> <span class='ocrx_word' id='word_1_165' title='bbox 644 2870 804 2969; x_wconf 76' lang='lat' dir='ltr'>coniuges</span> <span class='ocrx_word' id='word_1_166' title='bbox 829 2896 967 2969; x_wconf 81' lang='lat' dir='ltr'>graecos</span> <span class='ocrx_word' id='word_1_167' title='bbox 991 2867 1126 2954; x_wconf 86' lang='lat' dir='ltr'>dirimi,</span> <span class='ocrx_word' id='word_1_168' title='bbox 1147 2891 1207 2940; x_wconf 88' lang='lat' dir='ltr'>seu</span> <span class='ocrx_word' id='word_1_169' title='bbox 1229 2866 1281 2938; x_wconf 86' lang='lat' dir='ltr'>di-</span> 
     </span>
     <span class='ocr_line' id='line_1_23' title="bbox 170 2976 1282 3084; baseline 0.008 -39"><span class='ocrx_word' id='word_1_170' title='bbox 170 2976 296 3063; x_wconf 89' lang='lat' dir='ltr'>vortia,</span> <span class='ocrx_word' id='word_1_171' title='bbox 324 2979 435 3077; x_wconf 89' lang='lat' dir='ltr'>quoad</span> <span class='ocrx_word' id='word_1_172' title='bbox 459 2982 651 3072; x_wconf 86' lang='lat' dir='ltr'>vinculum,</span> <span class='ocrx_word' id='word_1_173' title='bbox 672 2985 743 3058; x_wconf 88' lang='lat' dir='ltr'>fieri</span> <span class='ocrx_word' id='word_1_174' title='bbox 762 2983 854 3059; x_wconf 90' lang='lat' dir='ltr'>nullo</span> <span class='ocrx_word' id='word_1_175' title='bbox 878 2984 978 3059; x_wconf 92' lang='lat' dir='ltr'>modo</span> <span class='ocrx_word' id='word_1_176' title='bbox 996 2983 1203 3084; x_wconf 85' lang='lat' dir='ltr'>permittant,</span> <span class='ocrx_word' id='word_1_177' title='bbox 1223 2996 1282 3055; x_wconf 91' lang='lat' dir='ltr'>aut</span> 
     </span>
     <span class='ocr_line' id='line_1_24' title="bbox 170 3089 1280 3200; baseline 0.005 -37"><span class='ocrx_word' id='word_1_178' title='bbox 170 3089 360 3189; x_wconf 87' lang='lat' dir='ltr'>patiantur:</span> <span class='ocrx_word' id='word_1_179' title='bbox 390 3112 423 3167; x_wconf 93' lang='lat' dir='ltr'>et</span> <span class='ocrx_word' id='word_1_180' title='bbox 445 3096 476 3169; x_wconf 91' lang='lat' dir='ltr'>si</span> <span class='ocrx_word' id='word_1_181' title='bbox 501 3098 636 3196; x_wconf 88' lang='lat' dir='ltr'>quade</span> <span class='ocrx_word' id='word_1_182' title='bbox 660 3099 746 3174; x_wconf 87' lang='lat' dir='ltr'>lacto</span> <span class='ocrx_word' id='word_1_183' title='bbox 772 3114 1044 3200; x_wconf 87' lang='lat' dir='ltr'>praecesserunt,</span> <span class='ocrx_word' id='word_1_184' title='bbox 1065 3097 1158 3171; x_wconf 89' lang='lat' dir='ltr'>nulla</span> <span class='ocrx_word' id='word_1_185' title='bbox 1182 3113 1215 3170; x_wconf 89' lang='lat' dir='ltr'>et</span> <span class='ocrx_word' id='word_1_186' title='bbox 1240 3098 1280 3169; x_wconf 92' lang='lat' dir='ltr'>ir-</span> 
     </span>
     <span class='ocr_line' id='line_1_25' title="bbox 168 3205 572 3307; baseline 0.012 -31"><span class='ocrx_word' id='word_1_187' title='bbox 168 3206 233 3277; x_wconf 85' lang='lat' dir='ltr'>rita</span> <span class='ocrx_word' id='word_1_188' title='bbox 258 3205 427 3282; x_wconf 85' lang='lat' dir='ltr'>declarent</span> <span class='ocrx_word' id='word_1_189' title='bbox 445 3212 534 3307; x_wconf 80' lang='lat'><strong>(28).</strong></span> <span class='ocrx_word' id='word_1_190' title='bbox 554 3243 572 3281; x_wconf 76' lang='lat' dir='ltr'>a</span> 
     </span>
    </p>

    <p class='ocr_par' dir='ltr' id='par_1_4' title="bbox 168 3321 1279 3541">
     <span class='ocr_line' id='line_1_26' title="bbox 252 3321 1279 3429; baseline 0.006 -36"><span class='ocrx_word' id='word_1_191' title='bbox 252 3321 315 3398; x_wconf 88' lang='lat' dir='ltr'>Hic</span> <span class='ocrx_word' id='word_1_192' title='bbox 339 3340 508 3423; x_wconf 88' lang='lat' dir='ltr'>praeterea</span> <span class='ocrx_word' id='word_1_193' title='bbox 528 3327 675 3425; x_wconf 75' lang='lat' dir='ltr'>pontifex</span> <span class='ocrx_word' id='word_1_194' title='bbox 701 3328 734 3402; x_wconf 91' lang='lat' dir='ltr'>in</span> <span class='ocrx_word' id='word_1_195' title='bbox 760 3356 816 3429; x_wconf 89' lang='lat' dir='ltr'>op.</span> <span class='ocrx_word' id='word_1_196' title='bbox 846 3331 895 3405; x_wconf 86' lang='lat' dir='ltr'>De</span> <span class='ocrx_word' id='word_1_197' title='bbox 921 3329 1051 3427; x_wconf 80' lang='lat' dir='ltr'>synodo</span> <span class='ocrx_word' id='word_1_198' title='bbox 1079 3328 1279 3401; x_wconf 87' lang='lat' dir='ltr'>dioecesana</span> 
     </span>
     <span class='ocr_line' id='line_1_27' title="bbox 168 3435 1278 3541; baseline 0.004 -35"><span class='ocrx_word' id='word_1_199' title='bbox 168 3435 226 3508; x_wconf 93' lang='lat' dir='ltr'>lib.</span> <span class='ocrx_word' id='word_1_200' title='bbox 247 3439 336 3511; x_wconf 85' lang='lat' dir='ltr'>Xlll.</span> <span class='ocrx_word' id='word_1_201' title='bbox 368 3464 442 3541; x_wconf 91' lang='lat' dir='ltr'>cap.</span> <span class='ocrx_word' id='word_1_202' title='bbox 471 3441 574 3512; x_wconf 85' lang='lat' dir='ltr'>llllll.</span> <span class='ocrx_word' id='word_1_203' title='bbox 596 3443 696 3516; x_wconf 88' lang='lat' dir='ltr'>relert</span> <span class='ocrx_word' id='word_1_204' title='bbox 723 3470 743 3516; x_wconf 89' lang='lat' dir='ltr'>a</span> <span class='ocrx_word' id='word_1_205' title='bbox 766 3471 836 3518; x_wconf 91' lang='lat' dir='ltr'>sac.</span> <span class='ocrx_word' id='word_1_206' title='bbox 871 3470 1024 3541; x_wconf 79' lang='lat' dir='ltr'>congreg.</span> <span class='ocrx_word' id='word_1_207' title='bbox 1068 3441 1200 3517; x_wconf 91' lang='lat' dir='ltr'>concilii</span> <span class='ocrx_word' id='word_1_208' title='bbox 1226 3440 1278 3511; x_wconf 90' lang='lat' dir='ltr'>di·</span> 
     </span>
    </p>
   </div>
   <div class='ocr_carea' id='block_1_3' title="bbox 162 3680 1275 4527">
    <p class='ocr_par' dir='ltr' id='par_1_5' title="bbox 240 3680 889 3741">
     <span class='ocr_line' id='line_1_28' title="bbox 240 3680 889 3741; baseline 0.008 -11"><span class='ocrx_word' id='word_1_209' title='bbox 240 3680 292 3741; x_wconf 75' lang='lat' dir='ltr'>tio)</span> <span class='ocrx_word' id='word_1_210' title='bbox 308 3682 374 3731; x_wconf 75' lang='lat' dir='ltr'>Actu</span> <span class='ocrx_word' id='word_1_211' title='bbox 392 3681 485 3733; x_wconf 65' lang='lat' dir='ltr'>contu.</span> <span class='ocrx_word' id='word_1_212' title='bbox 502 3682 622 3734; x_wconf 76' lang='lat' dir='ltr'>iiarduini</span> <span class='ocrx_word' id='word_1_213' title='bbox 641 3685 702 3735; x_wconf 84' lang='lat' dir='ltr'>tom.</span> <span class='ocrx_word' id='word_1_214' title='bbox 716 3687 758 3736; x_wconf 80' lang='lat' dir='ltr'>lx.</span> <span class='ocrx_word' id='word_1_215' title='bbox 772 3686 821 3735; x_wconf 87' lang='lat' dir='ltr'>coi.</span> <span class='ocrx_word' id='word_1_216' title='bbox 835 3689 889 3739; x_wconf 79' lang='lat' dir='ltr'>tto.</span> 
     </span>
    </p>

    <p class='ocr_par' dir='ltr' id='par_1_6' title="bbox 165 3759 1275 4061">
     <span class='ocr_line' id='line_1_29' title="bbox 240 3759 1275 3822; baseline 0.003 -12"><span class='ocrx_word' id='word_1_217' title='bbox 240 3759 290 3822; x_wconf 80' lang='lat' dir='ltr'>(to)</span> <span class='ocrx_word' id='word_1_218' title='bbox 307 3762 434 3813; x_wconf 78' lang='lat' dir='ltr'>inconst</span> <span class='ocrx_word' id='word_1_219' title='bbox 453 3763 552 3813; x_wconf 78' lang='lat' dir='ltr'>mv.</span> <span class='ocrx_word' id='word_1_220' title='bbox 574 3762 694 3814; x_wconf 80' lang='lat' dir='ltr'>clermont.</span> <span class='ocrx_word' id='word_1_221' title='bbox 717 3765 784 3815; x_wconf 78' lang='lat' dir='ltr'>vill.</span> <span class='ocrx_word' id='word_1_222' title='bbox 801 3764 828 3814; x_wconf 88' lang='lat' dir='ltr'>in</span> <span class='ocrx_word' id='word_1_223' title='bbox 852 3764 958 3816; x_wconf 83' lang='lat' dir='ltr'>Baittric</span> <span class='ocrx_word' id='word_1_224' title='bbox 978 3765 1058 3816; x_wconf 77' lang='lat' dir='ltr'>Lucri</span> <span class='ocrx_word' id='word_1_225' title='bbox 1075 3761 1208 3814; x_wconf 76' lang='lat' dir='ltr'>martini</span> <span class='ocrx_word' id='word_1_226' title='bbox 1229 3764 1275 3813; x_wconf 83' lang='lat' dir='ltr'>iio·</span> 
     </span>
     <span class='ocr_line' id='line_1_30' title="bbox 165 3843 1275 3909; baseline 0.003 -21"><span class='ocrx_word' id='word_1_227' title='bbox 165 3850 220 3888; x_wconf 81' lang='lat' dir='ltr'>mue</span> <span class='ocrx_word' id='word_1_228' title='bbox 242 3844 310 3903; x_wconf 74' lang='lat' dir='ltr'>toti,</span> <span class='ocrx_word' id='word_1_229' title='bbox 321 3854 346 3904; x_wconf 92' lang='lat' dir='ltr'>p.</span> <span class='ocrx_word' id='word_1_230' title='bbox 359 3845 398 3894; x_wconf 81' lang='lat' dir='ltr'>ta.</span> <span class='ocrx_word' id='word_1_231' title='bbox 412 3843 492 3894; x_wconf 78' lang='lat' dir='ltr'>verm</span> <span class='ocrx_word' id='word_1_232' title='bbox 512 3843 635 3907; x_wconf 79' lang='lat' dir='ltr'>pontilicis</span> <span class='ocrx_word' id='word_1_233' title='bbox 646 3844 670 3908; x_wconf 87' lang='lat'>§.</span> <span class='ocrx_word' id='word_1_234' title='bbox 685 3850 709 3895; x_wconf 67' lang='grc' dir='ltr'>ὅ.</span> <span class='ocrx_word' id='word_1_235' title='bbox 723 3844 850 3909; x_wconf 84' lang='lat' dir='ltr'>adoptavit</span> <span class='ocrx_word' id='word_1_236' title='bbox 867 3858 897 3895; x_wconf 85' lang='lat' dir='ltr'>ac</span> <span class='ocrx_word' id='word_1_237' title='bbox 910 3858 955 3895; x_wconf 80' lang='lat' dir='ltr'>aaa</span> <span class='ocrx_word' id='word_1_238' title='bbox 974 3844 1033 3896; x_wconf 87' lang='lat' dir='ltr'>iecit</span> <span class='ocrx_word' id='word_1_239' title='bbox 1052 3843 1197 3895; x_wconf 65' lang='lat' dir='ltr'>mictu</span> <span class='ocrx_word' id='word_1_240' title='bbox 1210 3845 1275 3892; x_wconf 80' lang='lat' dir='ltr'>xiv.</span> 
     </span>
     <span class='ocr_line' id='line_1_31' title="bbox 167 3918 1275 3988; baseline 0.005 -22"><span class='ocrx_word' id='word_1_241' title='bbox 167 3918 311 3973; x_wconf 77' lang='lat' dir='ltr'>incontttt.</span> <span class='ocrx_word' id='word_1_242' title='bbox 327 3922 544 3987; x_wconf 71' lang='lat' dir='ltr'>munllcgandn:</span> <span class='ocrx_word' id='word_1_243' title='bbox 562 3936 675 3988; x_wconf 62' lang='lat' dir='ltr'>quamue</span> <span class='ocrx_word' id='word_1_244' title='bbox 690 3936 735 3974; x_wconf 82' lang='lat' dir='ltr'>noa</span> <span class='ocrx_word' id='word_1_245' title='bbox 750 3924 776 3974; x_wconf 86' lang='lat' dir='ltr'>in</span> <span class='ocrx_word' id='word_1_246' title='bbox 796 3926 866 3976; x_wconf 84' lang='lat' dir='ltr'>textu</span> <span class='ocrx_word' id='word_1_247' title='bbox 882 3924 1031 3988; x_wconf 80' lang='lat' dir='ltr'>retulimus,</span> <span class='ocrx_word' id='word_1_248' title='bbox 1050 3925 1112 3987; x_wconf 77' lang='lat' dir='ltr'>quin</span> <span class='ocrx_word' id='word_1_249' title='bbox 1128 3935 1224 3975; x_wconf 66' lang='lat' dir='ltr'>nonme</span> <span class='ocrx_word' id='word_1_250' title='bbox 1241 3921 1275 3973; x_wconf 81' lang='lat' dir='ltr'>ut</span> 
     </span>
     <span class='ocr_line' id='line_1_32' title="bbox 165 4000 325 4061; baseline 0.013 -14"><span class='ocrx_word' id='word_1_251' title='bbox 165 4010 196 4047; x_wconf 81' lang='lat' dir='ltr'>ea</span> <span class='ocrx_word' id='word_1_252' title='bbox 211 4000 325 4061; x_wconf 80' lang='lat' dir='ltr'>repetere.</span> 
     </span>
    </p>

    <p class='ocr_par' dir='ltr' id='par_1_7' title="bbox 162 4077 1275 4390">
     <span class='ocr_line' id='line_1_33' title="bbox 238 4077 1274 4146; baseline 0.006 -19"><span class='ocrx_word' id='word_1_253' title='bbox 238 4077 288 4140; x_wconf 67' lang='grc' dir='ltr'>(υ)</span> <span class='ocrx_word' id='word_1_254' title='bbox 302 4080 371 4130; x_wconf 75' lang='lat' dir='ltr'>lianc</span> <span class='ocrx_word' id='word_1_255' title='bbox 391 4081 470 4145; x_wconf 77' lang='lat' dir='ltr'>ipsam</span> <span class='ocrx_word' id='word_1_256' title='bbox 491 4083 548 4135; x_wconf 86' lang='lat' dir='ltr'>iidci</span> <span class='ocrx_word' id='word_1_257' title='bbox 569 4083 701 4135; x_wconf 78' lang='lat' dir='ltr'>formulam</span> <span class='ocrx_word' id='word_1_258' title='bbox 719 4082 880 4135; x_wconf 60' lang='lat' dir='ltr'>mundam</span> <span class='ocrx_word' id='word_1_259' title='bbox 904 4082 1063 4136; x_wconf 75' lang='lat' dir='ltr'>miminilltnt</span> <span class='ocrx_word' id='word_1_260' title='bbox 1088 4082 1121 4134; x_wconf 82' lang='lat' dir='ltr'>ab</span> <span class='ocrx_word' id='word_1_261' title='bbox 1140 4082 1274 4146; x_wconf 73' lang='lat' dir='ltr'>apostolica</span> 
     </span>
     <span class='ocr_line' id='line_1_34' title="bbox 163 4156 1275 4229; baseline 0.004 -20"><span class='ocrx_word' id='word_1_262' title='bbox 163 4156 221 4209; x_wconf 80' lang='lat' dir='ltr'>aede</span> <span class='ocrx_word' id='word_1_263' title='bbox 241 4158 414 4223; x_wconf 63' lang='lat' dir='ltr'>praecipiam</span> <span class='ocrx_word' id='word_1_264' title='bbox 433 4163 520 4215; x_wconf 81' lang='lat' dir='ltr'>recitat</span> <span class='ocrx_word' id='word_1_265' title='bbox 534 4166 609 4229; x_wconf 56' lang='lat' dir='ltr'>mac</span> <span class='ocrx_word' id='word_1_266' title='bbox 629 4163 871 4229; x_wconf 77' lang='lat' dir='ltr'>dectopatriarchae</span> <span class='ocrx_word' id='word_1_267' title='bbox 879 4164 996 4215; x_wconf 79' lang='lat' dir='ltr'>melariae</span> <span class='ocrx_word' id='word_1_268' title='bbox 1013 4161 1275 4214; x_wconf 76' lang='lat' dir='ltr'>autiochenacSimori</span> 
     </span>
     <span class='ocr_line' id='line_1_35' title="bbox 162 4237 1269 4308; baseline 0.005 -20"><span class='ocrx_word' id='word_1_269' title='bbox 162 4237 258 4289; x_wconf 76' lang='lat' dir='ltr'>Evodio</span> <span class='ocrx_word' id='word_1_270' title='bbox 273 4239 387 4303; x_wconf 82' lang='lat' dir='ltr'>proponit</span> <span class='ocrx_word' id='word_1_271' title='bbox 400 4240 519 4295; x_wconf 70' lang='lat' dir='ltr'>mmmm</span> <span class='ocrx_word' id='word_1_272' title='bbox 536 4245 682 4296; x_wconf 69' lang='lat' dir='ltr'>ommam</span> <span class='ocrx_word' id='word_1_273' title='bbox 692 4247 756 4298; x_wconf 82' lang='lat' dir='ltr'>xiv.</span> <span class='ocrx_word' id='word_1_274' title='bbox 768 4244 794 4296; x_wconf 87' lang='lat' dir='ltr'>in</span> <span class='ocrx_word' id='word_1_275' title='bbox 805 4243 910 4296; x_wconf 76' lang='lat' dir='ltr'>comtit.</span> <span class='ocrx_word' id='word_1_276' title='bbox 920 4246 1051 4296; x_wconf 67' lang='lat' dir='ltr'>milti.</span> <span class='ocrx_word' id='word_1_277' title='bbox 1063 4245 1155 4308; x_wconf 79' lang='lat' dir='ltr'>Nuper</span> <span class='ocrx_word' id='word_1_278' title='bbox 1165 4242 1202 4294; x_wconf 82' lang='lat' dir='ltr'>ud</span> <span class='ocrx_word' id='word_1_279' title='bbox 1215 4254 1269 4294; x_wconf 77' lang='lat' dir='ltr'>nor.</span> 
     </span>
     <span class='ocr_line' id='line_1_36' title="bbox 163 4318 893 4390; baseline 0.011 -23"><span class='ocrx_word' id='word_1_280' title='bbox 163 4321 189 4368; x_wconf 85' lang='lat' dir='ltr'>in</span> <span class='ocrx_word' id='word_1_281' title='bbox 208 4318 318 4370; x_wconf 60' lang='lat' dir='ltr'>Maon</span> <span class='ocrx_word' id='word_1_282' title='bbox 337 4320 460 4384; x_wconf 73' lang='lat' dir='ltr'>pontilicis</span> <span class='ocrx_word' id='word_1_283' title='bbox 479 4324 588 4376; x_wconf 73' lang='lat' dir='ltr'>Bollane</span> <span class='ocrx_word' id='word_1_284' title='bbox 607 4328 668 4377; x_wconf 87' lang='lat' dir='ltr'>tom.</span> <span class='ocrx_word' id='word_1_285' title='bbox 681 4328 702 4375; x_wconf 86' lang='lat'>1.</span> <span class='ocrx_word' id='word_1_286' title='bbox 718 4339 743 4390; x_wconf 91' lang='lat' dir='ltr'>p.</span> <span class='ocrx_word' id='word_1_287' title='bbox 759 4332 805 4377; x_wconf 71' lang='lat'>258</span> <span class='ocrx_word' id='word_1_288' title='bbox 823 4336 893 4388; x_wconf 69' lang='lat' dir='ltr'>uoq.</span> 
     </span>
    </p>

    <p class='ocr_par' dir='ltr' id='par_1_8' title="bbox 237 4397 1003 4470">
     <span class='ocr_line' id='line_1_37' title="bbox 237 4397 1003 4470; baseline 0.005 -20"><span class='ocrx_word' id='word_1_289' title='bbox 237 4397 288 4462; x_wconf 77' lang='lat' dir='ltr'>lit)</span> <span class='ocrx_word' id='word_1_290' title='bbox 303 4401 391 4452; x_wconf 76' lang='lat' dir='ltr'>const,</span> <span class='ocrx_word' id='word_1_291' title='bbox 407 4403 481 4453; x_wconf 79' lang='lat' dir='ltr'>Lvlt.</span> <span class='ocrx_word' id='word_1_292' title='bbox 497 4404 523 4454; x_wconf 89' lang='lat' dir='ltr'>iu</span> <span class='ocrx_word' id='word_1_293' title='bbox 541 4403 649 4456; x_wconf 66' lang='lat' dir='ltr'>amdam</span> <span class='ocrx_word' id='word_1_294' title='bbox 666 4404 933 4470; x_wconf 64' lang='lat' dir='ltr'>caltaionem.</span> <span class='ocrx_word' id='word_1_295' title='bbox 951 4408 1003 4457; x_wconf 78' lang='grc'>179.</span> 
     </span>
    </p>

    <p class='ocr_par' dir='ltr' id='par_1_9' title="bbox 1130 4485 1150 4527">
     <span class='ocr_line' id='line_1_38' title="bbox 1130 4485 1150 4527; baseline 0 0"><span class='ocrx_word' id='word_1_296' title='bbox 1130 4485 1150 4527; x_wconf 72' lang='lat' dir='ltr'>a</span> 
     </span>
    </p>
   </div>
   <div class='ocr_carea' id='block_1_4' title="bbox 0 0 1622 5084">
    <p class='ocr_par' dir='ltr' id='par_1_10' title="bbox 0 0 1622 5084">
     <span class='ocr_line' id='line_1_39' title="bbox 0 0 1622 5084; baseline 0 5"><span class='ocrx_word' id='word_1_297' title='bbox 0 0 1622 5084; x_wconf 95' lang='lat' dir='ltr'> </span> 
     </span>
    </p>
   </div>
  </div>
 </body>
</html>
