3234 5084
336 464 407 518 mr.
424 465 460 517 u.
476 464 518 517 ut
534 462 724 522 tetrante.
740 460 937 522 marrata.
953 464 1024 521 aar.
1040 467 1064 521 t.
1214 444 1256 520 tt

152 581 395 683 capitularium
430 596 547 681 regum
576 578 766 658 francorum
796 610 866 685 quo
891 581 1103 661 decernitur:
1126 586 1262 663 «Nemo

153 724 262 799 aeque
289 694 468 776 affinitatie
490 699 614 774 lineam
647 726 688 774 ex
718 700 970 801 propinquitate
1000 702 1055 777 eui
1084 703 1262 802 sauguinis

153 814 322 889 connubia
346 816 462 904 ducat,
484 843 593 917 neque
608 814 793 914 circinatae
810 817 885 890 eine
901 816 1134 891 benedictione
1150 844 1263 893 ancer·

152 929 259 1018 dots,
278 931 358 1030 quie
384 931 511 1006 nubere
534 924 746 1033 praesumat.
764 988 771 1002 .
787 945 888 1005 .tune
903 932 934 1007 ei
950 933 1044 1031 oirpo
1060 932 1160 1008 tuerit
1183 959 1261 1008 cum

154 1044 388 1121 benedictione
413 1047 614 1122 racematio.
631 1104 638 1118 .
655 1046 830 1120 .duoende
841 1062 895 1120 eet
906 1070 991 1122 uxor
1005 1049 1119 1144 (et),»
1134 1074 1175 1122 ex
1186 1048 1264 1150 qui-

154 1159 218 1235 bue
243 1176 336 1263 patet
354 1154 418 1236 eoa
438 1154 497 1262 qui
520 1162 641 1239 iterum
657 1159 830 1235 nubebant
844 1160 1077 1237 benedictione
1093 1162 1257 1243 munitae.

153 1276 196 1350 Et
220 1276 411 1351 Alexander
429 1276 488 1350 tlt.
507 1306 524 1347 a
541 1275 782 1378 Coppellanum
806 1302 908 1377 quem
927 1276 1160 1352 benedictione
1185 1304 1262 1353 com

153 1392 304 1466 eaornda
326 1386 512 1468 eonstiterit
533 1392 743 1480 celebrasse,
763 1391 808 1465 ab
822 1391 935 1467 officio
954 1390 1187 1494 beneficioque
1204 1419 1263 1469 eu·

154 1499 314 1605 aponum
335 1508 409 1604 (bb)
425 1536 443 1578 a
458 1532 536 1581 esee
552 1505 713 1582 declarat.
728 1506 818 1581 Hine
834 1506 1036 1582 Durandua:
1062 1536 1080 1577 r
1099 1509 1257 1608 Nuptiae,

153 1622 283 1723 inquit,
303 1621 553 1697 benedicendae
579 1637 663 1698 eunt
688 1649 709 1698 a
739 1622 913 1699 secerdote
938 1644 1015 1697 eum
1042 1622 1200 1725 precibus
1229 1640 1264 1701 et

152 1737 392 1813 oblationibus.
408 1738 642 1813 Verumtamen
658 1740 712 1814 uir
729 1754 764 1813 et
779 1738 901 1813 mulier
911 1738 955 1812 ad
971 1738 1155 1838 digamiam
1172 1752 1263 1814 trau-

151 1856 260 1941 aiena,
280 1855 531 1929 matrimonium
556 1853 784 1930 contrahendo
808 1878 877 1931 non
896 1852 1001 1930 ‘debet
1016 1880 1038 1930 a
1054 1853 1261 1957 presbyteria

151 1966 305 2044 aaudiat
333 1973 449 2068 pap.»

217 2085 321 2186 Apud
346 2110 484 2184 graecos
500 2087 626 2185 pariter
645 2111 714 2161 non
730 2084 977 2162 coronabantur
991 2084 1139 2184 digami,
1159 2085 1258 2161 cuiue

149 2203 195 2275 rai
222 2202 322 2276 testie
335 2217 389 2277 eet
404 2203 469 2276 Leo
485 2199 628 2276 Allatiuo
646 2199 743 2301 plura
759 2200 934 2302 proferena
948 2199 1148 2276 documenta
1167 2204 1257 2299 (tt).

148 2319 214 2393 Noe
237 2318 325 2392 aliae
350 2315 523 2390 attulimus
553 2314 657 2391 rerba
682 2314 848 2390 Theodori
872 2314 1023 2389 studitae
1048 2316 1138 2411 (88).
1162 2314 1263 2390 Nica-

148 2432 276 2532 pharue
290 2432 392 2506 etiam
405 2430 596 2532 patriarcba
608 2428 991 2531 constantinopolitanea
1004 2444 1118 2530 aperte
1130 2430 1260 2505 statuit:

155 2549 350 2647 «Digamus
370 2572 435 2619 ooo
456 2559 628 2618 cmoootur
643 2546 704 2619 aed
728 2545 848 2645 poenis
865 2544 1017 2619 subiacet
1040 2547 1156 2642 (tt).»
1171 2544 1261 2620 Uene

151 2678 262 2736 nmen
289 2677 406 2761 postea
431 2660 569 2735 inolevit
598 2661 634 2733 iu
662 2658 806 2735 eeclesia
837 2659 1198 2759 constantinopolitana
1222 2674 1260 2735 ut

153 2793 268 2852 contra
281 2791 465 2851 ceterarum
479 2775 637 2850 Graeciae
649 2774 869 2849 eeclesiarum
886 2799 1011 2848 moram
1025 2790 1264 2848 coronarentur

155 2918 194 2967 ec
216 2892 497 2966 benedicerentur
521 2890 623 2964 etiam
646 2890 794 2990 bigami,
816 2904 899 2965 teate
922 2888 1040 2963 eodem
1057 2887 1179 2963 altatio
1203 2889 1263 2990 qui

157 3004 632 3105 scribit:«Eooleaiam(ipeam
640 3000 1086 3103 constent.)bigamieetiam
1095 3004 1265 3104 eponeali·

158 3123 220 3198 tiae
231 3146 373 3197 coronae
386 3123 558 3221 imponere
569 3152 587 3191 a
598 3121 679 3195 dum
695 3150 714 3192 a
729 3121 845 3195 Graeci
857 3144 975 3195 omneo
987 3119 1053 3195 hoc
1065 3135 1226 3221 tempore.
1236 3177 1259 3192 ..

161 3236 309 3336 digmoe
327 3236 454 3337 ubique
470 3237 545 3311 aine
561 3236 631 3311 ulia
646 3236 879 3313 benedictione
891 3250 1052 3311 coronant
1065 3238 1163 3332 (60)»
1179 3236 1264 3311 Goa-

161 3354 226 3427 n'ue
241 3354 280 3425 in
296 3351 504 3451 anbologio
519 3348 668 3428 officium
684 3352 910 3429 coronationis
927 3351 1028 3426 etiam
1042 3377 1103 3452 pro
1118 3350 1264 3449 bigamia

164 3467 292 3545 exhibet
320 3471 410 3566 (et).
439 3469 559 3543 Verum
587 3482 625 3542 ut
648 3468 928 3543 animadverterat
950 3466 1079 3542 iamdiu
1100 3490 1128 3540 a.
1155 3465 1264 3541 Theo·

224 3686 274 3749 (tt)
288 3688 318 3737 tn
334 3684 488 3752 capitulario
502 3697 551 3749 reg.
570 3685 648 3736 tnnc.
663 3697 694 3736 ex
708 3684 748 3736 ed.
766 3683 859 3735 Baturit
875 3696 929 3747 erp.
948 3682 1076 3735 cmm
1088 3693 1144 3745 pag.
1156 3685 1226 3732 toea.

226 3768 275 3831 (ts)
288 3769 338 3820 rtt.
355 3771 419 3820 xxt.
432 3772 470 3819 Dc
483 3767 605 3820 roeuadts
620 3768 721 3831 nuptae
734 3765 760 3814 in
776 3762 873 3815 decrato
890 3763 932 3814 tto.
945 3765 988 3813 Ν.
1001 3775 1054 3826 etp.
1069 3771 1091 3815 t.

224 3850 274 3913 (at)
289 3852 318 3900 tn
334 3849 470 3901 ltettotott
480 3848 522 3899 tib.
532 3850 554 3898 t.
566 3861 620 3911 cap.
629 3853 655 3898 a.
668 3846 715 3896 tlte
725 3846 807 3896 amem
815 3845 945 3895 Dunnuue
955 3842 1097 3909 permtooeri
1108 3840 1196 3906 nequit
1205 3854 1264 3893 aaut

165 3927 238 3979 attero
245 3928 363 3980 meando
374 3929 490 3992 eptaoopo
499 3927 583 3978 sancti
596 3925 717 3977 Perenni.

224 4011 274 4071 (at)
290 4012 329 4059 Do
346 4010 477 4072 perpetua
495 4009 669 4066 contentane
690 4004 733 4056 ΙΙΙ).
745 4006 789 4055 ΙΙΙ.
799 4018 854 4069 cap.
866 4012 903 4056 tt.

223 4090 273 4153 (tt)
288 4093 323 4140 Ex
336 4090 459 4154 optetur.
478 4086 781 4150 momenmentum,
797 4098 862 4151 quae
877 4085 931 4139 tota
948 4085 987 4138 att
1003 4083 1035 4138 te
1054 4084 1103 4137 boc
1120 4081 1264 4149 ammte

162 4169 224 4234 ιρι)
242 4169 402 4221 sumundum
415 4172 477 4220 tenu
488 4171 522 4220 Vt

224 4250 273 4311 (ta)
290 4247 364 4313 Apud
383 4248 537 4309 attenuant.
549 4260 572 4298 a

223 4337 516 4404 (catenatorum.
531 4340 599 4391 irat.
613 4338 639 4389 et
654 4342 722 4390 itta.

224 4420 275 4485 (ΙΙ)
288 4422 347 4485 Pte
366 4422 491 4485 ormo.
