3234 5084
1348 327 1387 352 N

323 435 391 505 lli
490 458 551 506 ιιιι.
573 456 620 506 ιιι.
642 455 727 505 sacr.
749 456 772 504 ι.
795 456 833 505 uu
851 456 945 505 ntra.
962 454 1084 505 cunrsr.
1103 453 1248 504 umrnrn.

323 573 533 672 Quamquam
550 571 623 669 lege
639 569 839 645 sacerdotali
865 586 1016 645 teneatur
1042 586 1075 642 et
1092 569 1217 655 laicus,
1231 660 1236 669 1
1250 569 1308 667 qui
1334 567 1434 642 talem

322 688 482 787 praebere
495 713 533 759 se
549 685 667 772 debet,
684 701 721 757 ut
735 685 842 784 possit
853 683 931 781 eligi
946 686 980 756 in
994 683 1229 757 sacerdotium.
1241 685 1312 756 Non
1324 699 1437 756 autem

322 801 474 899 eligitur,
495 802 525 873 si
542 800 697 896 digamus
716 799 827 872 luerit.
851 801 952 873 Porro
971 798 1140 896 eliguntur
1155 824 1195 871 en
1209 797 1305 870 laicis
1325 822 1437 871 sacer·

322 916 428 990 dotes.
449 916 537 1011 Ergo
555 931 589 987 et
605 914 711 987 laicus
729 929 862 986 tenetur
884 914 1059 999 mandato,
1081 940 1140 1014 per
1158 914 1249 1012 quod
1267 913 1311 986 ad
1329 939 1438 987 sacer-

321 1030 450 1104 dotium
468 1029 659 1129 peruenitur
674 1031 813 1124 (100).»
829 1029 955 1128 Nempe
968 1028 1119 1128 loquitur
1136 1028 1234 1101 hice.
1253 1029 1376 1103 Ductor
1393 1028 1439 1100 de

322 1144 469 1245 quadam
485 1144 718 1218 convenientia
731 1159 764 1216 et
776 1145 1015 1241 congruentia,
1039 1170 1107 1218 non
1125 1160 1233 1216 autem
1252 1143 1296 1215 de
1310 1142 1438 1239 obliga·

323 1259 412 1335 tione
427 1286 544 1360 presse
562 1276 718 1358 sumpta,
739 1259 890 1358 alioquin
910 1259 945 1330 in
962 1258 1110 1333 absurda
1125 1258 1283 1356 dilapsus
1300 1257 1433 1331 luisset.

394 1374 516 1449 Eorum
540 1389 673 1460 autern,
701 1400 789 1473 quae
811 1373 948 1473 scripsit
965 1399 994 1446 s.
1012 1375 1134 1448 Doctor
1150 1374 1185 1444 in
1203 1388 1380 1446 comment.
1401 1372 1437 1443 in

322 1489 495 1563 leremiam
516 1514 639 1563 sensus
668 1488 789 1589 planus
816 1506 890 1575 est,
919 1489 950 1561 si
974 1489 1048 1561 eius
1073 1502 1250 1561 contextus
1275 1486 1439 1584 inspicia-

323 1621 394 1691 tur,
428 1604 486 1703 qui
513 1604 559 1677 ita
591 1629 629 1676 se
658 1602 780 1675 habet:
815 1602 936 1675 «Unde
967 1603 1138 1702 superflua
1166 1602 1243 1676 novi
1277 1600 1436 1674 haeretici

325 1718 537 1814 (loriniani)
558 1717 794 1816 reprehensio,
818 1744 886 1817 qua
911 1718 1087 1791 docuimus
1114 1716 1296 1813 digamiam
1321 1731 1355 1789 et
1376 1715 1437 1789 tri-

322 1834 468 1931 gamiam
487 1858 554 1907 non
571 1859 612 1906 er
628 1832 702 1931 lege
715 1833 942 1920 descendere,
966 1833 1026 1907 scd
1044 1860 1086 1906 aa
1102 1833 1319 1931 induipeutio.
1336 1830 1437 1902 aliud

322 1965 374 2022 est
399 1950 488 2020 enim
511 1947 639 2033 lacere,
662 1947 753 2047 quod
773 1974 836 2046 per
856 1974 889 2019 ae
916 1949 1032 2019 bouum
1049 1949 1116 2030 cit,
1146 1946 1242 2019 uliud
1266 1946 1337 2018 ideo
1362 1971 1437 2016 oon-

322 2063 393 2137 eedi
415 2090 455 2134 ne
473 2063 591 2159 peiora
619 2063 792 2160 [commus.
821 2063 909 2136 Dicit
936 2064 1025 2135 enim
1051 2078 1084 2135 et
1112 2063 1186 2161 ipse
1210 2059 1433 2159 (Apostolus)

322 2202 482 2264 caussas,
503 2202 563 2249 cur
578 2176 658 2249 uelit
674 2178 941 2251 adolescentulas
957 2178 1078 2251 viduas
1097 2177 1239 2263 nubere,
1260 2175 1432 2248 inferens:

322 2292 395 2364 lom
414 2293 500 2363 enim
518 2291 678 2388 quaedum
696 2319 808 2365 eurum
828 2293 979 2365 abierunt
996 2308 1081 2365 retro
1101 2307 1178 2391 post
1200 2305 1363 2363 rotonam.
1389 2291 1438 2361 Si-

322 2407 460 2507 mulque
478 2423 673 2505 praeceptor
694 2408 936 2496 continentiae,
953 2425 986 2481 et
1004 2425 1183 2508 perpetuae
1195 2405 1382 2491 castitatis,
1405 2424 1439 2478 et

321 2524 488 2623 aequalem
510 2550 544 2596 ac
567 2523 808 2624 blasphemans
834 2525 926 2610 Deo,
954 2523 1069 2597 laudat
1090 2539 1184 2596 terna
1207 2538 1438 2621 quaternaque

321 2639 494 2736 coniugia,
523 2665 611 2738 quae
635 2665 697 2736 ego
721 2665 788 2711 non
810 2654 878 2710 tam
900 2638 1080 2735 coniugia,
1100 2664 1202 2737 quam
1224 2637 1436 2710 miseriarum

322 2754 460 2840 solatia,
481 2772 514 2827 et
537 2772 716 2827 extremam
742 2754 888 2826 tabulam
910 2754 1165 2851 naufragorum:
1191 2754 1259 2825 nisi
1277 2751 1361 2825 sorte
1378 2752 1439 2823 tri·

322 2868 395 2941 huit
419 2868 661 2966 indulgentiam
686 2868 925 2942 amazzonibus
948 2871 1043 2957 suis,
1071 2886 1109 2941 ut
1128 2867 1302 2966 usquead
1327 2867 1440 2940 decre

323 2984 425 3082 pitam
447 3000 652 3056 senectutem
671 2982 760 3056 bella
781 2983 959 3056 libidinum
979 2985 1193 3082 experiantur
1213 2985 1352 3078 (101).»
1373 2983 1440 3053 lta·

323 3097 390 3196 que
423 3123 489 3171 non
525 3096 679 3170 absolute
707 3098 825 3170 iterata
858 3097 1023 3171 eiusmodi
1059 3097 1217 3192 coniugia
1252 3122 1281 3168 s.
1314 3097 1438 3169 Doctor

314 3212 495 3285 damnavit
512 3228 545 3285 et
570 3212 604 3282 in
630 3239 684 3299 se,
708 3213 767 3286 sed
791 3214 891 3286 unice
916 3230 1069 3312 respectu
1090 3211 1300 3285 nubentium.

404 3328 453 3398 Ex
480 3326 533 3399 his
558 3326 682 3426 pariter
710 3327 762 3399 ris
787 3327 920 3400 illarum
952 3328 1126 3428 phraaium
1151 3326 1319 3423 colligitur
1350 3350 1439 3424 quas

324 3469 353 3515 s.
376 3442 601 3541 Hieronymus
626 3441 807 3515 identidem
826 3443 1001 3542 usurpavit
1019 3443 1061 3514 ad
1080 3443 1216 3515 iteratas
1235 3441 1357 3540 nupias
1379 3438 1440 3512 de-

324 3559 536 3656 primendas,
556 3559 604 3630 uti
627 3582 702 3630 eum
724 3584 783 3631 aas
805 3575 903 3665 uoqat
923 3558 1076 3632 mitiores
1097 3557 1359 3654 prostitutiones,
1380 3571 1440 3627 aut

399 3760 465 3824 (luo)
480 3763 509 3811 N.
527 3766 551 3811 θ.
566 3759 606 3810 ed.
619 3760 660 3810 cit.
674 3760 722 3809 col.
739 3767 793 3811 898.
807 3763 883 3823 atque
898 3760 940 3810 irio
955 3759 1034 3809 obiter
1057 3761 1132 3820 noto,
1155 3756 1222 3821 quod
1242 3759 1315 3806 autea
1333 3755 1441 3806 indicavi

322 3841 403 3904 ipsum
421 3842 592 3904 argumentum
612 3840 734 3903 prolatum
754 3841 855 3890 luissea
875 3840 1043 3900 Tertulliano,
1064 3840 1138 3900 atque
1149 3836 1206 3886 inde
1222 3850 1237 3886 a
1255 3849 1275 3887 s.
1291 3836 1442 3898 Hieronymo

322 3918 479 3984 desumptum
492 3921 550 3970 lieet
570 3919 618 3971 rinc
637 3920 774 3984 splrltnque
792 3920 899 3969 divano.
920 3920 961 3968 Slc
976 3919 1042 3968 anim
1066 3916 1258 3968 ratiocinabatur
1276 3915 1444 3967 Tertullianus

322 3999 347 4048 in
357 3999 401 4051 llb.
414 4003 452 4051 De
466 3999 649 4051 excoriatione
665 4002 752 4050 curiit.
770 4000 799 4049 ut
818 3999 956 4049 adstrueret
970 3997 1104 4048 universim
1126 3995 1294 4059 monogamiae
1310 3992 1456 4047 necessita·v

321 4082 386 4129 tem:
405 4098 418 4123 r
429 4082 518 4130 ornnes
529 4091 574 4129 nos
583 4082 649 4129 Deus
660 4080 713 4129 vrrll
722 4078 854 4142 dispositos
873 4092 943 4141 esse,
960 4079 988 4127 ut
1001 4076 1093 4141 ubique
1107 4076 1266 4127 aucmentis
1284 4075 1337 4125 eina
1349 4074 1442 4126 obeun-

320 4157 360 4208 dis
371 4158 422 4222 apti
430 4158 517 4208 aimus.
530 4160 599 4208 Unus
610 4162 675 4208 Deua
687 4195 694 4221 ,
707 4171 756 4207 una
766 4157 842 4218 tides,
861 4169 910 4208 una
925 4159 952 4207 et
961 4155 1099 4221 disciplina.
1114 4158 1199 4219 Usque
1215 4154 1277 4207 adeo
1287 4155 1336 4205 ulai
1347 4157 1374 4205 et
1385 4155 1442 4205 laici

323 4251 353 4288 aa
368 4238 498 4289 observent
516 4251 560 4301 par
577 4252 641 4301 quae
661 4237 793 4302 presbyteri
814 4235 961 4299 adlegantur
971 4273 979 4299 ,
999 4234 1126 4298 quomodo
1145 4237 1218 4285 erunt
1233 4233 1380 4298 presbyteri,
1396 4235 1440 4297 qui

326 4318 357 4365 ιιι
370 4317 439 4368 laicis
454 4316 637 4379 adieguuurrlo

402 4399 467 4459 (tol)
483 4400 540 4446 Loc.
556 4397 599 4446 cit.
618 4396 641 4445 iu
661 4399 747 4446 leram.
