3234 5084
301 415 370 487 316
446 435 508 486 un.
525 434 572 485 ιιι.
590 430 676 484 enar.
693 431 826 484 mrem.
842 429 1009 485 peruerse.
1027 430 1124 483 rnre.
1141 429 1265 483 enarra

298 555 411 655 reipsa
433 553 571 641 dirimi,
599 577 782 652 numquam
807 549 951 625 dixisset
975 550 1149 624 mulierem
1178 547 1363 623 adulteram
1396 575 1418 623 a

299 669 412 769 priore
436 667 613 742 dimissam
635 693 702 742 non
718 692 795 741 esse
812 666 952 740 alterius
970 665 1154 764 legitimam
1180 689 1340 752 uxorem;
1361 690 1415 739 so·

299 783 370 857 luto
391 783 519 884 quippe
543 783 780 871 matrimonio,
811 782 933 856 mulier
956 780 1064 856 libere
1088 797 1160 870 est,
1189 795 1222 856 et
1256 780 1315 879 qui
1341 805 1416 854 eam

299 898 405 986 ducit,
433 899 580 997 legitime
604 899 710 972 ducit.
731 900 773 973 llt
797 899 864 973 hoc
887 899 1058 973 inficiatur
1082 924 1111 971 s.
1128 896 1414 998 Chrysostomu83

299 1014 367 1088 imo
392 1013 489 1089 docet
513 1040 591 1088 cem
621 1039 699 1088 esse
729 1012 915 1087 adulteram
937 1028 971 1087 et
994 1013 1180 1087 nectentur
1208 1011 1325 1100 illum,
1358 1011 1417 1112 qui

299 1153 375 1203 eam
391 1128 535 1203 duxerit.
553 1129 694 1204 Censuit
711 1130 828 1229 itaque
844 1144 878 1202 et
900 1130 936 1202 iu
961 1128 1026 1203 hoc
1050 1153 1133 1202 casu
1150 1127 1323 1202 vinculum
1340 1153 1418 1202 con·

301 1242 413 1341 iugale
437 1244 603 1342 integrum
626 1270 833 1344 permanere.
864 1243 1077 1343 Quapropter
1093 1241 1314 1318 concludebat
1340 1257 1418 1344 post

300 1357 431 1434 obiecta
452 1358 573 1434 verba:
596 1358 764 1434 «Felellit
791 1374 889 1460 pacta
913 1384 1000 1459 quae
1028 1384 1106 1433 cum
1130 1356 1188 1433 illo
1210 1356 1355 1448 hebuit,
1386 1370 1417 1432 ct

300 1470 346 1546 ad
368 1488 397 1550 tc
420 1500 494 1549 eam
519 1476 658 1549 honestis
684 1474 808 1574 lepidos
831 1501 895 1549 ooo
913 1476 1039 1548 accit.»

788 1740 826 1839 p.
847 1740 929 1813 rvr.

748 1974 784 2024 De
801 1971 965 2025 Theodoreto.

376 2171 443 2245 Neo
466 2169 624 2245 dissentit
647 2169 734 2244 elo.
755 2167 999 2270 chrysostome
1015 2167 1243 2243 Theodoretus
1260 2169 1297 2241 in
1313 2169 1420 2243 omni·
1463 2173 1466 2177 ’

304 2285 404 2360 moda
426 2285 554 2361 duculi
571 2283 760 2383 coniugalis
789 2283 974 2360 asserenda
999 2284 1156 2358 firmitate
1184 2283 1286 2358 etiam
1315 2285 1419 2358 inter-

303 2402 458 2476 veniente
481 2400 655 2488 adulterio,
676 2401 832 2500 quamvis
850 2398 1035 2476 adversarii
1053 2426 1132 2474 enm
1150 2426 1212 2500 pro
1227 2426 1332 2474 causa
1355 2425 1419 2473 sun

304 2515 472 2592 adducere
496 2542 563 2590 non
587 2531 778 2590 vereantur.
801 2516 889 2589 Sane
907 2515 971 2588 trie
995 2542 1016 2588 a
1041 2515 1191 2590 launoio
1214 2541 1256 2589 er
1281 2540 1321 2589 eo
1345 2540 1421 2615 pru·

304 2631 468 2719 seruntur,
489 2630 614 2731 quibus
633 2629 777 2704 suadeat
793 2630 992 2730 episcopum
1016 2655 1207 2731 cyrensem,
1228 2655 1328 2730 quem
1353 2654 1421 2703 me·

306 2747 369 2821 rito
394 2746 528 2821 doctum
552 2763 654 2848 atque
684 2747 719 2818 iu
746 2745 923 2846 scripturis
958 2746 1272 2822 exercitatissimum
1296 2759 1417 2833 vocet,

306 2884 389 2934 suae
409 2860 595 2934 sententiae
619 2858 834 2958 adstipulari:
863 2876 943 2933 sunt
966 2875 1090 2934 autem:

383 2976 411 3046 l.
439 2974 489 3046 Ex
514 2973 575 3047 lib.
594 2975 633 3045 V.
654 2975 819 3047 Hcerctr'c.
840 2975 985 3075 [amur.
1007 3002 1039 3049 e.
1069 2975 1153 3046 xvl.
1181 2973 1349 3076 ubi-haec
1374 2973 1422 3049 le-

306 3104 452 3189 guntur:
481 3090 661 3190 «Antiqua
693 3090 784 3186 (lex)
809 3116 904 3178 eum,
925 3091 983 3192 qui
1002 3116 1137 3164 uxorem
1155 3091 1233 3166 odio
1257 3088 1416 3178 habebat,

305 3206 473 3280 dimittere
489 3206 580 3279 illam
603 3207 721 3293 iussit;
743 3233 831 3281 nova
847 3221 959 3281 autem
977 3206 1182 3281 adulterium
1199 3206 1357 3308 appellat
1368 3233 1421 3279 rc·

306 3322 446 3423 pudium
464 3323 548 3397 citra
565 3322 829 3397 fornicationem.
845 3321 912 3409 Qut
924 3323 1020 3408 enim,
1038 3323 1160 3423 inquit,
1175 3348 1311 3397 oaorem
1326 3348 1421 3395 mom

305 3439 457 3525 dimittit,
481 3454 615 3540 eccepto
637 3440 864 3541 formicationes
891 3466 1009 3525 occec,
1041 3441 1206 3513 moechari
1224 3466 1297 3513 com
1322 3438 1417 3538 scuit,

305 3568 338 3626 et
359 3556 420 3655 qui
442 3555 612 3630 dimissam
634 3555 786 3642 doceat,
813 3557 998 3629 mocclctcr
1024 3557 1056 3650 (l
1065 3557 1138 3651 lo).

381 3671 424 3745 ll.
453 3671 503 3743 Ex
520 3670 672 3746 eiusdem
689 3671 769 3744 libri
786 3698 861 3772 cap.
876 3671 989 3744 xxvl.
1005 3671 1054 3744 Dc
1075 3671 1295 3745 matrimonio:
1312 3699 1330 3739 r
1345 3668 1422 3770 lpse

307 3800 419 3861 autem
442 3786 608 3861 Dominus
634 3813 700 3861 nun
726 3786 840 3862 solum
864 3813 932 3861 non
956 3786 1131 3889 prohibuit
1153 3784 1419 3872 matrimonium,

307 3901 368 3977 sed
393 3916 427 3976 et
454 3902 491 3975 in
520 3902 649 4005 nuptiis
673 3903 871 3978 convivatus
894 3917 962 3990 est,
991 3916 1025 3977 et
1046 3902 1165 3976 vinum
1193 3901 1270 3974 sine
1293 3898 1423 3974 cultura

307 4015 507 4118 productum
532 4017 661 4119 nuptiis
677 4017 802 4093 donum
833 4017 940 4091 dedit.
960 4016 1081 4115 legem
1098 4039 1198 4117 porro
1214 4012 1423 4089 matrimonii

308 4130 393 4205 adeo
409 4131 632 4221 confirmarit,
647 4145 685 4206 ut
701 4158 791 4222 eum,
807 4130 881 4233 qui,
900 4145 1038 4232 excepte
1054 4127 1288 4206 fornicationis
1305 4152 1421 4216 caasa,

377 4395 443 4461 (tto)
457 4397 503 4462 op.
515 4397 554 4450 ed.
566 4398 643 4450 Parte.
657 4403 724 4452 lotz.
737 4401 797 4451 tom.
823 4402 846 4450 t.
860 4410 914 4464 pag.
926 4404 979 4451 289.
