3234 5084
284 398 355 474 tat
403 424 466 474 us.
486 421 535 474 ιιι.
555 420 643 474 seor.
664 380 797 473 ιιιιιιζ
815 418 857 471 ιι
873 417 986 472 morse.
1007 407 1103 471 narn.
1121 415 1243 470 uumsr.

281 541 499 617 ecclesiarum
524 541 724 638 magistrum
750 538 880 613 dixisse
902 564 1082 638 nmquam,
1104 538 1262 612 maritum
1286 533 1404 626 illum,

282 658 356 757 qui,
388 655 534 729 dimissa
558 657 695 755 propter
723 654 977 729 fornicationem
1001 680 1122 742 uxore,
1151 652 1256 728 eliam
1285 651 1403 742 ducit,

282 768 472 844 adulterum
497 795 593 858 esse,
622 795 699 844 cum
724 771 823 845 toties
852 768 994 856 dixerit,
1010 769 1179 857 uxorem,
1212 793 1319 869 quae,
1351 767 1407 841 di·

282 885 389 958 misso
406 882 450 959 ob
467 883 722 958 fornicationem
735 883 889 972 'marito,
910 881 1005 956 alteri
1023 882 1193 983 nupserit,
1215 882 1403 955 adulteram

282 1023 359 1072 esse
387 1000 500 1094 (lbb).
515 1027 536 1068 ι
557 997 646 1095 Ergo
670 998 700 1073 si
730 997 832 1070 fidem
862 997 1042 1096 iungemus
1071 996 1220 1071 launoio
1240 1022 1406 1094 nusquam

282 1139 313 1187 s.
326 1112 552 1213 Hieronymus
564 1110 651 1185 dixit
662 1113 818 1185 moritum
831 1112 940 1196 illum,
956 1113 1026 1211 qui,
1043 1111 1180 1184 dimissa
1195 1126 1328 1210 propter
1339 1111 1406 1211 [or-

281 1227 477 1302 oioett'onem
495 1252 612 1311 acore,
630 1226 734 1298 olium
750 1224 860 1311 ducit,
881 1225 1066 1299 adulterum
1082 1252 1169 1312 esse3
1189 1226 1218 1300 si
1237 1225 1296 1298 illa
1312 1240 1404 1299 esset

284 1342 493 1442 Hieronymo
505 1367 614 1427 mens,
626 1366 788 1440 quorsum
807 1339 950 1415 dixisset
966 1340 1001 1413 iu
1019 1340 1192 1442 descripto
1205 1367 1246 1416 ex
1259 1338 1405 1440 epistola

283 1456 327 1532 ed
344 1456 534 1530 Amandum
560 1455 752 1530 testimonio
765 1483 773 1528 ε
786 1454 1048 1531 «Animadverte
1069 1456 1153 1557 quid
1175 1456 1267 1529 dicet
1286 1454 1404 1552 (Chri-

287 1576 405 1668 stus),
426 1575 486 1672 qui
509 1572 681 1646 dimissam
704 1574 875 1672 occeperit,
895 1571 1026 1646 adulte
1045 1587 1115 1660 est,·
1133 1575 1202 1645 sive
1218 1573 1297 1671 ipsu
1309 1570 1406 1644 detti

284 1688 365 1762 serit
389 1690 518 1774 viram,
546 1689 616 1761 sive
641 1714 663 1760 a
685 1691 758 1761 viro
782 1687 921 1762 dimisso
943 1691 1006 1776 sit,
1035 1689 1167 1763 adulter
1189 1704 1236 1762 eet
1252 1690 1312 1788 qui
1333 1713 1405 1761 eom

283 1803 467 1902 occeperit?
481 1800 612 1888 Quibus
634 1801 748 1876 verbis
773 1802 927 1876 eamdem
953 1803 1123 1902 significet
1147 1829 1223 1879 esse
1245 1818 1316 1876 tum
1337 1801 1404 1875 viri

285 1934 357 1992 tum
382 1918 497 1992 uxoris
517 1916 715 1992 dimittentis
742 1918 990 2007 conditionem,
1017 1918 1065 1991 ita
1081 1934 1119 1991 ut
1135 1933 1277 2019 uterque
1305 1913 1404 1990 adul-

284 2048 335 2107 ter
356 2032 479 2108 euadat
508 2032 574 2107 hoo
599 2033 636 2106 in
664 2060 763 2122 casu,
793 2033 866 2109 sive
893 2034 947 2109 vir
975 2034 1048 2108 sive
1077 2033 1209 2107 mulier.
1232 2034 1273 2105 ln
1299 2034 1398 2134 epist.

282 2173 363 2222 vero
387 2148 431 2222 ad
456 2146 845 2250 OoeanumoQuidquid
876 2150 959 2223 viris
989 2148 1142 2238 iubetur,
1172 2150 1308 2250 iuquit,
1337 2148 1403 2223 hoc

203 2263 1401 2366 ·mmfflfflmmmmfflmmmmm

284 2403 369 2451 uxor
385 2377 585 2453 dimittenda
601 2394 673 2469 est,
693 2394 727 2453 et
741 2379 795 2454 vir
811 2380 973 2454 moechus
990 2380 1194 2455 tenendus.»
1205 2380 1255 2452 Hx
1276 2380 1403 2480 quibus

283 2508 380 2592 patet
401 2519 432 2567 ι.
453 2493 696 2595 Hieronymum
716 2521 783 2568 non
800 2494 901 2568 modo
918 2493 1211 2594 aequivalentibus
1228 2494 1341 2568 verbis
1359 2493 1402 2567 de

284 2608 367 2682 viris
393 2607 564 2682 affirmare
588 2609 680 2709 quod
704 2609 748 2681 de
773 2607 932 2681 foeminis
956 2607 1118 2695 adstruit,
1147 2608 1208 2681 md
1231 2624 1401 2708 praeterea

285 2746 326 2796 ex
350 2721 499 2797 virorum
517 2723 629 2822 potius
647 2721 840 2797 conditione
857 2747 999 2818 arguere
1015 2722 1240 2796 conditionem
1257 2747 1399 2796 uxorum

284 2861 373 2935 quae
397 2835 441 2910 ob
467 2837 669 2910 adulterium
695 2836 858 2911 dimissae
883 2853 983 2925 sunt,
1004 2837 1157 2937 adeoque
1173 2837 1281 2935 legem
1298 2863 1401 2913 evan-

284 2949 428 3048 gelicam
446 2951 639 3025 immediate
655 2952 747 3026 viros
764 2951 918 3038 allicere,
939 2968 972 3025 et
989 2977 1066 3024 oum
1084 2952 1207 3051 parsit
1223 2951 1401 3051 utriusque

284 3063 438 3161 coniugis
458 3064 522 3140 hac
539 3066 575 3138 in
593 3067 818 3154 reconditio,
839 3067 974 3141 silicem
997 3067 1098 3140 etiam
1123 3067 1310 3141 mulierem.
1335 3067 1398 3140 Ta·

284 3178 329 3252 lis
354 3194 406 3252 est
430 3181 581 3278 magistri
601 3180 807 3258 ecclesiarun
827 3181 997 3270 doctriua,
1019 3206 1086 3254 non
1104 3196 1216 3285 autem
1232 3205 1403 3255 commen·

284 3310 370 3383 tum,
391 3296 482 3396 quod
496 3297 666 3372 Leunoius
685 3298 886 3396 excogitavit
903 3296 946 3371 ed
968 3296 1044 3370 eius
1062 3295 1265 3371 eludendam
1285 3310 1402 3371 ιιιιο-

284 3426 431 3486 mmm

355 3527 449 3601 Idem
474 3544 528 3603 est
552 3529 727 3603 serendum
760 3529 924 3603 iudicium
957 3528 1096 3604 alterius
1127 3528 1243 3627 eliugii
1269 3525 1314 3601 ab
1338 3525 1402 3600 ali-

283 3640 410 3742 quibus
435 3643 470 3715 in
495 3643 651 3718 eumdem
677 3645 778 3717 finem
796 3644 963 3746 quaesiti,
984 3645 1064 3719 dum
1082 3645 1177 3718 aiunt
1193 3670 1222 3718 s.
1240 3643 1403 3743 Hierony·

281 3782 374 3829 mum
398 3756 596 3833 distinxisse
620 3759 709 3832 inter
733 3758 935 3833 adulterium
953 3759 1129 3858 probatum
1146 3774 1180 3832 et
1198 3757 1400 3832 adulterium

281 3888 536 3973 praesumptum
552 3904 560 3962 ;
589 3890 691 3974 atque
709 3875 743 3946 iu
762 3874 919 3949 adulterii
937 3873 1075 3974 quidem
1093 3873 1317 3976 praesumpti,
1339 3871 1402 3947 sed

281 4013 348 4061 non
367 3987 498 4088 probati
522 4013 604 4062 casu
632 3987 820 4087 denegasse
845 3987 1035 4062 facultatem
1054 4014 1160 4063 novas
1181 3987 1321 4061 ineundi
1341 4013 1402 4059 nu·

281 4103 390 4202 ptias,
411 4128 486 4175 eam
503 4127 583 4178 vero
599 4104 813 4178 concessisse
830 4103 995 4178 adulterio
1013 4103 1173 4204 probato,
1188 4102 1277 4176 'viris
1302 4128 1402 4202 prae·

283 4217 410 4291 sertim.
428 4218 501 4294 Hoc
517 4244 598 4293 vero
622 4219 831 4319 paradoxum
848 4220 1003 4296 euincere
1020 4220 1217 4295 adnituntur
1232 4217 1303 4292 illis
1325 4241 1402 4292 ver·

355 4366 421 4433 (ιιι)
436 4368 824 4435 circumponeremus.
