3234 5084
304 419 373 472 mr.
389 419 424 471 n.
442 421 481 470 nr
500 420 614 472 inorsa
630 422 726 472 narn.
746 421 780 472 m
797 416 886 472 asne.
903 419 1018 471 nnnur.
1031 420 1100 471 aar.
1118 421 1154 472 rr.
1228 394 1299 488 113

181 540 356 639 sennanim
384 543 461 637 (gr.
480 525 638 639 noprtr'n
654 543 682 635 ),
694 553 728 612 et
746 538 825 613 talis
841 537 1028 627 seminatio,
1045 538 1158 639 qualis
1176 566 1237 614 nee
1254 542 1303 613 in·

181 673 232 730 ter
249 671 387 754 gentes,
410 656 457 730 ita
478 672 514 729 nt
533 681 670 729 umorem
685 657 796 755 patrie
817 657 873 728 eni
889 653 1015 756 aliquis
1037 653 1163 729 habeut
1183 657 1299 753 (51).»

180 771 236 844 Sic
256 771 360 844 Amos
380 772 528 845 11111.
548 768 671 845 «Une
689 786 747 844 tao
763 771 799 842 in
816 770 950 845 civitate
968 770 1222 871 senientiam
1240 769 1301 844 nbi

180 886 266 960 citra
291 885 435 959 dubium
460 911 572 960 sermo
597 901 650 959 est
675 884 718 960 de
742 884 925 972 adulterio,
946 900 984 958 ut
999 885 1067 958 alia
1095 910 1162 961 non
1193 911 1304 987 pauca

181 999 349 1074 eiusmodi
383 1001 458 1074 loca
489 1017 716 1100 praeteream,
748 999 841 1074 unde
872 998 983 1099 palam
1008 1000 1046 1073 fit
1074 1001 1302 1100 fomicationie

180 1141 297 1189 uocem
323 1115 509 1212 generatim
526 1116 561 1188 in
580 1115 762 1216 Scripturis
788 1114 945 1214 usurpari
972 1114 1162 1214 promiscue
1181 1143 1241 1216 pro
1259 1116 1300 1188 il·

182 1230 275 1303 licito
301 1230 481 1303 concubitu
506 1230 579 1303 sive
603 1230 692 1302 intra
717 1229 790 1302 sive
814 1245 906 1301 entra
931 1230 1180 1303 matrimonium
1207 1233 1298 1326 (52).

182 1345 220 1416 ln
240 1371 345 1418 sensu
366 1344 468 1417 etiam
489 1343 717 1443 metaphorica
743 1343 786 1416 de
812 1342 1012 1416 infidelitate
1032 1344 1143 1441 gentis
1169 1344 1300 1419 israeli-

185 1460 272 1533 ticae
296 1485 376 1556 erga
395 1458 503 1531 Deum
530 1484 694 1559 sponsum
715 1483 816 1531 suum
838 1457 957 1531 eadem
977 1485 1041 1533 vox
1070 1446 1229 1557 πορνεία
1255 1459 1298 1532 ad

181 1570 360 1672 spirituale
393 1572 593 1645 adulterium
607 1630 609 1641 .
622 1570 884 1670 significandum
917 1573 1045 1672 passim
1075 1599 1095 1646 a
1124 1572 1323 1673 prophetie,

183 1687 364 1761 adhibetur
378 1691 468 1783 (bd).

253 1804 322 1877 Nec
347 1803 447 1876 relert
471 1802 643 1878 Christum
678 1803 773 1877 hisce
797 1803 834 1877 in
863 1805 1008 1879 textibus
1038 1830 1301 1880 commemorare

179 1918 341 1992 distincte
366 1901 543 2016 πορνείαν
569 1925 603 1982 et
624 1904 812 2014 μοιχείαν
839 1921 1093 1995 fornicationem
1114 1937 1148 1993 et
1167 1918 1300 1993 adulte-

181 2032 284 2121 rium,
300 2033 606 2108 commorationis
626 2034 714 2108 serie
734 2049 837 2134 atque
850 2060 890 2108 ex
906 2061 1009 2135 scopo
1022 2055 1138 2135 aperte
1154 2035 1298 2136 liqueat,

179 2148 296 2223 eodem
309 2148 345 2221 in
358 2174 462 2222 sensu
475 2149 538 2223 has
551 2175 650 2223 voces
664 2150 853 2249 promiscue
867 2150 911 2223 ab
922 2177 962 2225 eo
976 2151 1145 2225 adhiberi.
1162 2153 1301 2224 Frustra

180 2278 292 2338 autem
310 2262 507 2337 adnituntur
518 2263 621 2338 huius
635 2265 822 2339 sententiae
839 2266 1102 2364 patrocinatores
1119 2264 1297 2341 ostendere

182 2380 219 2451 in
238 2405 343 2453 sensu
361 2377 533 2454 exclusivo
550 2379 716 2481 simplicis
742 2380 973 2455 fornicationis
990 2397 1024 2456 et
1041 2408 1103 2483 per
1119 2381 1303 2509 oppositip·

181 2519 257 2567 aem
270 2491 315 2566 ad
334 2493 537 2567 adulterium
551 2493 722 2569 Christum
738 2494 816 2568 bis
807 2524 841 2568 m
857 2495 942 2570 locis
959 2495 1025 2570 hae
1042 2522 1124 2571 veae
1147 2480 1303 2597 πορνεία

180 2609 244 2683 uti
261 2608 299 2682 ld
317 2608 406 2681 enim
427 2608 624 2683 adversetur
647 2609 805 2683 omnibus
831 2609 1101 2685 hermeneuticae
1123 2610 1261 2739 regillis

257 2721 441 2800 tonsam
459 2726 639 2799 auctoritas
657 2741 806 2800 veterum
824 2726 1035 2814 versionum,
1056 2752 1144 2827 quae
1161 2725 1230 2799 vim
1248 2750 1303 2799 vo·

180 2839 231 2913 cis
256 2838 431 2938 genericae
454 2840 682 2940 fornicationis
704 2839 939 2913 determinant.
957 2840 1089 2914 Etenim
1111 2840 1222 2915 versio
1245 2865 1303 2912 ae-

182 2952 332 3054 thiopica
366 2955 416 3029 sic
442 2954 552 3028 reddit
582 2981 616 3029 v.
645 2957 703 3027 32.
732 2980 807 3054 cap.
836 2954 874 3026 ll.
902 2954 1021 3028 Matth.
1054 2952 1215 3031 «Omnis
1241 2955 1301 3054 qui

180 3068 348 3170 relinquet
371 3096 508 3144 uxorem
534 3096 631 3144 suam
647 3070 717 3143 sine
737 3070 972 3170 fornicatione,
995 3068 1170 3144 faciteam
1195 3070 1301 3170 forni-

180 3186 272 3257 cari:
300 3199 334 3257 et
358 3185 416 3285 qui
442 3184 592 3259 relictam
618 3185 731 3271 ducit,
760 3186 941 3284 torneator
966 3200 1051 3257 eet.»
1067 3183 1116 3257 Ex
1142 3211 1210 3285 qua
1227 3210 1302 3258 ver-

182 3297 279 3373 sione
299 3299 466 3374 habemue
491 3299 623 3399 primo,
650 3299 741 3400 quod
767 3299 890 3374 verba:
919 3315 1053 3399 accepta
1072 3325 1172 3373 annea
1197 3299 1302 3397 sorni-

182 3416 342 3499 cntionia,
372 3415 566 3489 necessario
592 3414 779 3489 reserantur
802 3413 846 3488 ad
871 3439 1029 3501 uxorem,
1050 3439 1138 3513 quae
1155 3411 1300 3512 relinqui

183 3530 301 3630 nequit
323 3532 393 3603 sine
413 3530 643 3628 fornicationem
672 3530 843 3618 secundo,
866 3529 956 3629 quod
973 3554 1038 3603 vox
1054 3529 1228 3627 [arnmatio
1245 3552 1302 3600 ne-

182 3647 331 3719 cessario
360 3645 468 3746 accipi
494 3644 613 3720 debeat
637 3645 680 3719 de
705 3643 894 3732 adulterio,
927 3670 1005 3718 eum
1029 3642 1162 3717 dicatur
1190 3640 1233 3715 de
1260 3667 1302 3717 eo

181 3760 241 3859 qni
266 3759 405 3834 alteram
430 3786 568 3834 uxorem
592 3761 706 3835 ducit:
729 3761 971 3861 [amicataseet
987 3786 1049 3859 pro
1066 3756 1247 3844 adulterat,
1268 3773 1302 3831 et

179 3874 263 3970 [ecit
286 3901 358 3949 enm
380 3877 543 3975 [amirari
562 3901 623 3976 pro
642 3876 814 3976 faciteam
828 3874 1003 3948 moecbrni.
1020 3874 1077 3947 Sic
1094 3872 1208 3948 versio
1225 3898 1301 3945 ara-

253 4132 303 4194 (st)
318 4133 357 4183 ct.
369 4133 463 4184 &dnm
475 4134 500 4184 in
513 4135 538 4184 tr.
549 4135 567 4185 1.
579 4132 659 4199 agttm
670 4131 702 4185 de
712 4147 755 4195 eo,
767 4134 811 4198 qui
828 4146 885 4184 anm
899 4144 1020 4195 noverea,
1040 4132 1141 4182 virente
1161 4129 1243 4181 adhue
1259 4142 1300 4194 μ·

180 4210 250 4260 rente
267 4223 329 4275 sno,
350 4212 565 4264 commiscebatur.

251 4291 303 4354 (st)
318 4291 357 4342 ct.
371 4293 392 4342 1.
405 4294 463 4344 cor.
473 4295 517 4343 tt.
533 4300 569 4344 ta.
581 4295 618 4344 Io.
632 4293 697 4344 11111.
711 4296 749 4343 ta.
763 4293 852 4357 Ephes.
864 4295 895 4342 V.
907 4299 930 4343 t.
940 4292 1024 4343 Galat.
1035 4294 1065 4340 v.
1082 4296 1118 4343 17.
1132 4292 1180 4343 eta.

253 4370 304 4433 (51)
320 4371 406 4423 luem.
422 4373 466 4423 ut.
484 4381 504 4424 1.
518 4375 560 4423 Vl.
575 4372 708 4425 18110611.
719 4374 763 4425 Ἦ.
774 4374 865 4423 amvi.
879 4378 915 4423 ¹8.
931 4378 967 4423 lb.
984 4375 1020 4421 17.
1032 4373 1095 4422 Osee
1108 4373 1128 4421 l.
1141 4378 1165 4423 2.
1175 4370 1224 4421 ele.

262 4477 301 4533 111
1219 4479 1252 4530 tt
