3234 5084
316 416 387 491 32⁰
462 436 525 491 nn.
542 435 590 489 nr.
607 434 696 490 secr.
714 435 846 490 esrem.
862 434 902 488 ne
916 433 1027 489 mores.
1044 436 1140 488 narn.
1155 431 1278 490 emtor.

345 565 347 568 ’
389 552 487 641 Quod
513 552 648 627 demum
673 578 772 628 omne
796 551 935 654 depellit
957 551 1099 627 dubium
1123 568 1175 629 est
1191 568 1314 642 textus,
1329 573 1431 656 mem

243 752 245 756 ,
315 669 428 744 Brauu
455 668 582 745 veritus
611 682 665 743 est
693 668 858 767 integrum
884 667 1064 756 adducere,
1091 683 1267 743 mntentus
1292 693 1429 743 sensum

315 784 391 861 eius
417 797 580 873 evertere,
595 797 634 857 ut
658 781 754 857 illum
779 781 824 855 ad
848 808 918 855 rem
944 808 1039 856 snam
1058 783 1339 858 accommodaret.
1364 785 1430 857 lta-

315 926 384 1001 que
409 898 445 971 in
469 911 645 972 comment.
667 897 702 970 in
721 900 756 969 1.
784 896 828 970 ad
852 895 928 971 Gor.
949 898 1018 970 Vll.
1036 900 1094 970 to.
1117 901 1176 970 11.
1197 899 1233 971 in
1250 923 1291 972 ea
1312 896 1425 972 verba:

315 1013 365 1087 Iis
389 1027 495 1087 cutem
512 1014 571 1112 poi
585 1013 792 1085 matrimonio
807 1012 914 1085 iuneti
926 1027 1004 1086 suot
1019 1028 1079 1086 etc.
1100 1012 1328 1088 Theodoretus
1346 1013 1430 1088 haeo

316 1128 464 1229 scripsit:
495 1127 765 1226 «Evangelieam
790 1125 898 1225 legem
928 1142 1062 1201 revocat
1079 1128 1114 1199 in
1132 1128 1341 1201 memoriam.
1362 1128 1429 1202 llo-

317 1245 430 1320 minus
455 1245 546 1320 enim
571 1245 607 1316 in
624 1243 752 1317 sanctis
770 1241 958 1340 evangeliis
980 1244 1081 1316 dixit:
1103 1243 1304 1343 Quicumque
1321 1243 1432 1317 dimit·

317 1361 358 1436 ta‘t
372 1387 508 1436 amorem
519 1375 652 1461 procur
668 1385 767 1459 quom
783 1385 883 1433 causo
899 1357 1141 1459 fornicatiouis,
1161 1356 1332 1460 faciteam
1347 1386 1431 1433 moe-

316 1476 421 1550 clum‘.
442 1477 619 1577 Propterea
632 1473 768 1562 adiecit,
783 1472 860 1549 Non
876 1499 945 1572 epo,
965 1473 1023 1547 sed
1039 1475 1208 1548 Dominus.
1221 1474 1293 1547 Hoc
1304 1489 1428 1561 autem,

317 1605 449 1665 monent
472 1592 627 1691 innupto,
646 1589 699 1662 cel
714 1591 787 1662 viro
807 1586 1047 1674 reconcilietur,
1069 1604 1206 1663 nonest
1228 1589 1432 1663 contrarium

317 1703 387 1778 illi:
414 1704 524 1780 Nolite
552 1701 711 1805 fraudosa
740 1703 880 1777 inuicem
907 1704 978 1776 nasi
999 1703 1081 1803 [orte
1103 1727 1153 1777 eo
1176 1729 1342 1777 consensu.
1370 1702 1433 1777 Illa

316 1820 409 1897 anim
432 1819 523 1893 dicta
548 1833 627 1893 sunt
650 1817 709 1907 iis,
736 1818 796 1918 qui
822 1844 890 1893 non
914 1833 1050 1921 propter
1075 1817 1177 1893 aliam
1203 1844 1353 1906 causam,
1373 1818 1432 1894 sed

315 1949 449 2039 propter
473 1933 581 2009 solam
605 1935 848 2009 continentiam
873 1949 1091 2036 separantur:
1113 1934 1170 2008 hie
1187 1950 1299 2009 autam
1317 1933 1361 2008 iis
1385 1933 1434 2007 le-

315 2076 391 2151 gem
416 2049 551 2139 statuit,
576 2051 637 2152 qui
666 2049 710 2125 de
738 2048 816 2124 aliis
847 2049 949 2125 rebus
979 2050 1198 2126 contendunt.
1227 2051 1270 2125 Et
1293 2066 1434 2125 conatur

316 2166 455 2268 quidem
484 2165 662 2240 infractum
692 2190 827 2240 servare
855 2166 1058 2241 matrimonii
1088 2165 1281 2240 vinculum:
1312 2165 1433 2240 conde

317 2280 483 2357 scandens
508 2295 619 2354 autem
644 2280 884 2369 imbecillitati,
915 2281 947 2355 ei
972 2281 1033 2383 qui
1058 2295 1234 2382 separatur
1260 2281 1435 2354 continen-

318 2395 398 2471 tiam
422 2396 601 2500 praecipit,
634 2394 698 2470 hac
723 2396 825 2469 etiam
853 2395 983 2471 ratione
1011 2391 1196 2498 prohibens
1225 2396 1432 2470 matrimonii

317 2511 590 2586 disiunctionem.
606 2510 690 2585 Gum
714 2511 805 2585 enim
831 2510 926 2585 alteri
951 2511 1109 2610 coniungi
1127 2509 1295 2612 prohibet,
1310 2525 1435 2584 utram·

317 2653 384 2729 que
400 2642 526 2729 partem
545 2626 589 2700 ad
607 2628 702 2729 prius
720 2626 969 2700 matrimonium
982 2626 1093 2701 redire
1104 2625 1275 2727 compellit
1290 2626 1431 2722 (lilla

318 2741 402 2816 Heio
414 2744 564 2845 quisque
577 2743 735 2841 intelligit
746 2741 1071 2841 TheodoretumJnon
1088 2741 1188 2816 modo
1203 2740 1306 2816 verba
1323 2740 1432 2829 Pauli,

316 2882 433 2931 rerum
462 2859 564 2932 etiam
594 2858 704 2958 ipsius
734 2855 860 2931 Christi
888 2855 932 2929 de
961 2857 1108 2958 perlecta
1136 2854 1434 2932 indissolubilitate

317 2971 536 3072 exposuisse,
565 2971 613 3044 ita
636 2985 674 3045 ut
697 2971 741 3046 de
769 2968 999 3045 fornicationis
1027 2997 1131 3045 causa
1160 2996 1203 3045 ne
1231 2971 1433 3048 mentionem

318 3084 457 3186 quidem
483 3084 649 3160 iniecerit.

392 3198 435 3274 Ut
459 3200 561 3299 igitur
587 3201 707 3303 paucis
738 3200 1005 3301 perstringamus
1034 3226 1122 3302 quae
1154 3200 1198 3276 de
1225 3200 1434 3277 Theodoreto

320 3313 386 3389 hac
402 3341 505 3417 super
533 3341 570 3390 re
586 3316 747 3405 diximus,
759 3343 800 3390 ex
812 3342 853 3391 eo
870 3316 1035 3391 habemus
1054 3342 1238 3417 numquam
1258 3317 1371 3417 ipsum
1383 3315 1434 3391 lo-

246 3427 251 3437 ’
318 3445 433 3505 cutum
457 3455 535 3506 esse
558 3430 602 3506 de
626 3429 784 3505 facultate
808 3430 947 3506 alterius
971 3432 1147 3506 ducendae
1171 3432 1303 3519 uxoris,
1323 3431 1433 3532 priore

318 3545 420 3620 etiam
441 3560 576 3649 propter
594 3544 795 3620 adulterium
813 3545 969 3635 dimissa,
990 3547 1026 3619 in
1050 3573 1118 3646 quo
1142 3561 1254 3620 umen
1278 3543 1434 3620 consistit

317 3660 564 3737 controversiae
580 3660 699 3749 eardo;
720 3659 885 3735 habemus
910 3661 1049 3762 insuper
1065 3661 1177 3763 ipsum
1194 3658 1323 3761 ubique
1339 3685 1432 3733 sum·

318 3800 408 3849 marn
432 3775 627 3878 praedicare
651 3774 840 3875 coniugalis
863 3774 991 3848 vinculi
1022 3775 1226 3863 firmitatem,
1248 3788 1352 3875 atque
1374 3799 1433 3847 er·

319 3888 399 3964 inde
414 3890 626 3966 occasionem
642 3890 776 3991 cepisse
792 3889 1049 3964 commendandi
1070 3916 1151 3990 prae
1167 3889 1316 3965 mosaico
1333 3887 1433 3963 insti·

318 4019 390 4081 tuto
414 4005 523 4105 legem
545 4003 775 4104 evangelicam
802 4005 835 4103 (1
843 4006 918 4100 to).

387 4228 452 4292 (1⁴7)
467 4232 514 4294 op.
531 4228 572 4280 ed.
584 4229 626 4281 cit.
637 4232 689 4281 tom
704 4231 748 4280 ΙΙΙ.
762 4241 817 4294 pag.
833 4235 886 4280 too.

387 4308 452 4372 (tte)
466 4308 544 4361 Nimis
558 4309 662 4375 proinde
677 4310 775 4362 tectim
789 4321 817 4360 se
834 4307 947 4373 prmum
965 4306 1136 4372 nonnum,
1151 4307 1212 4359 dnm
1234 4304 1432 4366 mareon.

318 4400 368 4440 nco
390 4402 460 4442 secare
477 4403 507 4441 se
527 4391 663 4452 sumtum,
685 4390 786 4455 dequo
805 4403 862 4442 mox
878 4387 970 4441 dicturi
989 4402 1084 4452 sumus,
1106 4388 1255 4442 advenitis
1273 4384 1378 4438 dtinuit.
1390 4387 1433 4437 set
