3234 5084
319 402 387 470 166
463 424 523 472 ιιι.
547 424 593 473 ιιι.
616 424 701 473 seor.
724 426 853 474 nerent.
876 427 1152 477 uniuersorum.
1171 429 1293 480 cunrsr.

319 540 402 637 legis
419 558 452 612 et
468 540 631 636 evangelii
650 542 830 614 inficiatur.
847 542 1106 616 Concessionem
1126 545 1229 641 igitur
1246 544 1382 618 divortii
1402 546 1436 618 in

267 752 271 757 ¹
319 682 381 730 suo
398 653 579 757 exemplari
600 684 665 730 non
685 656 803 730 habuit
824 658 1062 732 Tertullianus.
1092 661 1169 735 l’ost
1190 687 1278 760 quae
1302 662 1438 736 conclu·

318 772 369 844 dit
380 773 469 869 Hug.
490 772 688 846 «Sufficiunt
701 773 766 846 hae
780 774 945 861 rationes,
964 791 1001 848 ut
1013 777 1241 875 exceptionem
1255 803 1331 875 cap.
1344 779 1432 850 xlx.

319 888 463 986 positam
491 905 662 986 tamquam
687 888 953 964 additamentum
971 891 1184 977 reiiciamus,
1213 891 1303 990 quod
1327 908 1440 990 poste-

320 1005 387 1075 rior
412 1030 531 1078 manus
559 1005 733 1077 invexit.»
763 1005 838 1091 Qua
863 1032 942 1080 vero
970 1006 1099 1080 ratione
1118 1006 1285 1080 eiusmodi
1310 1007 1440 1082 addita·

319 1136 468 1192 mentum
487 1121 632 1217 irrepere
659 1121 801 1218 potuerit
826 1148 998 1220 exponens
1023 1122 1095 1194 ait:
1126 1123 1325 1195 «lectorum
1355 1122 1439 1196 lorte

320 1234 518 1333 quisquam,
542 1262 617 1307 cum
646 1237 680 1306 in
708 1235 800 1309 hunc
826 1235 982 1310 Matthaei
1009 1234 1117 1308 locum
1137 1235 1328 1323 incidisset,
1349 1236 1440 1310 vide

321 1366 436 1449 ratque
456 1350 680 1425 conditionem
699 1352 733 1423 in
756 1351 907 1426 oratione
925 1351 1058 1424 Domini
1077 1350 1218 1423 adiitiali
1232 1376 1308 1449 cap.
1324 1351 1361 1422 V.
1376 1353 1434 1422 32.

318 1466 437 1539 lectam
462 1466 517 1540 hic
533 1467 674 1553 abesse,
700 1468 841 1541 miratus
859 1467 942 1567 quid
966 1468 1012 1540 rei
1033 1467 1160 1553 subsit,
1187 1483 1245 1539 aut
1269 1493 1356 1565 quae
1381 1466 1440 1539 hu·

321 1583 374 1658 ius
404 1584 608 1657 diversitatis
639 1585 724 1659 ratio
759 1584 853 1656 reddi
879 1585 1012 1684 possit,
1039 1582 1241 1657 notationem
1272 1608 1332 1682 pro
1360 1608 1439 1656 con·

320 1698 498 1771 suetudine
522 1715 670 1770 veterum
695 1698 854 1796 adposuit
878 1697 921 1770 ad
948 1697 1131 1794 marginem
1150 1696 1247 1784 libri,
1269 1712 1305 1769 ut
1329 1696 1437 1770 locum

321 1811 498 1908 insigniret
522 1802 686 1915 peculiari
714 1812 897 1884 attentione
923 1810 1077 1908 dignum.
1110 1811 1201 1884 Haec
1229 1811 1379 1885 coniecta
1404 1813 1436 1884 in

321 1929 506 2026 marginem
520 1929 729 2017 observatio,
747 1956 823 2002 oum
838 1928 977 2027 illisqui
992 1944 1108 2027 postea
1125 1949 1165 2000 ao
1177 1926 1264 1999 libro
1276 1928 1330 2000 usi
1344 1945 1436 2012 sunt,

321 2044 565 2117 emendationis
579 2072 682 2119 causa
696 2046 884 2144 adscripta,
906 2062 939 2117 et
956 2070 1054 2117 voces
1073 2044 1107 2115 in
1125 2059 1279 2117 contextu
1296 2042 1439 2117 omissas

321 2158 479 2231 exhibere
495 2160 683 2245 videretur,
704 2160 858 2261 pluribus
881 2159 1084 2258 pedetentim
1102 2158 1237 2244 addita,
1257 2174 1290 2231 et
1306 2158 1439 2231 tandem

322 2298 397 2344 curn
424 2300 510 2347 nova
535 2275 737 2376 exemplaria
767 2275 1031 2359 conficerentur,
1056 2272 1243 2347 alibrariis
1273 2273 1308 2344 in
1330 2272 1438 2347 media

320 2387 423 2462 verba
449 2391 582 2464 Domini
610 2392 701 2464 illata
729 2408 780 2464 cst
801 2395 866 2487 (b)
888 2421 904 2458 ιι

394 2504 458 2577 Alii
486 2508 626 2581 ulterius
653 2508 823 2607 progressi
850 2506 1058 2580 contendunt
1082 2505 1286 2605 colloquium
1316 2504 1439 2578 Christi

321 2650 397 2697 cum
412 2624 603 2726 pharisaeis
617 2623 705 2722 apud
725 2623 842 2695 llatth.
861 2623 946 2692 xlx.
965 2621 1110 2693 desiisse
1123 2619 1191 2693 illis
1204 2619 1329 2693 verbis:
1348 2618 1442 2704 Quod

323 2776 397 2847 erpo
423 2746 509 2817 Deus
534 2741 707 2813 coniunoeit
723 2740 813 2810 homo
840 2766 902 2809 non
928 2753 1071 2835 separet,
1093 2762 1213 2835 nempe
1231 2736 1264 2809 in
1281 2762 1314 2809 ιι.
1337 2738 1371 2807 6.
1394 2735 1441 2806 in-

323 2863 474 2943 clusive;
509 2857 660 2955 adeoque
688 2880 739 2926 vv.
770 2857 803 2924 7.
826 2857 859 2924 8.
887 2870 920 2926 et
946 2855 979 2923 t.
1017 2851 1250 2951 supposititios
1275 2876 1368 2935 esse,
1401 2877 1441 2923 ac

323 2980 433 3078 primo
454 2977 488 3046 in
505 2971 680 3068 evangelia
694 2969 819 3071 quibus
838 2995 991 3045 nazaraei
983 2967 1177 3042 ebionitae
1190 2984 1223 3041 et
1240 2966 1439 3041 cerinthiani

320 3090 527 3168 utebantur
519 3087 708 3187 irrepsisse
731 3085 911 3159 Paulusius
930 3083 1229 3180 Heidelbergcnsis
1247 3083 1440 3179 suspicatus

322 3228 374 3285 est
398 3207 500 3281 verba
527 3203 644 3277 saltam
671 3228 782 3322 quae
784 3216 993 3301 prostantv
1023 3202 1057 3270 t
1096 3184 1208 3268 καὶὸ
1246 3184 1441 3267 dransae

318 3311 431 3423 μένην
448 3304 631 3419 γαμήσας
654 3338 871 3413 pergerat,
898 3332 928 3387 et
945 3343 1003 3414 qur
999 3315 1186 3387 dimissam
1199 3313 1333 3386 domarit
1355 3338 1440 3385 moe-

323 3443 439 3513 chatur
457 3436 566 3509 serius
592 3433 695 3505 textui
720 3433 863 3506 luisse
855 3449 1001 3518 inserta,
1029 3457 1069 3504 eo
1093 3429 1219 3560 quod
1211 3456 1244 3500 ιιι
1267 3427 1440 3528 plerisque

323 3553 496 3630 codicibus
519 3547 770 3633 desiderentur;
793 3573 852 3646 pro
869 3546 981 3620 vorbis
999 3562 1112 3619 autem
1129 3569 1178 3636 μιι
1199 3530 1256 3613 t'rl
1286 3538 1439 3643 πορνεία

326 3676 450 3769 (prout
473 3668 546 3766 ipse
565 3664 722 3761 legebat)
750 3663 853 3736 verba
870 3650 1065 3762 (παρεκτὸς
1094 3645 1222 3760 λόγου
1254 3653 1439 3758 πορνείας

323 3787 430 3859 luisse
455 3783 691 3874 substitutam
694 3784 723 3873 )

394 3900 458 3970 Alii
481 3898 581 3971 etiam
607 3895 710 3968 verba
737 3894 853 3967 lllatth.
876 3895 913 3964 V.
936 3895 994 3965 32.
1017 3908 1050 3965 et
1067 3893 1152 3962 xlx.
1176 3894 1209 3962 9.
1237 3892 1282 3961 Εε
1308 3916 1365 3988 qur
1361 3888 1441 3959 dr'-

324 4017 458 4087 missam
482 4012 634 4095 deserit,
664 4010 829 4082 adulterat
855 4008 1054 4108 interpolata
1080 4006 1186 4080 luisse
1208 4004 1437 4088 crediderunt,

326 4132 410 4200 inter
426 4154 514 4227 quos
533 4127 712 4223 Gregorius
731 4126 863 4223 Meyer,
887 4125 944 4223 qui
963 4123 1096 4197 censuit
1112 4120 1214 4195 verba
1231 4120 1332 4193 citata
1349 4144 1368 4189 e
1385 4143 1441 4190 co·

408 4311 442 4371 (e)
459 4314 485 4360 ln
497 4325 537 4374 op.
550 4312 591 4362 cit.
605 4312 627 4375 §.
644 4320 666 4361 t.
683 4326 735 4375 pag.
752 4318 774 4360 a.
788 4314 812 4359 ct
822 4318 846 4359 a.

406 4392 439 4451 (7)
455 4390 523 4454 apud
537 4391 679 4452 Rrrslrorany
691 4405 730 4453 op.
744 4390 786 4439 cit.
802 4390 824 4451 §r
838 4394 875 4439 te.
891 4403 914 4452 p.
933 4398 982 4440 tta.
