3234 5084
323 422 391 497 tto
466 442 527 497 ιιι.
548 440 597 493 ιιι.
617 437 705 493 secr.
727 438 857 491 sorem.
880 434 1304 491 nemorumnemorum

396 563 560 637 Romanos
582 573 693 635 autem
717 558 894 635 Pontifices
909 557 1115 658 antiquiores
1133 555 1366 641 existimasse,
1388 555 1438 629 nti

325 676 473 752 subdunt
498 674 535 747 bi
561 674 726 773 theologi,
750 699 788 748 se
812 673 870 746 tali
892 685 1056 771 potestate
1077 696 1143 744 non
1166 668 1305 770 pollere,
1326 670 1444 771 explo

323 808 431 867 ratum
456 816 523 865 non
547 806 628 876 ests
653 814 715 864 nec
740 787 876 889 probari
899 812 1001 886 posse
1024 786 1168 860 videtur.
1192 784 1236 855 Hi
1261 785 1441 859 Pontifices

325 906 543 1007 perhibentur
570 904 736 979 ttiaotaus
763 904 791 974 l.
827 901 1014 977 Alexander
1039 901 1099 974 lll.
1133 899 1346 977 Innocentius
1370 899 1432 972 lll.

323 1021 448 1123 quibus
472 1021 601 1099 addunt
620 1046 661 1095 ex
685 1017 921 1093 nonnullorum
939 1016 1137 1093 auctoritate
1155 1014 1365 1089 Hadrianum
1380 1014 1434 1085 l'l.

322 1136 443 1213 terum
469 1161 642 1237 perperam
669 1134 732 1208 hos
750 1133 930 1207 Pontifices
947 1128 1048 1206 veluti
1068 1130 1270 1207 contrarium
1291 1129 1443 1204 sentien-

324 1267 374 1325 tes
400 1251 537 1352 prolerri
564 1277 605 1323 ex
622 1250 895 1324 documentorum
914 1246 1045 1349 analysi
1063 1246 1161 1320 facile
1178 1262 1230 1320 est
1246 1245 1439 1321 ostendere.

406 1366 455 1441 dc
480 1366 587 1465 primo
612 1364 741 1439 Nicolai
765 1364 914 1438 omnium
940 1362 1160 1438 vetustissimi
1187 1361 1352 1458 allegatur
1375 1362 1445 1461 epi·

324 1481 410 1557 stola
433 1480 476 1556 ad
502 1480 657 1554 Carolum
682 1480 878 1580 episcopum
898 1479 1131 1576 moguntinum
1150 1478 1184 1551 in
1203 1504 1273 1577 qua
1291 1476 1438 1574 legitur:

327 1596 404 1675 «Hi
428 1597 486 1697 qui
512 1595 761 1671 matrimonium
785 1596 861 1671 sani
886 1594 1129 1681 contraxerint,
1156 1607 1190 1666 et
1213 1593 1273 1665 uni
1290 1618 1333 1666 cx
1353 1593 1439 1666 duo·

326 1712 392 1791 bus
405 1711 570 1799 umentia,
590 1726 648 1784 aut
665 1710 775 1797 furor,
790 1726 849 1783 aut
861 1709 976 1810 aliqua
989 1708 1168 1781 infirmitas
1184 1707 1380 1794 accesserit,
1394 1707 1440 1780 ob

328 1826 418 1911 hano
443 1826 670 1909 infirmitatem
689 1825 846 1922 coniugia
858 1824 975 1898 talium
988 1823 1072 1898 solvi
1093 1844 1160 1898 non
1174 1839 1330 1923 possunt.
1344 1823 1439 1895 Simi-

323 1941 404 2017 liter
417 1940 630 2017 sentiendum
643 1940 686 2014 de
698 1940 770 2027 bis,
787 1940 847 2041 qui
861 1940 904 2013 ab
914 1939 1117 2014 adversariis
1131 1954 1365 2025 excaecantur,
1380 1953 1442 2010 aut

325 2056 485 2141 membris
499 2072 716 2144 truncantur,
737 2071 830 2129 anta
845 2054 1000 2129 barbaris
1016 2055 1140 2130 exsecti
1154 2055 1276 2128 luerint
1292 2055 1436 2150 (129).»
1507 2104 1513 2115 .

323 2174 374 2244 Ex
396 2173 531 2274 quibus
543 2174 692 2253 inserunt
709 2172 846 2246 Pontius
864 2188 897 2246 et
913 2170 1078 2259 Collatus,
1098 2172 1307 2270 menifestum
1322 2186 1369 2243 est
1383 2196 1441 2243 su·

324 2288 576 2387 pervenientem
594 2288 832 2389 ¹impotentiam
857 2306 923 2360 non
944 2286 1052 2361 videri
1073 2285 1249 2363 Nicolaol.
1273 2287 1454 2363 suffimen„
1540 2314 1542 2317 ’

324 2392 390 2477 tem
403 2422 554 2479 'causam
572 2402 1067 2489 dissolvendimatrimonium,
1087 2403 1151 2504 qui
1167 2402 1360 2477 indistincte
1377 2418 1444 2476 sta

322 2518 387 2591 tuit
406 2518 656 2593 matrimonium
676 2516 780 2599 semel
796 2531 1001 2590 contractum
1027 2543 1069 2589 ne
1093 2517 1231 2616 quidem
1254 2516 1299 2591 ob
1316 2516 1442 2614 gravia

322 2634 427 2719 simas
446 2633 629 2721 amentiae,
658 2633 806 2719 luroris,
830 2631 1017 2705 detruncati
1035 2632 1197 2718 membri,
1220 2648 1322 2732 atque
1340 2632 1440 2707 etiam

322 2749 526 2833 exsectionis
549 2738 672 2823 causas
697 2747 810 2823 dirimi
836 2772 950 2846 posse.
1428 2732 1431 2743 ’

394 2864 455 2938 Ast
479 2884 557 2938 vero
582 2864 618 2936 in
643 2880 711 2939 toto
736 2861 865 2936 Nicolai
885 2878 976 2937 textu
1002 2889 1047 2945 ne
1069 2863 1210 2939 uerbum
1227 2863 1365 2964 quidem
1381 2888 1438 2937 oo-

321 2978 507 3078 curritque
523 2979 718 3053 insinuetur·
729 2978 841 3076 ipsum
851 2976 1006 3055 'locutum
1025 2977 1069 3053 de
1084 2979 1297 3053 matrimonio
1310 2994 1437 3053 tantum

320 3109 393 3168 rato
422 3093 539 3169 luisse.
570 3093 658 3180 Quia
686 3092 799 3193 potius
818 3093 1095 3179 omniasuadent
1113 3114 1191 3169 eum
1210 3094 1254 3168 de
1272 3094 1438 3170 matrimo
1476 3124 1480 3133 ·

319 3209 378 3287 nio
399 3225 632 3287 consummato
649 3210 874 3296 disseruisse,
902 3236 1006 3309 quum
1028 3210 1168 3285 difficile
1186 3211 1233 3284 sit
1249 3237 1438 3313 supponere

318 3325 378 3401 illa
402 3346 490 3427 qu'ae
516 3343 754 3401 enumerantur
774 3325 965 3422 contingere
984 3325 1076 3399 brevi
1109 3326 1312 3412 intervallo,
1345 3327 1433 3426 quod

317 3440 405 3515 inter
427 3441 685 3517 celebrationem
702 3441 933 3528 :matrimonii3
955 3442 1097 3540 eiusque
1114 3443 1434 3515 consummationem

316 3540 563 3630 efflueresolet.
584 3557 758 3631 Praeterea
768 3569 908 3641 sanctus
923 3555 1072 3629 Pontifex
1085 3554 1122 3627 in
1134 3555 1278 3653 allegata
1294 3554 1435 3656 epistola
1536 3560 1542 3568 ’

316 3696 384 3753 non
395 3672 474 3769 'agit
489 3671 533 3745 do
551 3670 803 3773 dispensatione
822 3693 916 3771 xquae
933 3670 976 3743 ab
999 3670 1179 3755 illoluerit
1198 3673 1301 3772 petita
1318 3698 1359 3746 ac
1375 3672 1434 3745 de·

314 3802 451 3885 negata,
472 3786 533 3863 sed
558 3787 601 3877 de
622 3812 786 3887 responso
812 3784 989 3863 doctrinali
1006 3787 1199 3886 quaestioni
1225 3785 1297 3874 sibi
1316 3813 1434 3887 propo

311 4000 444 4052 adbaerent
456 4002 587 4069 plaoltoln
598 4001 710 4053 doctrina
720 4002 807 4052 morali
820 4001 850 4051 ad
863 4002 1116 4067 probabilioristarom
1131 4003 1234 4054 classem
1245 4003 1380 4068 pertinere,
1389 4003 1432 4067 qul

312 4078 583 4144 dirisprobnblttsmum
603 4081 733 4132 devorent.
745 4081 777 4132 ltl
795 4082 875 4131 tamen
897 4072 942 4145 ips't
959 4095 1008 4131 non
1023 4084 1139 4134 rarenter
1157 4082 1279 4133 affirmare
1300 4096 1363 4133 rorn.
1377 4085 1434 4133 Pon

311 4158 389 4212 uma
398 4159 423 4211 ta
435 4174 462 4212 re
472 4163 535 4221 trntt
548 4155 664 4219 uomere
673 4165 799 4228 emebat
805 4154 941 4226 probubttt
951 4162 1051 4217 unum
1061 4153 1219 4217 mrbtm'onte
1228 4166 1280 4215 ran
1291 4163 1433 4215 dimntrtsre

310 4242 385 4304 atque
403 4255 478 4306 porro
497 4242 642 4294 dlssolrare.

383 4322 449 4385 (tae)
462 4322 533 4386 Apud
543 4323 689 4376 Gratianum
698 4323 724 4375 tn
735 4325 1038 4389 membranaceum
1048 4328 1146 4377 mtl.
1156 4326 1253 4390 quaml.
1266 4325 1320 4376 vtt.
1328 4337 1383 4389 cap.
1393 4330 1432 4375 ιι

310 4405 338 4465 st
353 4405 417 4470 retr
436 4404 646 4456 motrtororrtuot.
