3234 5084
304 437 373 490 ιιι.
392 434 441 489 ιιι.
458 433 607 494 osunen
621 433 813 490 rnencnc.
829 433 942 488 meus.
954 431 1134 488 uernum.
1150 435 1174 487 1.
1228 411 1297 485 its

183 557 274 632 mue
301 569 432 655 putrem
463 567 496 627 et
527 567 688 638 matrem,
723 566 756 627 et
782 551 971 626 adhaerebit
1002 553 1105 626 seui
1134 573 1232 639 sune,
1269 569 1300 627 et

180 686 274 750 uuul
305 670 370 746 duo
401 668 459 743 illi
489 694 565 742 euro
596 694 676 742 uuo.
719 669 769 742 lte
804 692 882 744 cum
917 667 1060 766 primem
1089 664 1234 766 legisset·
1251 666 1302 743 ls-

180 813 279 887 gem,
307 799 410 888 quem
435 786 509 886 ipse
533 782 684 871 dederat,
713 782 907 858 subiunxit:
927 783 1044 882 Itaque
1060 784 1129 857 inm
1144 810 1210 858 utu
1225 797 1304 858 suot

182 903 259 979 duc.
289 900 385 990 Quod
408 927 484 1000 erpo
508 901 596 973 Deus
620 900 810 985 eooiuuoeil,
836 898 927 972 lomo
951 924 1016 972 ocu
1039 914 1177 998 separet.
1197 898 1304 973 »Sub

183 1019 284 1094 finem
317 1042 397 1092 nere
430 1014 584 1090 eiusdem
617 1013 741 1115 cepitis
774 1013 903 1115 prolutu
936 1012 1089 1114 Apostoli
1113 1015 1297 1090 sententie:

180 1133 231 1210 Iis
255 1149 375 1217 ouum,
402 1133 463 1232 qui
483 1131 692 1205 mutrimouio
716 1129 823 1206 iuneti
843 1144 920 1203 suet
940 1144 1001 1204 etc.
1027 1129 1138 1230 pergit
1161 1129 1299 1206 dicens:

185 1250 362 1323 «lentum
378 1247 486 1336 obest,
506 1261 545 1321 ut
568 1245 744 1347 prohibeat
760 1245 1025 1334 matrimonium,
1045 1260 1084 1320 ut
1100 1246 1202 1319 etism
1221 1271 1302 1321 eum

183 1364 244 1467 qui
261 1362 411 1438 dissoluit
430 1364 462 1459 (1
470 1365 548 1457 li),
563 1360 744 1438 dominicis
760 1360 893 1461 legibus
911 1359 1080 1436 cohibent.
1101 1363 1174 1435 Non
1191 1360 1297 1449 enim,

183 1505 260 1577 ego,
277 1477 407 1579 inquit,
423 1477 514 1553 hunc
538 1476 648 1576 legem
666 1476 793 1567 scribe,
808 1475 871 1552 sed
893 1477 1058 1552 Dominus
1071 1477 1176 1566 Dens,
1191 1478 1300 1579 quiin

184 1592 369 1692 evangeliis
394 1592 520 1668 divinis
545 1592 687 1681 edieoit,
711 1605 746 1668 et
773 1617 848 1667 eam
877 1616 966 1694 quae
994 1608 1150 1694 sepuretu
1174 1592 1303 1682 luerit,

185 1709 361 1808 innuptum
386 1733 523 1784 munere
547 1706 742 1797 insistere
760 1708 890 1784 ratione
914 1733 1037 1807 cogens
1055 1708 1166 1783 tediis
1182 1708 1226 1782 ud
1239 1707 1304 1783 ἰἰέ

184 1849 259 1898 rum
274 1824 415 1919 (116).»
431 1820 563 1909 Quiluns
574 1820 956 1925 verbis-'quemcumque
972 1820 1162 1922 coniugalis
1172 1819 1302 1897 vinculi

185 1935 389 2014 solutionem
413 1935 568 2014 obsolute
589 1935 751 2014 excludit.

259 2052 298 2128 ln
325 2052 422 2126 uitio
450 2065 563 2141 textu,
590 2076 669 2130 eum
685 2050 807 2126 ulleret
831 2050 963 2149 integro
979 2049 1163 2127 salvatoris
1178 2050 1295 2127 verbu:

184 2166 230 2242 Ill
244 2169 305 2268 qui
320 2165 491 2242 dimissum
508 2165 654 2254 deserit,
681 2163 859 2253 adulterae
879 2165 964 2242 setis
989 2164 1150 2253 ostendit,
1170 2190 1209 2240 se
1223 2189 1303 2242 nen

186 2282 361 2358 admisere
372 2281 502 2360 vinculi
516 2281 727 2370 solutionem
740 2280 822 2360 dum
831 2305 910 2356 vero
922 2279 1048 2380 profert
1057 2280 1161 2357 verbe
1170 2279 1242 2355 ille:
1258 2280 1304 2356 ob

189 2395 444 2472 lomicetionem
462 2395 549 2472 solui
567 2395 717 2496 eupolum
732 2395 832 2482 iulet,
850 2409 966 2494 aperte
977 2395 1089 2471 innuit
1102 2421 1139 2471 se
1150 2393 1246 2498 loqui
1257 2395 1303 2471 d'e

186 2513 287 2586 unice
299 2537 404 2587 ceusu
416 2510 600 2588 intrinsece
612 2509 837 2612 separationis
849 2510 961 2611 quoad
975 2525 1097 2599 torum3
1105 2509 1198 2612 qnod
1211 2537 1306 2614 uper·

186 2627 255 2702 tius
277 2640 411 2702 constet
427 2653 469 2702 ex
484 2652 567 2702 voce
590 2625 690 2712 iulet,
710 2651 800 2728 quiue
816 2625 946 2701 iudicet
960 2626 1213 2726 obligationem,
1234 2653 1305 2728 que

185 2742 239 2824 uir,
254 2759 387 2819 tenetur
404 2743 449 2819 ud
464 2741 699 2818 dimittendum
715 2767 875 2832 uxorem,
895 2770 984 2846 quae
999 2758 1137 2819 maneat
1153 2743 1190 2818 in
1207 2741 1306 2817 adul

190 2858 291 2945 lenio,
311 2884 354 2933 ne
369 2858 444 2934 eius
469 2857 582 2936 delicti
601 2885 640 2938 ee
656 2857 854 2962 participem
872 2858 975 2935 lecint
991 2859 1085 2934 iuxta
1101 2858 1187 2934 illud
1205 2860 1301 2933 Pron.

188 2969 259 3058 Qut
274 2987 357 3046 unu
371 2972 556 3048 atumem
569 2973 690 3050 ιιιὶιιι
706 2989 754 3051 eu
769 2990 803 3050 u
816 2976 950 3075 ispius,
971 2974 1015 3049 ab
1031 2974 1186 3076 antiquis
1203 2998 1308 3075 saepe

187 3084 376 3161 laudatum.

258 3356 327 3419 titt)
347 3358 401 3408 lise
415 3357 545 3409 oceusionc
565 3359 658 3410 adnoto
674 3371 808 3423 quemnam
828 3359 973 3424 potestatem
1001 3369 1075 3408 voces
1091 3353 1248 3416 dissolvere,
1267 3354 1307 3405 dt·

187 3439 282 3488 rimere
297 3439 345 3488 etc.
366 3437 472 3489 hsbeent
493 3447 567 3504 penes
587 3440 711 3503 antiquos.
733 3440 836 3489 certum
850 3438 918 3489 euim
934 3440 972 3489 est
985 3437 1027 3487 lsic
1045 3448 1061 3486 s
1080 3433 1237 3486 Theodorelo
1253 3447 1307 3485 ren·
1378 3427 1383 3440 '

188 3515 247 3567 bum
266 3515 417 3579 dissolvere,
436 3518 515 3582 seclpl
532 3519 558 3568 in
578 3531 651 3569 sensu
672 3517 833 3582 seperstlonis
847 3516 967 3582 perttelis,
978 3529 1021 3567 sen
1032 3513 1115 3578 qnosd
1127 3516 1210 3564 lorum
1228 3514 1254 3563 el
1265 3513 1307 3562 hn-

189 3597 340 3648 bitstionem.
359 3598 430 3657 Quod
455 3598 556 3663 quidem
574 3596 734 3650 confirmetur
750 3599 800 3650 ulio
822 3597 944 3662 exemplo,
961 3611 1012 3661 quo
1033 3607 1105 3647 sensu
1124 3596 1219 3646 veteres
1233 3605 1308 3658 quen·

188 3675 271 3739 doque
289 3690 375 3729 vocem
390 3675 534 3729 dusoluere
553 3677 684 3742 accipient,
701 3690 752 3729 non
772 3676 804 3730 sd
822 3676 1008 3741 significandum
1022 3676 1124 3740 plenum
1138 3673 1246 3737 eontnglt
1263 3671 1310 3723 dis

188 3755 345 3819 solutionem,
357 3756 401 3808 sed
411 3756 443 3808 ed
453 3757 581 3822 partialem
596 3758 702 3820 tuntum,
711 3757 830 3808 nimirum
841 3770 871 3808 ιι
882 3757 993 3822 putribus
1001 3754 1102 3806 concilii
1111 3753 1252 3819 gangrensis
1263 3751 1308 3817 qut

188 3835 343 3900 insynodleu
356 3837 429 3902 epist.
439 3850 485 3889 sue
494 3837 640 3888 siuntluxts
650 3839 758 3889 veterem
777 3838 952 3888 versionum«
963 3835 1035 3888 Unde
1045 3836 1193 3897 factumest,
1203 3834 1232 3885 ul
1248 3832 1309 3884 inul-

191 3917 231 3966 ιιι
243 3915 360 3966 mulieres
371 3916 433 3981 eos(
444 3915 637 3979 Enstethiunos)
658 3918 767 3982 euntes,
787 3917 880 3968 relictis
894 3915 1001 3982 propriis
1019 3916 1089 3977 ιίιὶι,
1106 3916 1132 3966 et
1141 3914 1203 3977 vid,
1225 3912 1307 3963 uxori·

190 3993 236 4045 bus
257 3994 397 4060 destitutis,
418 3996 558 4048 clnculum
583 3996 721 4061 centupule
738 3996 931 4058 dissolverent,
953 3996 1130 4047 continentiam
1149 3993 1308 4059 prolitentes,

190 4088 266 4139 quem
280 4089 337 4126 cnm
354 4076 459 4127 retinens
477 4090 527 4126 non
546 4078 660 4142 possent,
680 4075 848 4129 adulterium
869 4077 1053 4128 commiserunt.
1073 4097 1085 4120 ι
1100 4079 1152 4127 lem
1174 4088 1233 4125 vero
1251 4086 1310 4137 qus·

191 4168 248 4205 neni
262 4156 357 4207 ratione
375 4156 524 4208 adulterium
540 4160 679 4223 perpetiere
698 4159 855 4223 potuissent,
870 4159 891 4208 st
909 4158 1000 4223 prioris
1010 4158 1117 4221 coniugii
1129 4156 1239 4208 solutum
1257 4153 1311 4208 eru

187 4235 331 4287 vinculum?
348 4236 504 4288 celebratum
523 4239 561 4290 est
580 4241 663 4289 eutem
675 4238 724 4289 hoc
742 4238 874 4290 concilium
895 4238 962 4289 eires
976 4250 1017 4288 un.
1031 4241 1085 4290 tet.
1097 4233 1305 4301 inPsphlsgonis.

190 4318 219 4368 ln
234 4316 332 4368 collect.
343 4316 455 4382 empllss.
464 4318 554 4372 concil.
563 4320 651 4371 venel.
668 4323 735 4371 175³.
745 4320 806 4377 tom
820 4319 853 4370 11.
864 4318 913 4370 eol.
926 4322 994 4370 1⁰97.

259 4396 325 4460 (tle)
341 4396 386 4447 Ed.
399 4397 443 4448 cit.
455 4410 510 4461 με.
525 4404 581 4450 tot.
891 4416 909 4428 ··
