<?xml version="1.0" encoding="UTF-8"?>
<!DOCTYPE html PUBLIC "-//W3C//DTD XHTML 1.0 Transitional//EN"
    "http://www.w3.org/TR/xhtml1/DTD/xhtml1-transitional.dtd">
<html xmlns="http://www.w3.org/1999/xhtml" xml:lang="en" lang="en">
 <head>
  <title>
</title>
<meta http-equiv="Content-Type" content="text/html;charset=utf-8" />
  <meta name='ocr-system' content='tesseract 3.04.00' />
  <meta name='ocr-capabilities' content='ocr_page ocr_carea ocr_par ocr_line ocrx_word'/>
</head>
<body>
  <div class='ocr_page' id='page_1' title='image "./dematrimoniochr03perrgoog_0444.png"; bbox 0 0 3234 5084; ppageno 0'>
   <div class='ocr_carea' id='block_1_1' title="bbox 353 428 1311 505">
    <p class='ocr_par' dir='ltr' id='par_1_1' title="bbox 353 428 1311 505">
     <span class='ocr_line' id='line_1_1' title="bbox 353 428 1311 505; baseline -0.002 -5"><span class='ocrx_word' id='word_1_1' title='bbox 353 428 422 501; x_wconf 77' lang='lat' dir='ltr'>tat</span> <span class='ocrx_word' id='word_1_2' title='bbox 496 451 557 501; x_wconf 79' lang='lat' dir='ltr'>en.</span> <span class='ocrx_word' id='word_1_3' title='bbox 573 449 619 501; x_wconf 87' lang='lat' dir='ltr'>ru.</span> <span class='ocrx_word' id='word_1_4' title='bbox 637 447 723 503; x_wconf 79' lang='lat' dir='ltr'>secr.</span> <span class='ocrx_word' id='word_1_5' title='bbox 741 450 871 499; x_wconf 78' lang='lat' dir='ltr'>mrem.</span> <span class='ocrx_word' id='word_1_6' title='bbox 889 448 928 499; x_wconf 85' lang='lat' dir='ltr'>nr</span> <span class='ocrx_word' id='word_1_7' title='bbox 946 447 1060 503; x_wconf 80' lang='lat' dir='ltr'>innisa.</span> <span class='ocrx_word' id='word_1_8' title='bbox 1076 449 1171 503; x_wconf 73' lang='grc'><strong>3333.</strong></span> <span class='ocrx_word' id='word_1_9' title='bbox 1189 450 1311 505; x_wconf 77' lang='lat' dir='ltr'>ceusu.</span> 
     </span>
    </p>
   </div>
   <div class='ocr_carea' id='block_1_2' title="bbox 351 565 1472 2513">
    <p class='ocr_par' dir='ltr' id='par_1_2' title="bbox 351 565 1471 1010">
     <span class='ocr_line' id='line_1_2' title="bbox 351 565 1470 664; baseline 0.004 -25"><span class='ocrx_word' id='word_1_10' title='bbox 351 568 443 643; x_wconf 89' lang='lat' dir='ltr'>illam</span> <span class='ocrx_word' id='word_1_11' title='bbox 460 566 584 639; x_wconf 83' lang='lat' dir='ltr'>Christi</span> <span class='ocrx_word' id='word_1_12' title='bbox 603 567 802 639; x_wconf 87' lang='lat' dir='ltr'>sententiam</span> <span class='ocrx_word' id='word_1_13' title='bbox 817 623 826 653; x_wconf 90' lang='lat'>,</span> <span class='ocrx_word' id='word_1_14' title='bbox 839 583 884 640; x_wconf 83' lang='lat' dir='ltr'>ut</span> <span class='ocrx_word' id='word_1_15' title='bbox 900 567 979 639; x_wconf 90' lang='lat' dir='ltr'>inde</span> <span class='ocrx_word' id='word_1_16' title='bbox 997 567 1119 655; x_wconf 82' lang='lat' dir='ltr'>inferat</span> <span class='ocrx_word' id='word_1_17' title='bbox 1136 565 1256 643; x_wconf 78' lang='lat' dir='ltr'>euseb</span> <span class='ocrx_word' id='word_1_18' title='bbox 1272 568 1470 664; x_wconf 75' lang='lat' dir='ltr'>evangelica</span> 
     </span>
     <span class='ocr_line' id='line_1_3' title="bbox 351 679 1471 781; baseline 0.004 -26"><span class='ocrx_word' id='word_1_19' title='bbox 351 681 524 756; x_wconf 77' lang='lat' dir='ltr'>discedere</span> <span class='ocrx_word' id='word_1_20' title='bbox 554 679 725 768; x_wconf 86' lang='lat' dir='ltr'>doctrina,</span> <span class='ocrx_word' id='word_1_21' title='bbox 753 682 813 781; x_wconf 89' lang='lat' dir='ltr'>qui</span> <span class='ocrx_word' id='word_1_22' title='bbox 838 681 953 780; x_wconf 89' lang='lat' dir='ltr'>plures</span> <span class='ocrx_word' id='word_1_23' title='bbox 978 682 1022 757; x_wconf 92' lang='lat' dir='ltr'>ob</span> <span class='ocrx_word' id='word_1_24' title='bbox 1047 706 1169 758; x_wconf 81' lang='lat' dir='ltr'>causas</span> <span class='ocrx_word' id='word_1_25' title='bbox 1194 698 1321 757; x_wconf 83' lang='lat' dir='ltr'>retento</span> <span class='ocrx_word' id='word_1_26' title='bbox 1349 686 1471 759; x_wconf 87' lang='lat' dir='ltr'>coniu-</span> 
     </span>
     <span class='ocr_line' id='line_1_4' title="bbox 351 796 1471 897; baseline 0.004 -27"><span class='ocrx_word' id='word_1_27' title='bbox 351 797 419 895; x_wconf 79' lang='lat' dir='ltr'>gali</span> <span class='ocrx_word' id='word_1_28' title='bbox 443 796 593 883; x_wconf 83' lang='lat' dir='ltr'>vinculo,</span> <span class='ocrx_word' id='word_1_29' title='bbox 619 796 738 871; x_wconf 84' lang='lat' dir='ltr'>docent</span> <span class='ocrx_word' id='word_1_30' title='bbox 761 796 906 873; x_wconf 88' lang='lat' dir='ltr'>divortia</span> <span class='ocrx_word' id='word_1_31' title='bbox 927 797 1040 897; x_wconf 84' lang='lat' dir='ltr'>quoad</span> <span class='ocrx_word' id='word_1_32' title='bbox 1062 814 1171 873; x_wconf 88' lang='lat' dir='ltr'>torum</span> <span class='ocrx_word' id='word_1_33' title='bbox 1193 814 1228 872; x_wconf 89' lang='lat' dir='ltr'>et</span> <span class='ocrx_word' id='word_1_34' title='bbox 1250 798 1471 874; x_wconf 79' lang='lat' dir='ltr'>cohabitatio</span> 
     </span>
     <span class='ocr_line' id='line_1_5' title="bbox 351 913 1298 1010; baseline 0.015 -27"><span class='ocrx_word' id='word_1_35' title='bbox 351 938 428 985; x_wconf 89' lang='lat' dir='ltr'>nem</span> <span class='ocrx_word' id='word_1_36' title='bbox 445 913 528 999; x_wconf 50' lang='lat' dir='ltr'>‚fieri</span> <span class='ocrx_word' id='word_1_37' title='bbox 549 938 662 1010; x_wconf 89' lang='lat' dir='ltr'>posse.</span> <span class='ocrx_word' id='word_1_38' title='bbox 875 936 878 943; x_wconf 86' lang='lat'>&#39;</span> <span class='ocrx_word' id='word_1_39' title='bbox 1108 936 1113 941; x_wconf 84' lang='lat'>&#39;</span> <span class='ocrx_word' id='word_1_40' title='bbox 1293 986 1298 997; x_wconf 94' lang='lat'><em>.</em></span> 
     </span>
    </p>

    <p class='ocr_par' dir='ltr' id='par_1_3' title="bbox 351 1028 1472 2513">
     <span class='ocr_line' id='line_1_6' title="bbox 371 1028 1471 1137; baseline 0.006 -38"><span class='ocrx_word' id='word_1_41' title='bbox 371 1056 374 1061; x_wconf 93' lang='lat'>·</span> <span class='ocrx_word' id='word_1_42' title='bbox 424 1029 481 1101; x_wconf 88' lang='lat' dir='ltr'>Sic</span> <span class='ocrx_word' id='word_1_43' title='bbox 504 1028 603 1101; x_wconf 89' lang='lat' dir='ltr'>etiam</span> <span class='ocrx_word' id='word_1_44' title='bbox 628 1054 803 1128; x_wconf 79' lang='lat' dir='ltr'>perperam</span> <span class='ocrx_word' id='word_1_45' title='bbox 828 1028 917 1103; x_wconf 91' lang='lat' dir='ltr'>idem</span> <span class='ocrx_word' id='word_1_46' title='bbox 935 1045 1051 1107; x_wconf 88' lang='lat' dir='ltr'>auctor</span> <span class='ocrx_word' id='word_1_47' title='bbox 1072 1032 1305 1137; x_wconf 80' lang='lat' dir='ltr'>prosequitur:</span> <span class='ocrx_word' id='word_1_48' title='bbox 1334 1032 1471 1130; x_wconf 84' lang='lat' dir='ltr'>«Sepa-</span> 
     </span>
     <span class='ocr_line' id='line_1_7' title="bbox 352 1143 1469 1243; baseline 0.004 -27"><span class='ocrx_word' id='word_1_49' title='bbox 352 1143 535 1230; x_wconf 91' lang='lat' dir='ltr'>rationem,</span> <span class='ocrx_word' id='word_1_50' title='bbox 565 1170 653 1243; x_wconf 90' lang='lat' dir='ltr'>quae</span> <span class='ocrx_word' id='word_1_51' title='bbox 680 1148 712 1216; x_wconf 92' lang='grc'><strong>1.</strong></span> <span class='ocrx_word' id='word_1_52' title='bbox 734 1144 810 1218; x_wconf 83' lang='lat' dir='ltr'>Cor.</span> <span class='ocrx_word' id='word_1_53' title='bbox 826 1145 897 1216; x_wconf 86' lang='lat' dir='ltr'>Vll.</span> <span class='ocrx_word' id='word_1_54' title='bbox 918 1172 951 1220; x_wconf 82' lang='lat' dir='ltr'>v.</span> <span class='ocrx_word' id='word_1_55' title='bbox 975 1147 1034 1217; x_wconf 86' lang='lat'>11.</span> <span class='ocrx_word' id='word_1_56' title='bbox 1058 1162 1151 1221; x_wconf 80' lang='lat' dir='ltr'>entra</span> <span class='ocrx_word' id='word_1_57' title='bbox 1167 1172 1305 1221; x_wconf 86' lang='lat' dir='ltr'>causam</span> <span class='ocrx_word' id='word_1_58' title='bbox 1323 1146 1469 1221; x_wconf 87' lang='lat' dir='ltr'>fornica·</span> 
     </span>
     <span class='ocr_line' id='line_1_8' title="bbox 352 1258 1468 1349; baseline 0.004 -19"><span class='ocrx_word' id='word_1_59' title='bbox 352 1259 452 1333; x_wconf 89' lang='lat' dir='ltr'>tionis</span> <span class='ocrx_word' id='word_1_60' title='bbox 479 1259 701 1347; x_wconf 87' lang='lat' dir='ltr'>describitur,</span> <span class='ocrx_word' id='word_1_61' title='bbox 730 1258 855 1334; x_wconf 88' lang='lat' dir='ltr'>Paulus</span> <span class='ocrx_word' id='word_1_62' title='bbox 881 1287 948 1334; x_wconf 91' lang='grc'>333</span> <span class='ocrx_word' id='word_1_63' title='bbox 976 1261 1096 1335; x_wconf 85' lang='lat' dir='ltr'>suadet</span> <span class='ocrx_word' id='word_1_64' title='bbox 1121 1286 1182 1335; x_wconf 88' lang='lat' dir='ltr'>nee</span> <span class='ocrx_word' id='word_1_65' title='bbox 1208 1261 1378 1349; x_wconf 86' lang='lat' dir='ltr'>decernit,</span> <span class='ocrx_word' id='word_1_66' title='bbox 1407 1262 1468 1337; x_wconf 88' lang='lat' dir='ltr'>sed</span> 
     </span>
     <span class='ocr_line' id='line_1_9' title="bbox 352 1374 1471 1477; baseline 0.004 -31"><span class='ocrx_word' id='word_1_67' title='bbox 352 1374 448 1448; x_wconf 89' lang='lat' dir='ltr'>docet</span> <span class='ocrx_word' id='word_1_68' title='bbox 471 1402 544 1449; x_wconf 89' lang='lat' dir='ltr'>cam</span> <span class='ocrx_word' id='word_1_69' title='bbox 571 1402 719 1474; x_wconf 76' lang='lat' dir='ltr'>pugnare</span> <span class='ocrx_word' id='word_1_70' title='bbox 745 1402 821 1450; x_wconf 91' lang='lat' dir='ltr'>cum</span> <span class='ocrx_word' id='word_1_71' title='bbox 847 1391 1024 1476; x_wconf 88' lang='lat' dir='ltr'>praecepto</span> <span class='ocrx_word' id='word_1_72' title='bbox 1048 1377 1199 1464; x_wconf 88' lang='lat' dir='ltr'>Domini,</span> <span class='ocrx_word' id='word_1_73' title='bbox 1226 1377 1284 1476; x_wconf 91' lang='lat' dir='ltr'>qui</span> <span class='ocrx_word' id='word_1_74' title='bbox 1305 1376 1471 1477; x_wconf 77' lang='lat' dir='ltr'>praecipit</span> 
     </span>
     <span class='ocr_line' id='line_1_10' title="bbox 352 1490 1469 1593; baseline 0.002 -31"><span class='ocrx_word' id='word_1_75' title='bbox 352 1516 419 1565; x_wconf 92' lang='grc'>333</span> <span class='ocrx_word' id='word_1_76' title='bbox 431 1490 606 1565; x_wconf 85' lang='lat' dir='ltr'>discedere</span> <span class='ocrx_word' id='word_1_77' title='bbox 622 1521 629 1563; x_wconf 81' lang='lat'><em>2</em></span> <span class='ocrx_word' id='word_1_78' title='bbox 651 1491 883 1590; x_wconf 83' lang='lat' dir='ltr'>quandovero</span> <span class='ocrx_word' id='word_1_79' title='bbox 899 1492 1058 1589; x_wconf 80' lang='lat' dir='ltr'>coniuges</span> <span class='ocrx_word' id='word_1_80' title='bbox 1075 1508 1191 1566; x_wconf 75' lang='grc' dir='ltr'>Ι333133</span> <span class='ocrx_word' id='word_1_81' title='bbox 1207 1491 1299 1564; x_wconf 92' lang='lat' dir='ltr'>illam</span> <span class='ocrx_word' id='word_1_82' title='bbox 1317 1491 1469 1593; x_wconf 79' lang='lat' dir='ltr'>Apostoli</span> 
     </span>
     <span class='ocr_line' id='line_1_11' title="bbox 351 1605 1469 1707; baseline 0.008 -31"><span class='ocrx_word' id='word_1_83' title='bbox 351 1605 537 1679; x_wconf 83' lang='lat' dir='ltr'>doctrinam</span> <span class='ocrx_word' id='word_1_84' title='bbox 569 1606 700 1704; x_wconf 89' lang='lat' dir='ltr'>privata</span> <span class='ocrx_word' id='word_1_85' title='bbox 730 1607 940 1681; x_wconf 87' lang='lat' dir='ltr'>contumacia</span> <span class='ocrx_word' id='word_1_86' title='bbox 965 1632 1003 1680; x_wconf 87' lang='lat' dir='ltr'>se</span> <span class='ocrx_word' id='word_1_87' title='bbox 1028 1622 1207 1707; x_wconf 85' lang='lat' dir='ltr'>separant,</span> <span class='ocrx_word' id='word_1_88' title='bbox 1239 1622 1310 1683; x_wconf 84' lang='lat' dir='ltr'>tum</span> <span class='ocrx_word' id='word_1_89' title='bbox 1344 1607 1469 1685; x_wconf 80' lang='lat' dir='ltr'>Paulus</span> 
     </span>
     <span class='ocr_line' id='line_1_12' title="bbox 352 1720 1469 1822; baseline 0.004 -29"><span class='ocrx_word' id='word_1_90' title='bbox 352 1720 475 1793; x_wconf 79' lang='lat' dir='ltr'>suadet</span> <span class='ocrx_word' id='word_1_91' title='bbox 492 1721 819 1809; x_wconf 82' lang='lat' dir='ltr'>reconciliationem,</span> <span class='ocrx_word' id='word_1_92' title='bbox 841 1738 899 1799; x_wconf 88' lang='lat' dir='ltr'>aut</span> <span class='ocrx_word' id='word_1_93' title='bbox 916 1722 946 1795; x_wconf 91' lang='lat' dir='ltr'>si</span> <span class='ocrx_word' id='word_1_94' title='bbox 965 1723 1030 1796; x_wconf 88' lang='lat' dir='ltr'>hoc</span> <span class='ocrx_word' id='word_1_95' title='bbox 1052 1723 1175 1809; x_wconf 75' lang='lat' dir='ltr'>nolint,</span> <span class='ocrx_word' id='word_1_96' title='bbox 1200 1724 1392 1822; x_wconf 85' lang='lat' dir='ltr'>pronuntiat</span> <span class='ocrx_word' id='word_1_97' title='bbox 1409 1748 1469 1797; x_wconf 85' lang='grc'>333</span> 
     </span>
     <span class='ocr_line' id='line_1_13' title="bbox 352 1835 1468 1935; baseline 0.004 -27"><span class='ocrx_word' id='word_1_98' title='bbox 352 1835 475 1910; x_wconf 89' lang='lat' dir='ltr'>debere</span> <span class='ocrx_word' id='word_1_99' title='bbox 493 1837 567 1909; x_wconf 87' lang='lat' dir='ltr'>sine</span> <span class='ocrx_word' id='word_1_100' title='bbox 590 1839 732 1935; x_wconf 80' lang='lat' dir='ltr'>coniuge</span> <span class='ocrx_word' id='word_1_101' title='bbox 749 1864 896 1911; x_wconf 88' lang='lat' dir='ltr'>manere.</span> <span class='ocrx_word' id='word_1_102' title='bbox 923 1839 988 1913; x_wconf 88' lang='lat' dir='ltr'>Sed</span> <span class='ocrx_word' id='word_1_103' title='bbox 1005 1855 1143 1913; x_wconf 85' lang='lat' dir='ltr'>octavus</span> <span class='ocrx_word' id='word_1_104' title='bbox 1161 1839 1216 1913; x_wconf 91' lang='lat' dir='ltr'>hic</span> <span class='ocrx_word' id='word_1_105' title='bbox 1239 1864 1349 1915; x_wconf 88' lang='grc'><strong>33333</strong></span> <span class='ocrx_word' id='word_1_106' title='bbox 1364 1839 1468 1926; x_wconf 85' lang='lat' dir='ltr'>dicit,</span> 
     </span>
     <span class='ocr_line' id='line_1_14' title="bbox 352 1950 1467 2053; baseline 0.004 -32"><span class='ocrx_word' id='word_1_107' title='bbox 352 1950 461 2050; x_wconf 86' lang='lat' dir='ltr'>ipsam</span> <span class='ocrx_word' id='word_1_108' title='bbox 486 1951 663 2039; x_wconf 83' lang='lat' dir='ltr'>ecclesiam</span> <span class='ocrx_word' id='word_1_109' title='bbox 683 1951 726 2026; x_wconf 91' lang='lat' dir='ltr'>ob</span> <span class='ocrx_word' id='word_1_110' title='bbox 745 1952 869 2026; x_wconf 87' lang='lat' dir='ltr'>multas</span> <span class='ocrx_word' id='word_1_111' title='bbox 889 1974 1027 2039; x_wconf 87' lang='lat' dir='ltr'>causas,</span> <span class='ocrx_word' id='word_1_112' title='bbox 1048 1968 1179 2053; x_wconf 87' lang='lat' dir='ltr'>praeter</span> <span class='ocrx_word' id='word_1_113' title='bbox 1196 1952 1467 2039; x_wconf 79' lang='lat' dir='ltr'>fornicationem,</span> 
     </span>
     <span class='ocr_line' id='line_1_15' title="bbox 352 2065 1472 2167; baseline 0.005 -30"><span class='ocrx_word' id='word_1_114' title='bbox 352 2065 530 2141; x_wconf 88' lang='lat' dir='ltr'>dacemere</span> <span class='ocrx_word' id='word_1_115' title='bbox 554 2093 654 2167; x_wconf 88' lang='lat' dir='ltr'>posse</span> <span class='ocrx_word' id='word_1_116' title='bbox 671 2068 929 2167; x_wconf 87' lang='lat' dir='ltr'>separationem.</span> <span class='ocrx_word' id='word_1_117' title='bbox 945 2099 962 2138; x_wconf 82' lang='grc'>3</span> <span class='ocrx_word' id='word_1_118' title='bbox 984 2071 1176 2153; x_wconf 80' lang='lat' dir='ltr'>Praeterea:</span> <span class='ocrx_word' id='word_1_119' title='bbox 1201 2068 1376 2145; x_wconf 77' lang='lat' dir='ltr'>«Christus</span> <span class='ocrx_word' id='word_1_120' title='bbox 1391 2070 1472 2145; x_wconf 85' lang='lat' dir='ltr'>llat-</span> 
     </span>
     <span class='ocr_line' id='line_1_16' title="bbox 353 2178 1472 2283; baseline 0.002 -30"><span class='ocrx_word' id='word_1_121' title='bbox 353 2178 403 2253; x_wconf 88' lang='lat' dir='ltr'>th.</span> <span class='ocrx_word' id='word_1_122' title='bbox 423 2182 460 2252; x_wconf 83' lang='lat' dir='ltr'>V.</span> <span class='ocrx_word' id='word_1_123' title='bbox 475 2178 734 2274; x_wconf 76' lang='lat' dir='ltr'>dimissionem-</span> <span class='ocrx_word' id='word_1_124' title='bbox 746 2206 807 2256; x_wconf 89' lang='lat' dir='ltr'>seu</span> <span class='ocrx_word' id='word_1_125' title='bbox 831 2184 1077 2282; x_wconf 89' lang='lat' dir='ltr'>separationem</span> <span class='ocrx_word' id='word_1_126' title='bbox 1099 2184 1306 2282; x_wconf 80' lang='lat' dir='ltr'>coniugum,</span> <span class='ocrx_word' id='word_1_127' title='bbox 1328 2210 1416 2283; x_wconf 86' lang='lat' dir='ltr'>quae</span> <span class='ocrx_word' id='word_1_128' title='bbox 1433 2183 1472 2256; x_wconf 89' lang='lat' dir='ltr'>fit</span> 
     </span>
     <span class='ocr_line' id='line_1_17' title="bbox 353 2297 1471 2399; baseline 0.003 -32"><span class='ocrx_word' id='word_1_129' title='bbox 353 2310 484 2394; x_wconf 80' lang='lat' dir='ltr'>praeter</span> <span class='ocrx_word' id='word_1_130' title='bbox 507 2324 644 2373; x_wconf 85' lang='lat' dir='ltr'>causam</span> <span class='ocrx_word' id='word_1_131' title='bbox 670 2298 918 2386; x_wconf 79' lang='lat' dir='ltr'>fornicationis,</span> <span class='ocrx_word' id='word_1_132' title='bbox 948 2298 1023 2373; x_wconf 92' lang='lat' dir='ltr'>ideo</span> <span class='ocrx_word' id='word_1_133' title='bbox 1041 2297 1228 2397; x_wconf 85' lang='lat' dir='ltr'>improbat,</span> <span class='ocrx_word' id='word_1_134' title='bbox 1257 2299 1339 2399; x_wconf 86' lang='lat' dir='ltr'>quia</span> <span class='ocrx_word' id='word_1_135' title='bbox 1355 2298 1471 2372; x_wconf 86' lang='lat' dir='ltr'>obiicit</span> 
     </span>
     <span class='ocr_line' id='line_1_18' title="bbox 353 2411 1467 2513; baseline 0.003 -31"><span class='ocrx_word' id='word_1_136' title='bbox 353 2411 513 2511; x_wconf 87' lang='lat' dir='ltr'>periculis</span> <span class='ocrx_word' id='word_1_137' title='bbox 537 2412 681 2486; x_wconf 88' lang='lat' dir='ltr'>ustionis</span> <span class='ocrx_word' id='word_1_138' title='bbox 711 2413 941 2487; x_wconf 79' lang='lat' dir='ltr'>fornicationis</span> <span class='ocrx_word' id='word_1_139' title='bbox 963 2430 996 2487; x_wconf 90' lang='lat' dir='ltr'>et</span> <span class='ocrx_word' id='word_1_140' title='bbox 1016 2413 1182 2499; x_wconf 82' lang='lat' dir='ltr'>adulterii.</span> <span class='ocrx_word' id='word_1_141' title='bbox 1204 2414 1314 2499; x_wconf 67' lang='lat' dir='ltr'>Facit,</span> <span class='ocrx_word' id='word_1_142' title='bbox 1335 2415 1467 2513; x_wconf 86' lang='lat' dir='ltr'>inquit,</span> 
     </span>
    </p>
   </div>
   <div class='ocr_carea' id='block_1_3' title="bbox 353 2526 1474 2629">
    <p class='ocr_par' dir='ltr' id='par_1_4' title="bbox 353 2526 1474 2629">
     <span class='ocr_line' id='line_1_19' title="bbox 353 2526 1474 2629; baseline 0.004 -31"><span class='ocrx_word' id='word_1_143' title='bbox 353 2526 448 2599; x_wconf 83' lang='lat' dir='ltr'>illum</span> <span class='ocrx_word' id='word_1_144' title='bbox 476 2528 648 2600; x_wconf 69' lang='lat' dir='ltr'>moechor-i.</span> <span class='ocrx_word' id='word_1_145' title='bbox 678 2528 742 2602; x_wconf 85' lang='lat' dir='ltr'>Sed</span> <span class='ocrx_word' id='word_1_146' title='bbox 769 2528 812 2602; x_wconf 93' lang='lat' dir='ltr'>de</span> <span class='ocrx_word' id='word_1_147' title='bbox 842 2527 897 2602; x_wconf 90' lang='lat' dir='ltr'>his</span> <span class='ocrx_word' id='word_1_148' title='bbox 923 2528 1083 2628; x_wconf 84' lang='lat' dir='ltr'>periculis</span> <span class='ocrx_word' id='word_1_149' title='bbox 1109 2528 1273 2629; x_wconf 75' lang='lat' dir='ltr'>pontificii</span> <span class='ocrx_word' id='word_1_150' title='bbox 1302 2553 1369 2603; x_wconf 89' lang='grc'>333</span> <span class='ocrx_word' id='word_1_151' title='bbox 1391 2545 1474 2605; x_wconf 87' lang='lat' dir='ltr'>sunt</span> 
     </span>
    </p>
   </div>
   <div class='ocr_carea' id='block_1_4' title="bbox 344 2640 1472 4289">
    <p class='ocr_par' dir='ltr' id='par_1_5' title="bbox 353 2640 1472 2857">
     <span class='ocr_line' id='line_1_20' title="bbox 353 2640 1472 2741; baseline 0.001 -25"><span class='ocrx_word' id='word_1_152' title='bbox 353 2640 509 2730; x_wconf 84' lang='lat' dir='ltr'>solliciti,</span> <span class='ocrx_word' id='word_1_153' title='bbox 537 2641 641 2716; x_wconf 88' lang='lat' dir='ltr'>libere</span> <span class='ocrx_word' id='word_1_154' title='bbox 666 2643 757 2733; x_wconf 86' lang='lat' dir='ltr'>enim</span> <span class='ocrx_word' id='word_1_155' title='bbox 781 2643 966 2719; x_wconf 85' lang='lat' dir='ltr'>decernunt</span> <span class='ocrx_word' id='word_1_156' title='bbox 994 2643 1240 2741; x_wconf 82' lang='lat' dir='ltr'>separationem</span> <span class='ocrx_word' id='word_1_157' title='bbox 1270 2642 1313 2716; x_wconf 89' lang='lat' dir='ltr'>ad</span> <span class='ocrx_word' id='word_1_158' title='bbox 1343 2658 1472 2717; x_wconf 86' lang='lat' dir='ltr'>eertum</span> 
     </span>
     <span class='ocr_line' id='line_1_21' title="bbox 353 2756 954 2857; baseline 0 -29"><span class='ocrx_word' id='word_1_159' title='bbox 353 2756 556 2831; x_wconf 87' lang='lat' dir='ltr'>incertumve</span> <span class='ocrx_word' id='word_1_160' title='bbox 580 2773 712 2857; x_wconf 90' lang='lat' dir='ltr'>tempus</span> <span class='ocrx_word' id='word_1_161' title='bbox 738 2761 889 2853; x_wconf 64' lang='grc'><strong>(3113</strong></span> <span class='ocrx_word' id='word_1_162' title='bbox 950 2780 954 2788; x_wconf 68' lang='grc'><em>’</em></span> 
     </span>
    </p>

    <p class='ocr_par' dir='ltr' id='par_1_6' title="bbox 344 2872 1472 4289">
     <span class='ocr_line' id='line_1_22' title="bbox 371 2872 1472 2972; baseline 0.004 -31"><span class='ocrx_word' id='word_1_163' title='bbox 371 2904 374 2911; x_wconf 54' lang='grc'><strong>&gt;</strong></span> <span class='ocrx_word' id='word_1_164' title='bbox 424 2873 554 2946; x_wconf 70' lang='lat' dir='ltr'>Verum,</span> <span class='ocrx_word' id='word_1_165' title='bbox 570 2873 650 2946; x_wconf 94' lang='lat' dir='ltr'>dum</span> <span class='ocrx_word' id='word_1_166' title='bbox 675 2873 821 2972; x_wconf 89' lang='lat' dir='ltr'>primum</span> <span class='ocrx_word' id='word_1_167' title='bbox 846 2872 963 2948; x_wconf 91' lang='lat' dir='ltr'>obiicit</span> <span class='ocrx_word' id='word_1_168' title='bbox 977 2872 1205 2961; x_wconf 55' lang='grc' dir='ltr'>η(1133331333</span> <span class='ocrx_word' id='word_1_169' title='bbox 1228 2874 1262 2946; x_wconf 91' lang='lat' dir='ltr'>in</span> <span class='ocrx_word' id='word_1_170' title='bbox 1289 2872 1376 2947; x_wconf 88' lang='lat' dir='ltr'>falsa</span> <span class='ocrx_word' id='word_1_171' title='bbox 1400 2898 1472 2947; x_wconf 69' lang='lat' dir='ltr'>ver¹</span> 
     </span>
     <span class='ocr_line' id='line_1_23' title="bbox 352 2984 1472 3088; baseline 0.003 -28"><span class='ocrx_word' id='word_1_172' title='bbox 352 3002 453 3071; x_wconf 83' lang='lat' dir='ltr'>satur</span> <span class='ocrx_word' id='word_1_173' title='bbox 472 2984 672 3087; x_wconf 76' lang='lat' dir='ltr'>hypothesi,</span> <span class='ocrx_word' id='word_1_174' title='bbox 700 3015 802 3088; x_wconf 88' lang='lat' dir='ltr'>quam</span> <span class='ocrx_word' id='word_1_175' title='bbox 834 2990 935 3088; x_wconf 90' lang='lat' dir='ltr'>paulo</span> <span class='ocrx_word' id='word_1_176' title='bbox 964 3006 1042 3063; x_wconf 84' lang='lat' dir='ltr'>ante</span> <span class='ocrx_word' id='word_1_177' title='bbox 1069 2989 1275 3076; x_wconf 77' lang='lat' dir='ltr'>refellimus3</span> <span class='ocrx_word' id='word_1_178' title='bbox 1311 2988 1472 3063; x_wconf 86' lang='lat' dir='ltr'>nimirum</span> 
     </span>
     <span class='ocr_line' id='line_1_24' title="bbox 353 3100 1471 3204; baseline 0.004 -31"><span class='ocrx_word' id='word_1_179' title='bbox 353 3100 552 3201; x_wconf 83' lang='lat' dir='ltr'>Apostolum</span> <span class='ocrx_word' id='word_1_180' title='bbox 569 3129 603 3177; x_wconf 84' lang='lat' dir='ltr'>u.</span> <span class='ocrx_word' id='word_1_181' title='bbox 626 3106 684 3176; x_wconf 92' lang='grc'>11.</span> <span class='ocrx_word' id='word_1_182' title='bbox 712 3103 880 3179; x_wconf 87' lang='lat' dir='ltr'>disserere</span> <span class='ocrx_word' id='word_1_183' title='bbox 903 3105 946 3178; x_wconf 91' lang='lat' dir='ltr'>de</span> <span class='ocrx_word' id='word_1_184' title='bbox 963 3105 1090 3181; x_wconf 88' lang='lat' dir='ltr'>iniusta</span> <span class='ocrx_word' id='word_1_185' title='bbox 1110 3105 1345 3203; x_wconf 84' lang='lat' dir='ltr'>separatione,</span> <span class='ocrx_word' id='word_1_186' title='bbox 1365 3130 1471 3204; x_wconf 89' lang='lat' dir='ltr'>quum</span> 
     </span>
     <span class='ocr_line' id='line_1_25' title="bbox 352 3217 1470 3320; baseline 0 -30"><span class='ocrx_word' id='word_1_187' title='bbox 352 3233 465 3307; x_wconf 72' lang='grc'><strong>133333</strong></span> <span class='ocrx_word' id='word_1_188' title='bbox 477 3217 521 3292; x_wconf 83' lang='grc'>(13</span> <span class='ocrx_word' id='word_1_189' title='bbox 539 3219 750 3318; x_wconf 84' lang='lat' dir='ltr'>separatione</span> <span class='ocrx_word' id='word_1_190' title='bbox 762 3237 796 3293; x_wconf 92' lang='lat' dir='ltr'>et</span> <span class='ocrx_word' id='word_1_191' title='bbox 808 3244 912 3294; x_wconf 85' lang='lat' dir='ltr'>causa</span> <span class='ocrx_word' id='word_1_192' title='bbox 925 3220 1014 3293; x_wconf 88' lang='lat' dir='ltr'>iusta</span> <span class='ocrx_word' id='word_1_193' title='bbox 1026 3219 1203 3320; x_wconf 85' lang='lat' dir='ltr'>loquatur,</span> <span class='ocrx_word' id='word_1_194' title='bbox 1220 3236 1470 3320; x_wconf 84' lang='lat' dir='ltr'>propterquam</span> 
     </span>
     <span class='ocr_line' id='line_1_26' title="bbox 353 3333 1472 3434; baseline 0.003 -30"><span class='ocrx_word' id='word_1_195' title='bbox 353 3335 428 3433; x_wconf 88' lang='lat' dir='ltr'>ipse</span> <span class='ocrx_word' id='word_1_196' title='bbox 454 3333 512 3407; x_wconf 89' lang='lat' dir='ltr'>dat</span> <span class='ocrx_word' id='word_1_197' title='bbox 535 3334 704 3434; x_wconf 91' lang='lat' dir='ltr'>optionem</span> <span class='ocrx_word' id='word_1_198' title='bbox 736 3335 937 3433; x_wconf 84' lang='lat' dir='ltr'>coniugibus</span> <span class='ocrx_word' id='word_1_199' title='bbox 965 3336 1108 3410; x_wconf 85' lang='lat' dir='ltr'>invicem</span> <span class='ocrx_word' id='word_1_200' title='bbox 1133 3335 1297 3434; x_wconf 88' lang='lat' dir='ltr'>separatis</span> <span class='ocrx_word' id='word_1_201' title='bbox 1320 3336 1392 3407; x_wconf 86' lang='lat' dir='ltr'>sive</span> <span class='ocrx_word' id='word_1_202' title='bbox 1417 3361 1472 3407; x_wconf 91' lang='lat' dir='ltr'>re—</span> 
     </span>
     <span class='ocr_line' id='line_1_27' title="bbox 353 3448 1467 3547; baseline 0.001 -27"><span class='ocrx_word' id='word_1_203' title='bbox 353 3448 594 3547; x_wconf 82' lang='lat' dir='ltr'>dintegrandae</span> <span class='ocrx_word' id='word_1_204' title='bbox 622 3449 892 3534; x_wconf 88' lang='lat' dir='ltr'>coniunctionis,</span> <span class='ocrx_word' id='word_1_205' title='bbox 926 3449 997 3523; x_wconf 83' lang='lat' dir='ltr'>sive</span> <span class='ocrx_word' id='word_1_206' title='bbox 1028 3448 1186 3523; x_wconf 90' lang='lat' dir='ltr'>manendi</span> <span class='ocrx_word' id='word_1_207' title='bbox 1212 3450 1286 3523; x_wconf 89' lang='lat' dir='ltr'>sine</span> <span class='ocrx_word' id='word_1_208' title='bbox 1311 3449 1467 3547; x_wconf 79' lang='lat' dir='ltr'>coniuge.</span> 
     </span>
     <span class='ocr_line' id='line_1_28' title="bbox 353 3562 1466 3663; baseline 0.001 -28"><span class='ocrx_word' id='word_1_209' title='bbox 353 3562 447 3648; x_wconf 83' lang='lat' dir='ltr'>Quae</span> <span class='ocrx_word' id='word_1_210' title='bbox 463 3562 599 3662; x_wconf 87' lang='lat' dir='ltr'>quidem</span> <span class='ocrx_word' id='word_1_211' title='bbox 617 3564 737 3661; x_wconf 80' lang='lat' dir='ltr'>agendi</span> <span class='ocrx_word' id='word_1_212' title='bbox 755 3564 848 3662; x_wconf 92' lang='lat' dir='ltr'>optio</span> <span class='ocrx_word' id='word_1_213' title='bbox 868 3563 941 3635; x_wconf 90' lang='lat' dir='ltr'>dari</span> <span class='ocrx_word' id='word_1_214' title='bbox 964 3588 1030 3637; x_wconf 86' lang='lat' dir='ltr'>non</span> <span class='ocrx_word' id='word_1_215' title='bbox 1049 3563 1215 3663; x_wconf 88' lang='lat' dir='ltr'>potuisset</span> <span class='ocrx_word' id='word_1_216' title='bbox 1232 3563 1275 3636; x_wconf 90' lang='lat' dir='ltr'>ab</span> <span class='ocrx_word' id='word_1_217' title='bbox 1293 3563 1466 3663; x_wconf 81' lang='lat' dir='ltr'>Apostolo,</span> 
     </span>
     <span class='ocr_line' id='line_1_29' title="bbox 354 3677 1471 3778; baseline 0.003 -28"><span class='ocrx_word' id='word_1_218' title='bbox 354 3677 383 3750; x_wconf 89' lang='lat' dir='ltr'>si</span> <span class='ocrx_word' id='word_1_219' title='bbox 407 3690 521 3751; x_wconf 88' lang='lat' dir='ltr'>contra</span> <span class='ocrx_word' id='word_1_220' title='bbox 546 3694 761 3778; x_wconf 87' lang='lat' dir='ltr'>praeceptum</span> <span class='ocrx_word' id='word_1_221' title='bbox 784 3678 919 3751; x_wconf 87' lang='lat' dir='ltr'>Domini</span> <span class='ocrx_word' id='word_1_222' title='bbox 945 3677 1032 3752; x_wconf 87' lang='lat' dir='ltr'>facta</span> <span class='ocrx_word' id='word_1_223' title='bbox 1054 3680 1175 3753; x_wconf 89' lang='lat' dir='ltr'>fuisset</span> <span class='ocrx_word' id='word_1_224' title='bbox 1194 3679 1375 3777; x_wconf 86' lang='lat' dir='ltr'>separatio.</span> <span class='ocrx_word' id='word_1_225' title='bbox 1398 3678 1471 3753; x_wconf 86' lang='lat' dir='ltr'>Hac</span> 
     </span>
     <span class='ocr_line' id='line_1_30' title="bbox 352 3792 1469 3892; baseline 0.001 -27"><span class='ocrx_word' id='word_1_226' title='bbox 352 3818 431 3865; x_wconf 83' lang='lat' dir='ltr'>vero</span> <span class='ocrx_word' id='word_1_227' title='bbox 448 3793 628 3892; x_wconf 85' lang='lat' dir='ltr'>hypothesi</span> <span class='ocrx_word' id='word_1_228' title='bbox 647 3793 808 3892; x_wconf 86' lang='lat' dir='ltr'>depulsa,</span> <span class='ocrx_word' id='word_1_229' title='bbox 829 3810 939 3866; x_wconf 83' lang='lat' dir='ltr'>cetera</span> <span class='ocrx_word' id='word_1_230' title='bbox 958 3820 999 3866; x_wconf 79' lang='lat' dir='ltr'>ex</span> <span class='ocrx_word' id='word_1_231' title='bbox 1016 3819 1053 3867; x_wconf 88' lang='lat' dir='ltr'>se</span> <span class='ocrx_word' id='word_1_232' title='bbox 1078 3792 1270 3867; x_wconf 89' lang='lat' dir='ltr'>concidunt.</span> <span class='ocrx_word' id='word_1_233' title='bbox 1291 3794 1364 3865; x_wconf 91' lang='lat' dir='ltr'>Nisi</span> <span class='ocrx_word' id='word_1_234' title='bbox 1382 3792 1469 3866; x_wconf 79' lang='lat' dir='ltr'>velis</span> 
     </span>
     <span class='ocr_line' id='line_1_31' title="bbox 353 3906 1470 4007; baseline 0.002 -30"><span class='ocrx_word' id='word_1_235' title='bbox 353 3922 568 4006; x_wconf 87' lang='lat' dir='ltr'>praeceptum</span> <span class='ocrx_word' id='word_1_236' title='bbox 581 3907 715 3981; x_wconf 88' lang='lat' dir='ltr'>Domini</span> <span class='ocrx_word' id='word_1_237' title='bbox 736 3907 778 3979; x_wconf 91' lang='lat' dir='ltr'>ad</span> <span class='ocrx_word' id='word_1_238' title='bbox 795 3908 885 4006; x_wconf 92' lang='lat' dir='ltr'>quod</span> <span class='ocrx_word' id='word_1_239' title='bbox 904 3907 1028 3981; x_wconf 87' lang='lat' dir='ltr'>Paulus</span> <span class='ocrx_word' id='word_1_240' title='bbox 1046 3907 1194 4007; x_wconf 86' lang='lat' dir='ltr'>appellat</span> <span class='ocrx_word' id='word_1_241' title='bbox 1213 3906 1470 4004; x_wconf 81' lang='lat' dir='ltr'>intelligendum</span> 
     </span>
     <span class='ocr_line' id='line_1_32' title="bbox 352 4021 1470 4123; baseline 0.001 -28"><span class='ocrx_word' id='word_1_242' title='bbox 352 4047 429 4095; x_wconf 89' lang='lat' dir='ltr'>esse</span> <span class='ocrx_word' id='word_1_243' title='bbox 442 4021 485 4095; x_wconf 93' lang='lat' dir='ltr'>de</span> <span class='ocrx_word' id='word_1_244' title='bbox 494 4039 673 4123; x_wconf 90' lang='lat' dir='ltr'>praecepto</span> <span class='ocrx_word' id='word_1_245' title='bbox 685 4050 751 4097; x_wconf 94' lang='grc'>333</span> <span class='ocrx_word' id='word_1_246' title='bbox 769 4022 977 4099; x_wconf 84' lang='lat' dir='ltr'>dissolvendi</span> <span class='ocrx_word' id='word_1_247' title='bbox 990 4024 1197 4120; x_wconf 78' lang='lat' dir='ltr'>coniugium,</span> <span class='ocrx_word' id='word_1_248' title='bbox 1214 4039 1352 4123; x_wconf 76' lang='lat' dir='ltr'>excepta</span> <span class='ocrx_word' id='word_1_249' title='bbox 1365 4048 1470 4096; x_wconf 86' lang='lat' dir='ltr'>causa</span> 
     </span>
     <span class='ocr_line' id='line_1_33' title="bbox 354 4136 1467 4241; baseline 0.003 -34"><span class='ocrx_word' id='word_1_250' title='bbox 354 4136 583 4212; x_wconf 88' lang='lat' dir='ltr'>fornicationis</span> <span class='ocrx_word' id='word_1_251' title='bbox 603 4152 771 4239; x_wconf 89' lang='lat' dir='ltr'>tamquam</span> <span class='ocrx_word' id='word_1_252' title='bbox 792 4137 947 4239; x_wconf 88' lang='lat' dir='ltr'>propria,</span> <span class='ocrx_word' id='word_1_253' title='bbox 963 4139 1148 4214; x_wconf 87' lang='lat' dir='ltr'>intrinseca</span> <span class='ocrx_word' id='word_1_254' title='bbox 1164 4154 1264 4240; x_wconf 87' lang='lat' dir='ltr'>atque</span> <span class='ocrx_word' id='word_1_255' title='bbox 1285 4154 1467 4241; x_wconf 86' lang='lat' dir='ltr'>perpetua,</span> 
     </span>
     <span class='ocr_line' id='line_1_34' title="bbox 344 4242 374 4289; baseline 0 -6"><span class='ocrx_word' id='word_1_256' title='bbox 344 4242 374 4289; x_wconf 44' lang='grc' dir='ltr'>Χ</span> 
     </span>
    </p>
   </div>
   <div class='ocr_carea' id='block_1_5' title="bbox 431 4404 1218 4489">
    <p class='ocr_par' dir='ltr' id='par_1_7' title="bbox 431 4404 1218 4489">
     <span class='ocr_line' id='line_1_35' title="bbox 431 4404 1218 4489; baseline 0.003 -37"><span class='ocrx_word' id='word_1_257' title='bbox 431 4404 613 4466; x_wconf 61' lang='lat' dir='ltr'>(mmm.</span> <span class='ocrx_word' id='word_1_258' title='bbox 1200 4456 1218 4489; x_wconf 50' lang='lat' dir='ltr'><em>s</em></span> 
     </span>
    </p>
   </div>
   <div class='ocr_carea' id='block_1_6' title="bbox 0 0 1623 5084">
    <p class='ocr_par' dir='ltr' id='par_1_8' title="bbox 0 0 1623 5084">
     <span class='ocr_line' id='line_1_36' title="bbox 0 0 1623 5084; baseline 0 0"><span class='ocrx_word' id='word_1_259' title='bbox 0 0 1623 5084; x_wconf 95' lang='lat' dir='ltr'> </span> 
     </span>
    </p>
   </div>
  </div>
 </body>
</html>
