<?xml version="1.0" encoding="UTF-8"?>
<!DOCTYPE html PUBLIC "-//W3C//DTD XHTML 1.0 Transitional//EN"
    "http://www.w3.org/TR/xhtml1/DTD/xhtml1-transitional.dtd">
<html xmlns="http://www.w3.org/1999/xhtml" xml:lang="en" lang="en">
 <head>
  <title>
</title>
<meta http-equiv="Content-Type" content="text/html;charset=utf-8" />
  <meta name='ocr-system' content='tesseract 3.04.00' />
  <meta name='ocr-capabilities' content='ocr_page ocr_carea ocr_par ocr_line ocrx_word'/>
</head>
<body>
  <div class='ocr_page' id='page_1' title='image "./dematrimoniochr03perrgoog_0441.png"; bbox 0 0 3234 5084; ppageno 0'>
   <div class='ocr_carea' id='block_1_1' title="bbox 388 463 1307 538">
    <p class='ocr_par' dir='ltr' id='par_1_1' title="bbox 388 463 1307 538">
     <span class='ocr_line' id='line_1_1' title="bbox 388 463 1307 538; baseline -0.003 -1"><span class='ocrx_word' id='word_1_1' title='bbox 388 485 459 537; x_wconf 79' lang='lat' dir='ltr'><strong>cur.</strong></span> <span class='ocrx_word' id='word_1_2' title='bbox 476 485 509 535; x_wconf 83' lang='lat' dir='ltr'><strong>v.</strong></span> <span class='ocrx_word' id='word_1_3' title='bbox 527 486 568 537; x_wconf 81' lang='lat' dir='ltr'><strong>ns</strong></span> <span class='ocrx_word' id='word_1_4' title='bbox 580 485 689 537; x_wconf 74' lang='lat' dir='ltr'><strong>meur.</strong></span> <span class='ocrx_word' id='word_1_5' title='bbox 706 486 834 538; x_wconf 73' lang='lat' dir='ltr'><strong>sarens.</strong></span> <span class='ocrx_word' id='word_1_6' title='bbox 850 487 946 537; x_wconf 74' lang='lat' dir='ltr'><strong>asra.</strong></span> <span class='ocrx_word' id='word_1_7' title='bbox 963 487 1034 536; x_wconf 82' lang='lat' dir='ltr'><strong>sur.</strong></span> <span class='ocrx_word' id='word_1_8' title='bbox 1051 487 1087 536; x_wconf 75' lang='grc' dir='ltr'><strong>ιι,</strong></span> <span class='ocrx_word' id='word_1_9' title='bbox 1239 463 1307 535; x_wconf 64' lang='lat' dir='ltr'><strong>let</strong></span> 
     </span>
    </p>
   </div>
   <div class='ocr_carea' id='block_1_2' title="bbox 192 601 1321 4161">
    <p class='ocr_par' dir='ltr' id='par_1_2' title="bbox 192 601 1312 1510">
     <span class='ocr_line' id='line_1_2' title="bbox 198 601 1311 702; baseline -0.001 -26"><span class='ocrx_word' id='word_1_10' title='bbox 198 610 290 700; x_wconf 90' lang='lat' dir='ltr'><strong>(non</strong></span> <span class='ocrx_word' id='word_1_11' title='bbox 317 616 428 676; x_wconf 70' lang='lat' dir='ltr'><strong>auwm</strong></span> <span class='ocrx_word' id='word_1_12' title='bbox 454 601 534 677; x_wconf 90' lang='lat' dir='ltr'><strong>licet</strong></span> <span class='ocrx_word' id='word_1_13' title='bbox 558 603 625 677; x_wconf 89' lang='lat' dir='ltr'><strong>nisi</strong></span> <span class='ocrx_word' id='word_1_14' title='bbox 645 604 718 678; x_wconf 84' lang='lat' dir='ltr'><strong>uiro</strong></span> <span class='ocrx_word' id='word_1_15' title='bbox 742 603 972 699; x_wconf 68' lang='lat' dir='ltr'><strong>fornicante),</strong></span> <span class='ocrx_word' id='word_1_16' title='bbox 993 602 1162 702; x_wconf 88' lang='lat' dir='ltr'><strong>quomodo</strong></span> <span class='ocrx_word' id='word_1_17' title='bbox 1178 603 1311 677; x_wconf 85' lang='lat' dir='ltr'><strong>iubetur</strong></span> 
     </span>
     <span class='ocr_line' id='line_1_3' title="bbox 195 717 1306 820; baseline -0.001 -29"><span class='ocrx_word' id='word_1_18' title='bbox 195 720 354 817; x_wconf 89' lang='lat' dir='ltr'><strong>innupta,</strong></span> <span class='ocrx_word' id='word_1_19' title='bbox 384 718 414 790; x_wconf 90' lang='lat' dir='ltr'><strong>si</strong></span> <span class='ocrx_word' id='word_1_20' title='bbox 438 717 654 806; x_wconf 79' lang='lat' dir='ltr'><strong>discesserit,</strong></span> <span class='ocrx_word' id='word_1_21' title='bbox 684 718 906 820; x_wconf 77' lang='lat' dir='ltr'><strong>permanere?</strong></span> <span class='ocrx_word' id='word_1_22' title='bbox 932 719 1016 806; x_wconf 83' lang='lat' dir='ltr'><strong>Quis</strong></span> <span class='ocrx_word' id='word_1_23' title='bbox 1041 735 1094 794; x_wconf 92' lang='lat' dir='ltr'><strong>est</strong></span> <span class='ocrx_word' id='word_1_24' title='bbox 1117 720 1176 818; x_wconf 90' lang='lat' dir='ltr'><strong>qui</strong></span> <span class='ocrx_word' id='word_1_25' title='bbox 1205 719 1306 793; x_wconf 89' lang='lat' dir='ltr'><strong>dicat.</strong></span> 
     </span>
     <span class='ocr_line' id='line_1_4' title="bbox 192 832 1310 934; baseline 0 -28"><span class='ocrx_word' id='word_1_26' title='bbox 192 835 229 907; x_wconf 86' lang='lat' dir='ltr'><strong>Si</strong></span> <span class='ocrx_word' id='word_1_27' title='bbox 254 833 450 908; x_wconf 80' lang='lat' dir='ltr'><strong>discesserit</strong></span> <span class='ocrx_word' id='word_1_28' title='bbox 474 832 595 913; x_wconf 84' lang='lat' dir='ltr'><strong>mulier</strong></span> <span class='ocrx_word' id='word_1_29' title='bbox 616 860 637 907; x_wconf 88' lang='lat' dir='ltr'><strong>a</strong></span> <span class='ocrx_word' id='word_1_30' title='bbox 660 834 733 909; x_wconf 86' lang='lat' dir='ltr'><strong>&#39;viro</strong></span> <span class='ocrx_word' id='word_1_31' title='bbox 760 861 827 910; x_wconf 91' lang='lat' dir='ltr'><strong>non</strong></span> <span class='ocrx_word' id='word_1_32' title='bbox 852 835 1057 924; x_wconf 76' lang='lat' dir='ltr'><strong>fornicante,</strong></span> <span class='ocrx_word' id='word_1_33' title='bbox 1081 835 1222 934; x_wconf 88' lang='lat' dir='ltr'><strong>innupta</strong></span> <span class='ocrx_word' id='word_1_34' title='bbox 1239 860 1310 934; x_wconf 88' lang='lat' dir='ltr'><strong>per·</strong></span> 
     </span>
     <span class='ocr_line' id='line_1_5' title="bbox 194 949 1311 1031; baseline 0 -6"><span class='ocrx_word' id='word_1_35' title='bbox 194 966 350 1031; x_wconf 76' lang='lat' dir='ltr'><strong>maneat,</strong></span> <span class='ocrx_word' id='word_1_36' title='bbox 376 976 453 1025; x_wconf 88' lang='lat' dir='ltr'><strong>cum</strong></span> <span class='ocrx_word' id='word_1_37' title='bbox 477 949 510 1022; x_wconf 91' lang='lat' dir='ltr'><strong>ei</strong></span> <span class='ocrx_word' id='word_1_38' title='bbox 535 950 601 1023; x_wconf 89' lang='lat' dir='ltr'><strong>nisi</strong></span> <span class='ocrx_word' id='word_1_39' title='bbox 628 977 650 1025; x_wconf 91' lang='lat' dir='ltr'><strong>a</strong></span> <span class='ocrx_word' id='word_1_40' title='bbox 673 951 747 1025; x_wconf 79' lang='lat' dir='ltr'><strong>uiro</strong></span> <span class='ocrx_word' id='word_1_41' title='bbox 770 950 957 1025; x_wconf 81' lang='lat' dir='ltr'><strong>fornicante</strong></span> <span class='ocrx_word' id='word_1_42' title='bbox 980 950 1156 1024; x_wconf 88' lang='lat' dir='ltr'><strong>discedere</strong></span> <span class='ocrx_word' id='word_1_43' title='bbox 1175 950 1311 1025; x_wconf 89' lang='lat' dir='ltr'><strong>omnino</strong></span> 
     </span>
     <span class='ocr_line' id='line_1_6' title="bbox 194 1062 1311 1166; baseline -0.003 -25"><span class='ocrx_word' id='word_1_44' title='bbox 194 1092 263 1143; x_wconf 88' lang='lat' dir='ltr'><strong>non</strong></span> <span class='ocrx_word' id='word_1_45' title='bbox 286 1062 411 1141; x_wconf 76' lang='lat' dir='ltr'><strong>liceat?</strong></span> <span class='ocrx_word' id='word_1_46' title='bbox 435 1065 562 1140; x_wconf 86' lang='lat' dir='ltr'><strong>Sensus</strong></span> <span class='ocrx_word' id='word_1_47' title='bbox 581 1066 703 1165; x_wconf 74' lang='lat' dir='ltr'><strong>&#39;itaque</strong></span> <span class='ocrx_word' id='word_1_48' title='bbox 730 1067 795 1141; x_wconf 89' lang='lat' dir='ltr'><strong>iste</strong></span> <span class='ocrx_word' id='word_1_49' title='bbox 821 1081 899 1140; x_wconf 87' lang='lat' dir='ltr'><strong>tuus</strong></span> <span class='ocrx_word' id='word_1_50' title='bbox 926 1083 1091 1166; x_wconf 88' lang='lat' dir='ltr'><strong>quantum</strong></span> <span class='ocrx_word' id='word_1_51' title='bbox 1115 1065 1311 1140; x_wconf 79' lang='lat' dir='ltr'><strong>adversetur</strong></span> 
     </span>
     <span class='ocr_line' id='line_1_7' title="bbox 193 1180 1312 1278; baseline -0.005 -20"><span class='ocrx_word' id='word_1_52' title='bbox 193 1181 328 1258; x_wconf 81' lang='lat' dir='ltr'><strong>vinculo</strong></span> <span class='ocrx_word' id='word_1_53' title='bbox 353 1180 542 1278; x_wconf 86' lang='lat' dir='ltr'><strong>coniugali,</strong></span> <span class='ocrx_word' id='word_1_54' title='bbox 575 1180 635 1254; x_wconf 90' lang='lat' dir='ltr'><strong>ubi</strong></span> <span class='ocrx_word' id='word_1_55' title='bbox 660 1181 839 1255; x_wconf 85' lang='lat' dir='ltr'><strong>Dominus</strong></span> <span class='ocrx_word' id='word_1_56' title='bbox 855 1209 918 1256; x_wconf 87' lang='lat' dir='ltr'><strong>nec</strong></span> <span class='ocrx_word' id='word_1_57' title='bbox 942 1181 1181 1258; x_wconf 88' lang='lat' dir='ltr'><strong>continentiam</strong></span> <span class='ocrx_word' id='word_1_58' title='bbox 1206 1181 1312 1256; x_wconf 87' lang='lat' dir='ltr'><strong>voluit</strong></span> 
     </span>
     <span class='ocr_line' id='line_1_8' title="bbox 193 1294 1311 1397; baseline -0.004 -25"><span class='ocrx_word' id='word_1_59' title='bbox 193 1296 346 1396; x_wconf 88' lang='lat' dir='ltr'><strong>suscipi,</strong></span> <span class='ocrx_word' id='word_1_60' title='bbox 373 1295 439 1370; x_wconf 87' lang='lat' dir='ltr'><strong>nisi</strong></span> <span class='ocrx_word' id='word_1_61' title='bbox 465 1295 539 1397; x_wconf 90' lang='lat' dir='ltr'><strong>pari</strong></span> <span class='ocrx_word' id='word_1_62' title='bbox 562 1296 781 1395; x_wconf 90' lang='lat' dir='ltr'><strong>corcordique</strong></span> <span class='ocrx_word' id='word_1_63' title='bbox 802 1322 990 1384; x_wconf 85' lang='lat' dir='ltr'><strong>consensu,</strong></span> <span class='ocrx_word' id='word_1_64' title='bbox 1023 1312 1104 1396; x_wconf 92' lang='lat' dir='ltr'><strong>puto</strong></span> <span class='ocrx_word' id='word_1_65' title='bbox 1129 1294 1311 1396; x_wconf 89' lang='lat' dir='ltr'><strong>quodiam</strong></span> 
     </span>
     <span class='ocr_line' id='line_1_9' title="bbox 195 1412 1102 1510; baseline -0.008 -24"><span class='ocrx_word' id='word_1_66' title='bbox 195 1412 365 1510; x_wconf 77' lang='lat' dir='ltr'><strong>intelligas</strong></span> <span class='ocrx_word' id='word_1_67' title='bbox 386 1412 476 1507; x_wconf 89' lang='grc'>(22).</span> <span class='ocrx_word' id='word_1_68' title='bbox 496 1440 514 1481; x_wconf 82' lang='lat' dir='ltr'><strong>n</strong></span> <span class='ocrx_word' id='word_1_69' title='bbox 1098 1418 1102 1423; x_wconf 87' lang='lat'>&#39;</span> 
     </span>
    </p>

    <p class='ocr_par' dir='ltr' id='par_1_3' title="bbox 192 1527 1321 4161">
     <span class='ocr_line' id='line_1_10' title="bbox 268 1527 1308 1631; baseline -0.003 -30"><span class='ocrx_word' id='word_1_70' title='bbox 268 1527 318 1601; x_wconf 83' lang='lat' dir='ltr'><strong>Ex</strong></span> <span class='ocrx_word' id='word_1_71' title='bbox 341 1553 409 1631; x_wconf 84' lang='lat' dir='ltr'><strong>quo</strong></span> <span class='ocrx_word' id='word_1_72' title='bbox 431 1540 521 1600; x_wconf 85' lang='lat' dir='ltr'><strong>textu</strong></span> <span class='ocrx_word' id='word_1_73' title='bbox 542 1527 718 1602; x_wconf 89' lang='lat' dir='ltr'><strong>manifeste</strong></span> <span class='ocrx_word' id='word_1_74' title='bbox 735 1528 926 1626; x_wconf 77' lang='lat' dir='ltr'><strong>colligimus</strong></span> <span class='ocrx_word' id='word_1_75' title='bbox 952 1530 1047 1603; x_wconf 80' lang='lat' dir='ltr'><strong>iuxta</strong></span> <span class='ocrx_word' id='word_1_76' title='bbox 1064 1555 1095 1602; x_wconf 88' lang='lat' dir='ltr'><strong>s.</strong></span> <span class='ocrx_word' id='word_1_77' title='bbox 1115 1530 1308 1613; x_wconf 80' lang='lat' dir='ltr'><strong>Ductorem,</strong></span> 
     </span>
     <span class='ocr_line' id='line_1_11' title="bbox 196 1642 1314 1742; baseline -0.002 -25"><span class='ocrx_word' id='word_1_78' title='bbox 196 1643 331 1717; x_wconf 90' lang='lat' dir='ltr'><strong>unicam</strong></span> <span class='ocrx_word' id='word_1_79' title='bbox 347 1652 485 1716; x_wconf 84' lang='lat' dir='ltr'><strong>causam</strong></span> <span class='ocrx_word' id='word_1_80' title='bbox 502 1642 585 1717; x_wconf 89' lang='lat' dir='ltr'><strong>iusti</strong></span> <span class='ocrx_word' id='word_1_81' title='bbox 602 1643 798 1731; x_wconf 88' lang='lat' dir='ltr'><strong>discessus,</strong></span> <span class='ocrx_word' id='word_1_82' title='bbox 818 1643 964 1718; x_wconf 89' lang='lat' dir='ltr'><strong>absoluti</strong></span> <span class='ocrx_word' id='word_1_83' title='bbox 989 1643 1107 1717; x_wconf 88' lang='lat' dir='ltr'><strong>saltem</strong></span> <span class='ocrx_word' id='word_1_84' title='bbox 1125 1658 1225 1742; x_wconf 89' lang='lat' dir='ltr'><strong>atque</strong></span> <span class='ocrx_word' id='word_1_85' title='bbox 1242 1666 1314 1740; x_wconf 70' lang='lat' dir='ltr'><strong>per</strong></span> 
     </span>
     <span class='ocr_line' id='line_1_12' title="bbox 196 1758 1312 1859; baseline -0.003 -28"><span class='ocrx_word' id='word_1_86' title='bbox 196 1759 308 1859; x_wconf 87' lang='lat' dir='ltr'><strong>potui,</strong></span> <span class='ocrx_word' id='word_1_87' title='bbox 335 1784 413 1832; x_wconf 90' lang='lat' dir='ltr'><strong>esse</strong></span> <span class='ocrx_word' id='word_1_88' title='bbox 438 1758 694 1832; x_wconf 82' lang='lat' dir='ltr'><strong>fornicationem</strong></span> <span class='ocrx_word' id='word_1_89' title='bbox 719 1759 913 1833; x_wconf 88' lang='lat' dir='ltr'><strong>alterutrius</strong></span> <span class='ocrx_word' id='word_1_90' title='bbox 941 1758 1117 1857; x_wconf 88' lang='lat' dir='ltr'><strong>coniugis,</strong></span> <span class='ocrx_word' id='word_1_91' title='bbox 1146 1758 1189 1833; x_wconf 94' lang='lat' dir='ltr'><strong>ob</strong></span> <span class='ocrx_word' id='word_1_92' title='bbox 1211 1781 1312 1856; x_wconf 57' lang='lat' dir='ltr'><strong>mam</strong></span> 
     </span>
     <span class='ocr_line' id='line_1_13' title="bbox 195 1871 1313 1973; baseline -0.004 -26"><span class='ocrx_word' id='word_1_93' title='bbox 195 1887 306 1973; x_wconf 92' lang='lat' dir='ltr'><strong>potest</strong></span> <span class='ocrx_word' id='word_1_94' title='bbox 328 1899 408 1973; x_wconf 87' lang='lat' dir='ltr'><strong>pars</strong></span> <span class='ocrx_word' id='word_1_95' title='bbox 435 1874 597 1947; x_wconf 85' lang='lat' dir='ltr'><strong>innocens</strong></span> <span class='ocrx_word' id='word_1_96' title='bbox 617 1890 793 1948; x_wconf 88' lang='lat' dir='ltr'><strong>nocentem</strong></span> <span class='ocrx_word' id='word_1_97' title='bbox 814 1873 981 1948; x_wconf 85' lang='lat' dir='ltr'><strong>dimittere</strong></span> <span class='ocrx_word' id='word_1_98' title='bbox 999 1899 1040 1947; x_wconf 81' lang='lat' dir='ltr'><strong>ex</strong></span> <span class='ocrx_word' id='word_1_99' title='bbox 1056 1872 1208 1947; x_wconf 88' lang='lat' dir='ltr'><strong>doctrina</strong></span> <span class='ocrx_word' id='word_1_100' title='bbox 1224 1871 1313 1972; x_wconf 76' lang='lat' dir='ltr'><strong>Apo-</strong></span> 
     </span>
     <span class='ocr_line' id='line_1_14' title="bbox 193 1986 1314 2088; baseline -0.004 -26"><span class='ocrx_word' id='word_1_101' title='bbox 193 1988 290 2074; x_wconf 81' lang='lat' dir='ltr'><strong>stoli,</strong></span> <span class='ocrx_word' id='word_1_102' title='bbox 318 2004 353 2062; x_wconf 90' lang='lat' dir='ltr'><strong>et</strong></span> <span class='ocrx_word' id='word_1_103' title='bbox 381 1987 506 2061; x_wconf 85' lang='lat' dir='ltr'><strong>Christi</strong></span> <span class='ocrx_word' id='word_1_104' title='bbox 537 1988 659 2088; x_wconf 89' lang='lat' dir='ltr'><strong>ipsius.</strong></span> <span class='ocrx_word' id='word_1_105' title='bbox 688 1988 887 2087; x_wconf 84' lang='lat' dir='ltr'><strong>Colligimus</strong></span> <span class='ocrx_word' id='word_1_106' title='bbox 912 1989 1003 2062; x_wconf 91' lang='lat' dir='ltr'><strong>hunc</strong></span> <span class='ocrx_word' id='word_1_107' title='bbox 1026 1989 1216 2062; x_wconf 88' lang='lat' dir='ltr'><strong>discessum</strong></span> <span class='ocrx_word' id='word_1_108' title='bbox 1233 1986 1314 2059; x_wconf 66' lang='lat' dir='ltr'><strong>&#39;sive</strong></span> 
     </span>
     <span class='ocr_line' id='line_1_15' title="bbox 195 2101 1316 2204; baseline -0.006 -27"><span class='ocrx_word' id='word_1_109' title='bbox 195 2104 444 2203; x_wconf 89' lang='lat' dir='ltr'><strong>separationem</strong></span> <span class='ocrx_word' id='word_1_110' title='bbox 466 2102 650 2200; x_wconf 79' lang='lat' dir='ltr'><strong>legitimam</strong></span> <span class='ocrx_word' id='word_1_111' title='bbox 676 2129 753 2179; x_wconf 88' lang='lat' dir='ltr'><strong>esse</strong></span> <span class='ocrx_word' id='word_1_112' title='bbox 774 2120 904 2178; x_wconf 89' lang='lat' dir='ltr'><strong>tantum</strong></span> <span class='ocrx_word' id='word_1_113' title='bbox 928 2104 1042 2204; x_wconf 85' lang='lat' dir='ltr'><strong>quoad</strong></span> <span class='ocrx_word' id='word_1_114' title='bbox 1069 2119 1177 2177; x_wconf 88' lang='lat' dir='ltr'><strong>torum</strong></span> <span class='ocrx_word' id='word_1_115' title='bbox 1201 2101 1316 2175; x_wconf 85' lang='lat' dir='ltr'><strong>convi-</strong></span> 
     </span>
     <span class='ocr_line' id='line_1_16' title="bbox 192 2220 1314 2322; baseline -0.002 -29"><span class='ocrx_word' id='word_1_116' title='bbox 192 2236 372 2320; x_wconf 87' lang='lat' dir='ltr'><strong>ctumque,</strong></span> <span class='ocrx_word' id='word_1_117' title='bbox 397 2236 594 2295; x_wconf 86' lang='lat' dir='ltr'><strong>nouantem</strong></span> <span class='ocrx_word' id='word_1_118' title='bbox 616 2221 728 2322; x_wconf 86' lang='lat' dir='ltr'><strong>quoad</strong></span> <span class='ocrx_word' id='word_1_119' title='bbox 754 2220 947 2308; x_wconf 72' lang='lat' dir='ltr'><strong>noenum,</strong></span> <span class='ocrx_word' id='word_1_120' title='bbox 969 2220 1059 2321; x_wconf 92' lang='lat' dir='ltr'><strong>quod</strong></span> <span class='ocrx_word' id='word_1_121' title='bbox 1084 2220 1132 2293; x_wconf 88' lang='lat' dir='ltr'><strong>ita</strong></span> <span class='ocrx_word' id='word_1_122' title='bbox 1158 2243 1314 2319; x_wconf 85' lang='lat' dir='ltr'><strong>perseue-</strong></span> 
     </span>
     <span class='ocr_line' id='line_1_17' title="bbox 196 2334 1315 2434; baseline -0.004 -26"><span class='ocrx_word' id='word_1_123' title='bbox 196 2350 269 2421; x_wconf 91' lang='lat' dir='ltr'><strong>rat,</strong></span> <span class='ocrx_word' id='word_1_124' title='bbox 296 2344 427 2409; x_wconf 83' lang='lat' dir='ltr'><strong>utnon</strong></span> <span class='ocrx_word' id='word_1_125' title='bbox 455 2336 562 2434; x_wconf 90' lang='lat' dir='ltr'><strong>possit</strong></span> <span class='ocrx_word' id='word_1_126' title='bbox 588 2335 767 2411; x_wconf 88' lang='lat' dir='ltr'><strong>discedens</strong></span> <span class='ocrx_word' id='word_1_127' title='bbox 791 2335 885 2409; x_wconf 88' lang='lat' dir='ltr'><strong>aliud</strong></span> <span class='ocrx_word' id='word_1_128' title='bbox 912 2335 999 2408; x_wconf 92' lang='lat' dir='ltr'><strong>inire</strong></span> <span class='ocrx_word' id='word_1_129' title='bbox 1019 2334 1233 2431; x_wconf 84' lang='lat' dir='ltr'><strong>coniugium3</strong></span> <span class='ocrx_word' id='word_1_130' title='bbox 1254 2357 1315 2405; x_wconf 90' lang='lat' dir='ltr'><strong>seu</strong></span> 
     </span>
     <span class='ocr_line' id='line_1_18' title="bbox 195 2447 1315 2550; baseline -0.004 -27"><span class='ocrx_word' id='word_1_131' title='bbox 195 2447 287 2547; x_wconf 82' lang='lat' dir='ltr'><strong>qnod</strong></span> <span class='ocrx_word' id='word_1_132' title='bbox 306 2447 398 2522; x_wconf 92' lang='lat' dir='ltr'><strong>idem</strong></span> <span class='ocrx_word' id='word_1_133' title='bbox 414 2462 485 2536; x_wconf 87' lang='lat' dir='ltr'><strong>est,</strong></span> <span class='ocrx_word' id='word_1_134' title='bbox 505 2449 697 2547; x_wconf 83' lang='lat' dir='ltr'><strong>colligimus</strong></span> <span class='ocrx_word' id='word_1_135' title='bbox 718 2475 819 2550; x_wconf 89' lang='lat' dir='ltr'><strong>posse</strong></span> <span class='ocrx_word' id='word_1_136' title='bbox 839 2450 913 2522; x_wconf 87' lang='lat' dir='ltr'><strong>fieri</strong></span> <span class='ocrx_word' id='word_1_137' title='bbox 930 2449 1110 2522; x_wconf 86' lang='lat' dir='ltr'><strong>divortium</strong></span> <span class='ocrx_word' id='word_1_138' title='bbox 1128 2447 1174 2521; x_wconf 88' lang='lat' dir='ltr'><strong>ad</strong></span> <span class='ocrx_word' id='word_1_139' title='bbox 1189 2462 1315 2520; x_wconf 88' lang='lat' dir='ltr'><strong>certum</strong></span> 
     </span>
     <span class='ocr_line' id='line_1_19' title="bbox 195 2560 1316 2663; baseline -0.001 -31"><span class='ocrx_word' id='word_1_140' title='bbox 195 2561 426 2661; x_wconf 85' lang='lat' dir='ltr'><strong>incertumque</strong></span> <span class='ocrx_word' id='word_1_141' title='bbox 444 2572 577 2662; x_wconf 86' lang='lat' dir='ltr'><strong>tempus</strong></span> <span class='ocrx_word' id='word_1_142' title='bbox 594 2563 707 2663; x_wconf 87' lang='lat' dir='ltr'><strong>quoad</strong></span> <span class='ocrx_word' id='word_1_143' title='bbox 724 2564 835 2637; x_wconf 90' lang='lat' dir='ltr'><strong>solum</strong></span> <span class='ocrx_word' id='word_1_144' title='bbox 852 2579 961 2637; x_wconf 88' lang='lat' dir='ltr'><strong>torum</strong></span> <span class='ocrx_word' id='word_1_145' title='bbox 982 2579 1016 2637; x_wconf 90' lang='lat' dir='ltr'><strong>et</strong></span> <span class='ocrx_word' id='word_1_146' title='bbox 1033 2560 1316 2637; x_wconf 86' lang='lat' dir='ltr'><strong>cohabitationem</strong></span> 
     </span>
     <span class='ocr_line' id='line_1_20' title="bbox 194 2676 1316 2778; baseline -0.003 -27"><span class='ocrx_word' id='word_1_147' title='bbox 194 2694 411 2777; x_wconf 89' lang='lat' dir='ltr'><strong>permanente</strong></span> <span class='ocrx_word' id='word_1_148' title='bbox 433 2677 568 2753; x_wconf 79' lang='lat' dir='ltr'><strong>tinnulo</strong></span> <span class='ocrx_word' id='word_1_149' title='bbox 591 2679 777 2777; x_wconf 84' lang='lat' dir='ltr'><strong>coniugali,</strong></span> <span class='ocrx_word' id='word_1_150' title='bbox 798 2696 897 2778; x_wconf 85' lang='lat' dir='ltr'><strong>prout</strong></span> <span class='ocrx_word' id='word_1_151' title='bbox 921 2706 943 2752; x_wconf 85' lang='lat' dir='ltr'><strong>a</strong></span> <span class='ocrx_word' id='word_1_152' title='bbox 967 2677 1110 2754; x_wconf 88' lang='lat' dir='ltr'><strong>concilio</strong></span> <span class='ocrx_word' id='word_1_153' title='bbox 1134 2676 1316 2750; x_wconf 89' lang='lat' dir='ltr'><strong>tridentino</strong></span> 
     </span>
     <span class='ocr_line' id='line_1_21' title="bbox 194 2792 1317 2894; baseline 0 -29"><span class='ocrx_word' id='word_1_154' title='bbox 194 2793 370 2869; x_wconf 86' lang='lat' dir='ltr'><strong>delinitum</strong></span> <span class='ocrx_word' id='word_1_155' title='bbox 395 2810 447 2868; x_wconf 89' lang='lat' dir='ltr'><strong>est</strong></span> <span class='ocrx_word' id='word_1_156' title='bbox 472 2796 508 2867; x_wconf 93' lang='lat' dir='ltr'><strong>in</strong></span> <span class='ocrx_word' id='word_1_157' title='bbox 535 2821 665 2871; x_wconf 70' lang='lat' dir='ltr'><strong>canem</strong></span> <span class='ocrx_word' id='word_1_158' title='bbox 684 2796 770 2869; x_wconf 88' lang='lat' dir='ltr'><strong>Vlll.</strong></span> <span class='ocrx_word' id='word_1_159' title='bbox 800 2796 997 2894; x_wconf 83' lang='lat' dir='ltr'><strong>Colligimus</strong></span> <span class='ocrx_word' id='word_1_160' title='bbox 1015 2821 1056 2868; x_wconf 85' lang='lat' dir='ltr'><strong>ex</strong></span> <span class='ocrx_word' id='word_1_161' title='bbox 1074 2808 1184 2867; x_wconf 90' lang='lat' dir='ltr'><strong>mente</strong></span> <span class='ocrx_word' id='word_1_162' title='bbox 1202 2820 1233 2867; x_wconf 89' lang='lat' dir='ltr'><strong>s.</strong></span> <span class='ocrx_word' id='word_1_163' title='bbox 1248 2792 1317 2865; x_wconf 84' lang='lat' dir='ltr'><strong>Au·</strong></span> 
     </span>
     <span class='ocr_line' id='line_1_22' title="bbox 197 2907 1314 3010; baseline -0.003 -28"><span class='ocrx_word' id='word_1_164' title='bbox 197 2910 323 3004; x_wconf 88' lang='lat' dir='ltr'><strong>gustini</strong></span> <span class='ocrx_word' id='word_1_165' title='bbox 353 2909 550 3010; x_wconf 85' lang='lat' dir='ltr'><strong>Apostolum</strong></span> <span class='ocrx_word' id='word_1_166' title='bbox 580 2938 659 2986; x_wconf 85' lang='lat' dir='ltr'><strong>uere</strong></span> <span class='ocrx_word' id='word_1_167' title='bbox 685 2911 865 3009; x_wconf 76' lang='lat' dir='ltr'><strong>agnovisse</strong></span> <span class='ocrx_word' id='word_1_168' title='bbox 889 2911 1071 3010; x_wconf 90' lang='lat' dir='ltr'><strong>legitimam</strong></span> <span class='ocrx_word' id='word_1_169' title='bbox 1099 2934 1237 2983; x_wconf 88' lang='lat' dir='ltr'><strong>causam</strong></span> <span class='ocrx_word' id='word_1_170' title='bbox 1262 2907 1314 2979; x_wconf 93' lang='lat' dir='ltr'><strong>di·</strong></span> 
     </span>
     <span class='ocr_line' id='line_1_23' title="bbox 196 3024 1315 3123; baseline -0.002 -26"><span class='ocrx_word' id='word_1_171' title='bbox 196 3024 296 3097; x_wconf 80' lang='lat' dir='ltr'><strong>uortii</strong></span> <span class='ocrx_word' id='word_1_172' title='bbox 317 3024 386 3097; x_wconf 88' lang='lat' dir='ltr'><strong>illis</strong></span> <span class='ocrx_word' id='word_1_173' title='bbox 403 3025 540 3099; x_wconf 80' lang='lat' dir='ltr'><strong>uerbis:</strong></span> <span class='ocrx_word' id='word_1_174' title='bbox 573 3027 667 3112; x_wconf 86' lang='lat' dir='ltr'><strong>Quod</strong></span> <span class='ocrx_word' id='word_1_175' title='bbox 690 3030 723 3100; x_wconf 78' lang='lat' dir='ltr'><strong>si</strong></span> <span class='ocrx_word' id='word_1_176' title='bbox 745 3028 952 3111; x_wconf 78' lang='lat' dir='ltr'><strong>discesserit,</strong></span> <span class='ocrx_word' id='word_1_177' title='bbox 978 3053 1106 3099; x_wconf 81' lang='lat' dir='ltr'><strong>manere</strong></span> <span class='ocrx_word' id='word_1_178' title='bbox 1126 3026 1315 3123; x_wconf 80' lang='lat' dir='ltr'><strong>innuptam,</strong></span> 
     </span>
     <span class='ocr_line' id='line_1_24' title="bbox 194 3139 1321 3226; baseline -0.002 -15"><span class='ocrx_word' id='word_1_179' title='bbox 194 3152 256 3211; x_wconf 85' lang='lat' dir='ltr'><strong>out</strong></span> <span class='ocrx_word' id='word_1_180' title='bbox 279 3140 351 3210; x_wconf 79' lang='lat' dir='ltr'><strong>viro</strong></span> <span class='ocrx_word' id='word_1_181' title='bbox 375 3164 432 3211; x_wconf 80' lang='lat' dir='ltr'><strong>ano</strong></span> <span class='ocrx_word' id='word_1_182' title='bbox 456 3142 683 3226; x_wconf 78' lang='lat' dir='ltr'><strong>reconciliari,</strong></span> <span class='ocrx_word' id='word_1_183' title='bbox 719 3168 819 3215; x_wconf 90' lang='lat' dir='ltr'><strong>secus</strong></span> <span class='ocrx_word' id='word_1_184' title='bbox 844 3168 884 3215; x_wconf 92' lang='lat' dir='ltr'><strong>ac</strong></span> <span class='ocrx_word' id='word_1_185' title='bbox 912 3168 989 3216; x_wconf 88' lang='lat' dir='ltr'><strong>cum</strong></span> <span class='ocrx_word' id='word_1_186' title='bbox 1014 3141 1087 3215; x_wconf 89' lang='lat' dir='ltr'><strong>suis</strong></span> <span class='ocrx_word' id='word_1_187' title='bbox 1113 3139 1321 3216; x_wconf 88' lang='lat' dir='ltr'><strong>contenderit</strong></span> 
     </span>
     <span class='ocr_line' id='line_1_25' title="bbox 195 3252 1321 3354; baseline -0.001 -28"><span class='ocrx_word' id='word_1_188' title='bbox 195 3252 420 3326; x_wconf 79' lang='lat' dir='ltr'><strong>Chemnitins.</strong></span> <span class='ocrx_word' id='word_1_189' title='bbox 449 3253 547 3339; x_wconf 81' lang='lat' dir='ltr'><strong>Quod</strong></span> <span class='ocrx_word' id='word_1_190' title='bbox 572 3281 652 3329; x_wconf 89' lang='lat' dir='ltr'><strong>vero</strong></span> <span class='ocrx_word' id='word_1_191' title='bbox 676 3273 809 3354; x_wconf 88' lang='lat' dir='ltr'><strong>praeter</strong></span> <span class='ocrx_word' id='word_1_192' title='bbox 834 3256 1087 3332; x_wconf 89' lang='lat' dir='ltr'><strong>fornicationem</strong></span> <span class='ocrx_word' id='word_1_193' title='bbox 1112 3256 1196 3329; x_wconf 88' lang='lat' dir='ltr'><strong>iusti</strong></span> <span class='ocrx_word' id='word_1_194' title='bbox 1214 3253 1321 3327; x_wconf 76' lang='lat' dir='ltr'><strong>dison</strong></span> 
     </span>
     <span class='ocr_line' id='line_1_26' title="bbox 198 3367 1319 3493; baseline 0 -52"><span class='ocrx_word' id='word_1_195' title='bbox 198 3369 260 3457; x_wconf 91' lang='lat' dir='ltr'><strong>tii,</strong></span> <span class='ocrx_word' id='word_1_196' title='bbox 298 3367 385 3441; x_wconf 86' lang='lat' dir='ltr'><strong>alias</strong></span> <span class='ocrx_word' id='word_1_197' title='bbox 409 3369 610 3468; x_wconf 88' lang='lat' dir='ltr'><strong>temporales</strong></span> <span class='ocrx_word' id='word_1_198' title='bbox 635 3370 753 3493; x_wconf 68' lang='lat' dir='ltr'><strong>saltem</strong></span> <span class='ocrx_word' id='word_1_199' title='bbox 779 3399 901 3451; x_wconf 84' lang='lat' dir='ltr'><strong>causas</strong></span> <span class='ocrx_word' id='word_1_200' title='bbox 931 3372 1067 3471; x_wconf 85' lang='lat' dir='ltr'><strong>praesul</strong></span> <span class='ocrx_word' id='word_1_201' title='bbox 1096 3368 1319 3470; x_wconf 87' lang='lat' dir='ltr'><strong>hipponensis</strong></span> 
     </span>
     <span class='ocr_line' id='line_1_27' title="bbox 196 3483 1320 3586; baseline 0 -29"><span class='ocrx_word' id='word_1_202' title='bbox 196 3484 394 3582; x_wconf 85' lang='lat' dir='ltr'><strong>agnoverit,</strong></span> <span class='ocrx_word' id='word_1_203' title='bbox 422 3483 589 3582; x_wconf 83' lang='lat' dir='ltr'><strong>colligitur</strong></span> <span class='ocrx_word' id='word_1_204' title='bbox 618 3514 659 3559; x_wconf 80' lang='lat' dir='ltr'><strong>ex</strong></span> <span class='ocrx_word' id='word_1_205' title='bbox 687 3486 730 3560; x_wconf 88' lang='lat' dir='ltr'><strong>iis</strong></span> <span class='ocrx_word' id='word_1_206' title='bbox 756 3487 868 3561; x_wconf 86' lang='lat' dir='ltr'><strong>verbis</strong></span> <span class='ocrx_word' id='word_1_207' title='bbox 894 3487 1019 3586; x_wconf 89' lang='lat' dir='ltr'><strong>quibus</strong></span> <span class='ocrx_word' id='word_1_208' title='bbox 1044 3485 1193 3559; x_wconf 89' lang='lat' dir='ltr'><strong>declarat</strong></span> <span class='ocrx_word' id='word_1_209' title='bbox 1219 3509 1320 3582; x_wconf 88' lang='lat' dir='ltr'><strong>posse</strong></span> 
     </span>
     <span class='ocr_line' id='line_1_28' title="bbox 195 3600 1321 3698; baseline -0.001 -25"><span class='ocrx_word' id='word_1_210' title='bbox 195 3600 381 3697; x_wconf 82' lang='lat' dir='ltr'><strong>coniuges,</strong></span> <span class='ocrx_word' id='word_1_211' title='bbox 410 3616 579 3673; x_wconf 91' lang='lat' dir='ltr'><strong>annuente</strong></span> <span class='ocrx_word' id='word_1_212' title='bbox 602 3601 769 3688; x_wconf 86' lang='lat' dir='ltr'><strong>Domino,</strong></span> <span class='ocrx_word' id='word_1_213' title='bbox 798 3603 1046 3676; x_wconf 59' lang='lat' dir='ltr'><strong>continentiam&gt;</strong></span> <span class='ocrx_word' id='word_1_214' title='bbox 1062 3626 1212 3688; x_wconf 81' lang='lat' dir='ltr'><strong>servare,</strong></span> <span class='ocrx_word' id='word_1_215' title='bbox 1243 3625 1321 3698; x_wconf 87' lang='lat' dir='ltr'><strong>pro·</strong></span> 
     </span>
     <span class='ocr_line' id='line_1_29' title="bbox 199 3713 1318 3817; baseline -0.004 -30"><span class='ocrx_word' id='word_1_216' title='bbox 199 3714 353 3815; x_wconf 89' lang='lat' dir='ltr'><strong>literique</strong></span> <span class='ocrx_word' id='word_1_217' title='bbox 373 3718 455 3813; x_wconf 77' lang='lat' dir='ltr'><strong>pori</strong></span> <span class='ocrx_word' id='word_1_218' title='bbox 476 3717 686 3815; x_wconf 79' lang='lat' dir='ltr'><strong>concordique</strong></span> <span class='ocrx_word' id='word_1_219' title='bbox 713 3744 887 3803; x_wconf 75' lang='lat' dir='ltr'><strong>mesenen,</strong></span> <span class='ocrx_word' id='word_1_220' title='bbox 908 3734 946 3792; x_wconf 89' lang='lat' dir='ltr'><strong>ut</strong></span> <span class='ocrx_word' id='word_1_221' title='bbox 962 3718 1112 3791; x_wconf 89' lang='lat' dir='ltr'><strong>omittam</strong></span> <span class='ocrx_word' id='word_1_222' title='bbox 1131 3741 1219 3817; x_wconf 89' lang='lat' dir='ltr'><strong>quae</strong></span> <span class='ocrx_word' id='word_1_223' title='bbox 1236 3713 1318 3788; x_wconf 87' lang='lat' dir='ltr'><strong>alibi</strong></span> 
     </span>
     <span class='ocr_line' id='line_1_30' title="bbox 199 3829 1320 3932; baseline 0.001 -31"><span class='ocrx_word' id='word_1_224' title='bbox 199 3829 289 3903; x_wconf 89' lang='lat' dir='ltr'><strong>idem</strong></span> <span class='ocrx_word' id='word_1_225' title='bbox 315 3856 344 3904; x_wconf 86' lang='lat' dir='ltr'><strong>s.</strong></span> <span class='ocrx_word' id='word_1_226' title='bbox 364 3831 489 3904; x_wconf 87' lang='lat' dir='ltr'><strong>Doctor</strong></span> <span class='ocrx_word' id='word_1_227' title='bbox 513 3830 631 3904; x_wconf 87' lang='lat' dir='ltr'><strong>scribit</strong></span> <span class='ocrx_word' id='word_1_228' title='bbox 656 3831 698 3904; x_wconf 91' lang='lat' dir='ltr'><strong>de</strong></span> <span class='ocrx_word' id='word_1_229' title='bbox 717 3831 916 3906; x_wconf 85' lang='lat' dir='ltr'><strong>infidelitate</strong></span> <span class='ocrx_word' id='word_1_230' title='bbox 940 3830 1130 3932; x_wconf 86' lang='lat' dir='ltr'><strong>spirituali,</strong></span> <span class='ocrx_word' id='word_1_231' title='bbox 1148 3830 1320 3931; x_wconf 86' lang='lat' dir='ltr'><strong>apostasia</strong></span> 
     </span>
     <span class='ocr_line' id='line_1_31' title="bbox 200 3943 1319 4048; baseline 0.002 -33"><span class='ocrx_word' id='word_1_232' title='bbox 200 3969 320 4043; x_wconf 90' lang='lat' dir='ltr'><strong>nempe</strong></span> <span class='ocrx_word' id='word_1_233' title='bbox 338 3960 370 4020; x_wconf 92' lang='lat' dir='ltr'><strong>et</strong></span> <span class='ocrx_word' id='word_1_234' title='bbox 387 3944 520 4019; x_wconf 91' lang='lat' dir='ltr'><strong>haeresi</strong></span> <span class='ocrx_word' id='word_1_235' title='bbox 537 4003 546 4034; x_wconf 95' lang='lat'><strong>,</strong></span> <span class='ocrx_word' id='word_1_236' title='bbox 566 3972 668 4046; x_wconf 86' lang='lat' dir='ltr'><strong>quam</strong></span> <span class='ocrx_word' id='word_1_237' title='bbox 686 3947 883 4048; x_wconf 86' lang='lat' dir='ltr'><strong>aequiparat</strong></span> <span class='ocrx_word' id='word_1_238' title='bbox 899 3946 1065 4021; x_wconf 89' lang='lat' dir='ltr'><strong>adulterio</strong></span> <span class='ocrx_word' id='word_1_239' title='bbox 1077 3961 1212 4046; x_wconf 90' lang='lat' dir='ltr'><strong>propter</strong></span> <span class='ocrx_word' id='word_1_240' title='bbox 1228 3943 1319 4043; x_wconf 89' lang='lat' dir='ltr'><strong>quod</strong></span> 
     </span>
     <span class='ocr_line' id='line_1_32' title="bbox 197 4056 1032 4161; baseline 0.007 -32"><span class='ocrx_word' id='word_1_241' title='bbox 197 4056 385 4133; x_wconf 71' lang='lat' dir='ltr'><strong>diuortium</strong></span> <span class='ocrx_word' id='word_1_242' title='bbox 410 4060 524 4159; x_wconf 87' lang='lat' dir='ltr'><strong>quoad</strong></span> <span class='ocrx_word' id='word_1_243' title='bbox 549 4076 658 4135; x_wconf 89' lang='lat' dir='ltr'><strong>torum</strong></span> <span class='ocrx_word' id='word_1_244' title='bbox 684 4060 756 4135; x_wconf 83' lang='lat' dir='ltr'><strong>fieri</strong></span> <span class='ocrx_word' id='word_1_245' title='bbox 780 4079 892 4161; x_wconf 85' lang='lat' dir='ltr'><strong>potest</strong></span> <span class='ocrx_word' id='word_1_246' title='bbox 912 4065 1000 4158; x_wconf 74' lang='grc'>(22).</span> <span class='ocrx_word' id='word_1_247' title='bbox 1029 4140 1032 4149; x_wconf 61' lang='grc'><strong>,</strong></span> 
     </span>
    </p>
   </div>
   <div class='ocr_carea' id='block_1_3' title="bbox 198 4285 1320 4511">
    <p class='ocr_par' dir='ltr' id='par_1_4' title="bbox 198 4285 1320 4511">
     <span class='ocr_line' id='line_1_33' title="bbox 277 4285 808 4348; baseline 0.009 -14"><span class='ocrx_word' id='word_1_248' title='bbox 277 4285 328 4347; x_wconf 76' lang='lat' dir='ltr'><strong>(tt)</strong></span> <span class='ocrx_word' id='word_1_249' title='bbox 343 4287 404 4348; x_wconf 80' lang='lat' dir='ltr'><strong>cap.</strong></span> <span class='ocrx_word' id='word_1_250' title='bbox 420 4287 464 4336; x_wconf 89' lang='grc' dir='ltr'><strong>ΙΙΙ.</strong></span> <span class='ocrx_word' id='word_1_251' title='bbox 481 4300 506 4337; x_wconf 87' lang='lat' dir='ltr'><strong>n.</strong></span> <span class='ocrx_word' id='word_1_252' title='bbox 521 4292 545 4338; x_wconf 81' lang='lat' dir='ltr'><strong>t.</strong></span> <span class='ocrx_word' id='word_1_253' title='bbox 561 4291 621 4339; x_wconf 91' lang='lat' dir='ltr'><strong>tom.</strong></span> <span class='ocrx_word' id='word_1_254' title='bbox 637 4291 678 4339; x_wconf 79' lang='lat' dir='ltr'><strong>Vl.</strong></span> <span class='ocrx_word' id='word_1_255' title='bbox 690 4289 738 4338; x_wconf 88' lang='lat' dir='ltr'><strong>cof.</strong></span> <span class='ocrx_word' id='word_1_256' title='bbox 753 4295 808 4339; x_wconf 80' lang='lat' dir='ltr'><strong>ese.</strong></span> 
     </span>
     <span class='ocr_line' id='line_1_34' title="bbox 276 4364 1320 4433; baseline 0.002 -19"><span class='ocrx_word' id='word_1_257' title='bbox 276 4364 327 4427; x_wconf 76' lang='lat'><strong>(2³)</strong></span> <span class='ocrx_word' id='word_1_258' title='bbox 341 4367 380 4414; x_wconf 86' lang='lat' dir='ltr'><strong>De</strong></span> <span class='ocrx_word' id='word_1_259' title='bbox 398 4378 515 4417; x_wconf 80' lang='lat' dir='ltr'><strong>serntone</strong></span> <span class='ocrx_word' id='word_1_260' title='bbox 533 4370 639 4418; x_wconf 73' lang='lat' dir='ltr'><strong>Domini</strong></span> <span class='ocrx_word' id='word_1_261' title='bbox 658 4372 685 4419; x_wconf 76' lang='lat' dir='ltr'><strong>ta</strong></span> <span class='ocrx_word' id='word_1_262' title='bbox 708 4372 808 4428; x_wconf 76' lang='lat' dir='ltr'><strong>monte,</strong></span> <span class='ocrx_word' id='word_1_263' title='bbox 833 4369 877 4419; x_wconf 84' lang='lat' dir='ltr'><strong>ffb.</strong></span> <span class='ocrx_word' id='word_1_264' title='bbox 896 4371 915 4418; x_wconf 93' lang='lat'><strong>1.</strong></span> <span class='ocrx_word' id='word_1_265' title='bbox 937 4382 990 4433; x_wconf 87' lang='lat' dir='ltr'><strong>cap.</strong></span> <span class='ocrx_word' id='word_1_266' title='bbox 1004 4374 1042 4419; x_wconf 78' lang='lat' dir='ltr'><strong>uc.</strong></span> <span class='ocrx_word' id='word_1_267' title='bbox 1057 4376 1095 4419; x_wconf 75' lang='lat' dir='ltr'><strong>te.</strong></span> <span class='ocrx_word' id='word_1_268' title='bbox 1116 4371 1152 4418; x_wconf 85' lang='lat' dir='ltr'><strong>De</strong></span> <span class='ocrx_word' id='word_1_269' title='bbox 1171 4381 1221 4432; x_wconf 83' lang='lat' dir='ltr'><strong>que</strong></span> <span class='ocrx_word' id='word_1_270' title='bbox 1239 4369 1320 4417; x_wconf 71' lang='lat' dir='ltr'><strong>nmen</strong></span> 
     </span>
     <span class='ocr_line' id='line_1_35' title="bbox 198 4444 1319 4511; baseline 0.002 -17"><span class='ocrx_word' id='word_1_271' title='bbox 198 4444 356 4508; x_wconf 73' lang='lat' dir='ltr'><strong>onposttlone</strong></span> <span class='ocrx_word' id='word_1_272' title='bbox 377 4445 410 4496; x_wconf 88' lang='lat' dir='ltr'><strong>et.</strong></span> <span class='ocrx_word' id='word_1_273' title='bbox 431 4459 495 4509; x_wconf 80' lang='lat' dir='ltr'><strong>quae</strong></span> <span class='ocrx_word' id='word_1_274' title='bbox 513 4446 613 4511; x_wconf 72' lang='lat' dir='ltr'><strong>sennen</strong></span> <span class='ocrx_word' id='word_1_275' title='bbox 632 4449 684 4511; x_wconf 78' lang='lat' dir='ltr'><strong>ipsc</strong></span> <span class='ocrx_word' id='word_1_276' title='bbox 703 4462 724 4500; x_wconf 82' lang='lat' dir='ltr'><strong>s.</strong></span> <span class='ocrx_word' id='word_1_277' title='bbox 738 4448 889 4511; x_wconf 73' lang='lat' dir='ltr'><strong>tugnsfinus</strong></span> <span class='ocrx_word' id='word_1_278' title='bbox 913 4449 954 4499; x_wconf 81' lang='lat' dir='ltr'><strong>lib.</strong></span> <span class='ocrx_word' id='word_1_279' title='bbox 970 4451 991 4499; x_wconf 87' lang='grc' dir='ltr'><strong>Ι.</strong></span> <span class='ocrx_word' id='word_1_280' title='bbox 1007 4451 1120 4500; x_wconf 67' lang='lat' dir='ltr'><strong>detruct.</strong></span> <span class='ocrx_word' id='word_1_281' title='bbox 1137 4462 1161 4498; x_wconf 87' lang='lat' dir='ltr'><strong>c.</strong></span> <span class='ocrx_word' id='word_1_282' title='bbox 1174 4449 1239 4498; x_wconf 77' lang='lat' dir='ltr'><strong>m.</strong></span> <span class='ocrx_word' id='word_1_283' title='bbox 1254 4460 1280 4496; x_wconf 87' lang='lat' dir='ltr'><strong>u.</strong></span> <span class='ocrx_word' id='word_1_284' title='bbox 1295 4454 1319 4496; x_wconf 77' lang='lat' dir='ltr'><strong>t.</strong></span> 
     </span>
    </p>
   </div>
   <div class='ocr_carea' id='block_1_4' title="bbox 0 0 1626 5084">
    <p class='ocr_par' dir='ltr' id='par_1_5' title="bbox 0 0 1626 5084">
     <span class='ocr_line' id='line_1_36' title="bbox 0 0 1626 5084; baseline 0 0"><span class='ocrx_word' id='word_1_285' title='bbox 0 0 1626 5084; x_wconf 95' lang='lat' dir='ltr'><strong> </strong></span> 
     </span>
    </p>
   </div>
  </div>
 </body>
</html>
