3234 5084
376 458 446 508 cnr.
459 456 491 505 v.
504 456 545 507 nr
562 455 672 507 sotor.
687 455 815 508 rmum.
832 457 927 509 mrn.
945 458 1016 509 tur.
1033 458 1057 508 1.
1213 437 1281 508 tat

168 579 269 653 minis
292 592 355 651 etc.
384 573 433 649 itu
455 589 494 649 ut
516 572 719 650 cohabitatio
738 574 926 675 proximum
943 575 990 650 sit
1005 573 1068 650 Ilei
1091 574 1282 650 offendendi

168 690 365 793 periculum.
394 688 470 761 Huc
494 702 625 788 spectat
648 687 731 762 illud
748 687 875 773 Christi
896 689 1030 764 Domini
1052 688 1189 763 effatum
1204 688 1285 763 llat-

168 809 217 883 th.
236 806 351 879 tvm.
375 806 410 878 9.
442 802 510 874 «Si
536 803 655 877 oculus
680 819 759 877 tuus
787 803 995 879 scandalizet
1018 821 1069 893 te,
1102 830 1182 878 erue
1204 830 1283 878 eum

167 937 200 999 et
211 921 338 1024 proiice
354 918 431 993 abst
446 934 522 992 te.»
542 917 637 1005 Quae
653 918 755 992 verba
771 920 1009 994 commentario
1026 946 1089 994 suo
1109 918 1284 994 illustrans

167 1065 198 1114 s.
219 1037 445 1135 Hieronymus
471 1031 569 1108 docet
592 1032 682 1107 hanc
705 1059 781 1107 esse
806 1034 940 1108 Domini
962 1034 1179 1122 sententiam,
1198 1050 1237 1108 ut
1251 1035 1282 1107 si

168 1153 213 1241 ii,
233 1151 292 1251 qui
311 1148 409 1224 nobis
426 1148 690 1222 coniunctissimi
708 1163 788 1222 sunt
807 1164 841 1222 et
861 1148 955 1223 chari
972 1148 1143 1224 oculorum
1161 1149 1280 1237 instar,

169 1283 207 1338 ut
231 1278 411 1365 parentes,
438 1260 526 1350 filii,
553 1287 658 1350 uxor,
681 1287 786 1336 causa
812 1262 881 1337 sint
906 1263 1042 1351 ruinae,
1071 1262 1175 1337 abiis
1192 1288 1284 1337 rece-

169 1380 303 1453 demus.
331 1377 414 1451 Nota
438 1376 562 1476 pariter
586 1391 666 1450 sunt
690 1401 720 1448 s.
741 1374 890 1472 Gregorii
908 1376 952 1449 ll.
973 1376 1096 1450 verba:
1120 1376 1191 1450 «Ut
1206 1402 1285 1451 uxo·

169 1520 240 1567 rem
259 1508 293 1566 et
311 1492 369 1592 qni
387 1489 484 1565 nobis
501 1491 612 1565 carnis
629 1491 828 1588 cognatione
845 1490 1017 1583 coniuncti,
1029 1508 1126 1579 sunt,
1147 1506 1180 1566 et
1195 1503 1283 1592 quos

169 1606 338 1707 proximos
356 1604 529 1692 novimus,
551 1603 754 1701 diligamus3
779 1620 813 1677 et
829 1630 915 1704 quos
936 1603 1147 1679 adversarios
1171 1605 1206 1676 in
1225 1604 1284 1680 uia

168 1721 230 1795 nei
259 1720 425 1821 patimur,
452 1717 597 1792 odiefflo
622 1733 657 1790 et
680 1716 839 1814 fugiendo
863 1716 1055 1793 nesciamus
1089 1719 1215 1814 (tt).»
1242 1718 1286 1791 Et

168 1860 253 1910 sane
277 1833 363 1907 nihil
388 1833 424 1907 iu
449 1832 514 1908 hoc
538 1832 664 1907 mundo
688 1847 761 1920 est,
789 1832 881 1932 quod
905 1858 982 1906 cum
1006 1833 1068 1909 Ilei
1093 1832 1220 1907 honore
1244 1858 1285 1908 uc

167 1950 272 2025 animi
285 1950 391 2024 nostri
409 1948 517 2023 salute
531 1950 639 2049 possit
651 1948 812 2038 conlerri;
834 1949 995 2023 nuncium
1011 1948 1170 2024 omnibus
1187 1961 1282 2022 mun·

167 2066 269 2141 danis
292 2064 393 2141 rebus
418 2063 530 2165 potius
556 2063 723 2138 remittere
746 2063 928 2154 debemus,
949 2091 1051 2165 quam
1069 2065 1202 2140 animae
1224 2062 1284 2139 de·

168 2180 360 2256 trimentum
385 2179 421 2251 in
445 2178 577 2276 negotio
601 2177 722 2252 salutis
745 2193 901 2253 ueternae
923 2179 1103 2277 patiamur.

241 2292 336 2367 Libet
360 2292 424 2366 hoc
449 2291 648 2367 concludere
673 2307 905 2389 argumentum
926 2292 1039 2367 verbis
1061 2291 1168 2379 Eetii,
1197 2275 1287 2392 quae

171 2409 256 2482 huec
280 2423 370 2482 sunt.
398 2406 446 2481 Ac
470 2406 513 2480 de
536 2406 676 2481 crimine
700 2407 837 2507 quidem
863 2407 1091 2482 fornicationis
1117 2407 1184 2481 iam
1201 2405 1284 2479 dixi·

169 2548 290 2598 mus...
310 2523 361 2597 lle
376 2522 454 2598 aliis
479 2538 590 2596 autem
614 2520 832 2611 criminibus,
859 2523 1047 2598 cuiusmodi
1072 2538 1153 2597 sunt
1169 2521 1285 2622 impie

170 2654 244 2727 tas,
266 2640 455 2739 apostasia,
484 2637 657 2726 haeresis,
686 2637 919 2725 latrocinium,
949 2637 1162 2735 sacrilegium
1179 2651 1213 2711 et
1236 2635 1284 2709 ei-

170 2753 265 2828 milia
289 2752 489 2852 generaliter
513 2753 762 2840 annotandum,
783 2777 851 2826 non
873 2776 950 2827 esee
971 2751 1100 2827 licitum
1124 2751 1283 2852 cuiquam

172 2884 307 2968 propter
331 2868 395 2943 has
415 2893 537 2943 causas
561 2867 729 2944 dimittere
752 2894 831 2943 use
846 2867 1021 2965 coniugem
1039 2892 1079 2942 eo
1100 2866 1284 2966 modoque

172 2983 351 3058 dimittitur
374 3009 478 3058 ceusu
503 2983 753 3071 fornicationis,
777 2983 906 3072 idest,
929 2998 1126 3084 perpetuum
1150 3007 1228 3056 cum
1243 3007 1286 3056 eo

171 3098 352 3175 divortium
377 3099 507 3187 lacere,
533 3124 574 3173 uc
598 3099 671 3173 iure
696 3098 832 3198 petendi
861 3098 966 3172 debiti
992 3098 1190 3199 simpliciter
1220 3098 1286 3199 pri·

171 3240 273 3303 vare3
301 3241 377 3288 cum
398 3214 553 3290 Christus
569 3214 612 3287 de
628 3214 693 3288 hac
711 3240 747 3288 re
763 3213 973 3314 praecipiens
995 3214 1102 3288 solam
1119 3213 1286 3312 exceperit

171 3330 470 3405 fornicationem...
498 3329 579 3429 quia
603 3355 664 3429 per
686 3327 751 3403 hoc
775 3328 885 3404 solum
913 3330 1038 3404 crimen
1063 3330 1155 3403 iuxta
1179 3328 1286 3425 signi-

172 3444 363 3521 ficationem
385 3444 459 3519 eius
481 3470 584 3546 supra
607 3444 816 3544 expositam,
840 3445 1039 3521 ammittitur
1059 3445 1115 3518 ius
1139 3460 1287 3544 potesta·

172 3559 216 3634 tis
240 3557 446 3657 coniugalis,
466 3559 516 3633 sic
532 3572 570 3632 ut
593 3559 761 3633 innocenti
779 3558 922 3634 liberum
941 3560 1004 3649 sit,
1032 3559 1118 3633 lacto
1139 3559 1285 3633 divortio

170 3701 293 3751 vovere
311 3678 383 3753 Ilen
399 3694 595 3779 perpetuam
612 3678 871 3769 continentium,
891 3680 959 3754 imo
975 3679 1069 3754 etad
1088 3679 1284 3778 religionem

171 3792 333 3883 transire3
353 3794 444 3895 qnod
462 3795 572 3870 lacere
591 3794 622 3868 ei
648 3794 811 3870 nonlicet
830 3796 917 3870 lucta
940 3796 1138 3871 dimissione
1150 3809 1286 3896 propter

172 3904 240 3979 alie
258 3909 410 3983 crimine.
431 3911 665 3986 Verumtamen
687 3910 802 3985 licebit
825 3911 993 3987 dimittere
1012 3913 1188 4011 coniugem
1209 3912 1287 3985 hae-

172 4020 329 4111 reticum,
347 4024 400 4099 vel
418 4024 503 4102 alias
520 4026 679 4128 impium,
708 4043 766 4102 aut
785 4027 1028 4113 facinorosum,
1049 4043 1106 4101 aut
1125 4052 1282 4114 saevum,

173 4137 205 4213 si
228 4136 273 4212 ab
297 4165 356 4227 eo,
384 4140 436 4216 vel
461 4143 526 4243 ipsi
552 4143 708 4242 coniugi,
737 4142 790 4220 rel
814 4143 931 4220 liberis
955 4143 1130 4218 immineat
1154 4142 1286 4244 pericu·

172 4251 265 4344 lum,
289 4253 427 4356 uliquod
444 4257 577 4333 animae
593 4274 652 4333 aut
667 4259 839 4360 corperis,
861 4274 898 4333 ut
922 4259 951 4333 si
973 4258 1018 4335 sit
1043 4257 1285 4360 periculumne

248 4406 299 4471 (tt)
315 4410 392 4460 Horo
416 4411 577 4462 xxxvlmn
601 4412 703 4476 Boane.
