3234 5084
364 424 434 493 ott
510 446 570 495 trs.
588 446 634 495 ιιι.
652 445 738 495 srcr.
755 445 885 498 ursas.
903 446 942 496 ns
956 445 1067 497 motu.
1082 446 1178 497 ιιιι.
1194 446 1316 499 ιιιιπ.

362 562 550 663 Siquidem,
570 578 608 634 ut
630 562 865 637 animadvertit
890 564 1045 652 Pontius,
1064 591 1105 638 ca
1122 564 1322 662 significatio
1340 589 1410 640 non
1426 566 1471 638 al·

361 677 433 748 ficit
445 675 775 750 indissolubilitatsm
793 678 996 752 matrimonii
1009 694 1067 752 aut
1079 677 1389 765 dissolubilitatem‚
1412 679 1472 754 scd

362 790 495 886 signum
521 806 574 863 est
596 816 617 863 a
643 791 836 890 posteriori,
865 819 905 865 ex
930 819 997 892 quo
1021 792 1211 890 colligimus
1240 819 1312 865 cam
1341 793 1474 867 solubi-

361 901 486 976 litatem
513 929 684 992 cessasse,
713 921 772 978 aut
797 931 1012 1004 permanere;
1033 921 1087 979 ast
1109 905 1200 1005 quod
1222 906 1469 981 matrimonium

360 1018 406 1090 sit
416 1044 480 1091 nec
491 1045 534 1092 nc
550 1017 694 1091 solubile
710 1019 745 1091 id
764 1019 910 1118 pendere
927 1018 971 1091 ah
988 1019 1195 1093 institutione
1211 1019 1336 1093 Christi
1354 1023 1465 1115 (119).

361 1131 448 1206 lluic
473 1133 574 1230 igitur
598 1134 821 1209 insistendum
845 1151 914 1220 est,
941 1160 982 1207 ec
1007 1132 1058 1207 vel
1084 1134 1191 1230 magis
1218 1134 1310 1234 quod
1327 1161 1395 1208 non
1412 1135 1470 1208 de·

360 1245 499 1334 luerim,
528 1250 585 1348 qui
616 1248 845 1322 existimarent
876 1248 1122 1322 matrimonium
1153 1248 1254 1321 ctiam
1284 1264 1392 1322 ratum
1423 1249 1472 1321 si-

359 1361 520 1459 gnificare
545 1363 704 1438 unionem
730 1362 855 1436 Christi
883 1387 949 1436 non
976 1363 1085 1437 solum
1107 1389 1182 1437 cum
1202 1365 1332 1451 anima,
1356 1391 1471 1438 verum

358 1476 460 1550 etiam
485 1501 560 1550 cum
586 1476 749 1564 ecclesia,
777 1504 854 1551 cnm
881 1477 1005 1551 Paulus
1029 1477 1156 1576 Ephss.
1185 1478 1222 1549 V.
1249 1479 1408 1552 unionem
1434 1479 1472 1550 il

361 1590 427 1663 lam
459 1590 613 1666 iudicans
637 1591 728 1665 dicat
751 1592 929 1665 universe:
956 1592 1026 1664 Hor
1054 1607 1291 1664 socraticorum
1315 1619 1471 1691 maguum

358 1720 417 1777 est.
438 1705 509 1804 Epo
526 1720 637 1779 cutem
660 1706 732 1779 diro
757 1708 794 1779 in
820 1707 949 1779 Christo
975 1720 1006 1779 et
1029 1709 1065 1779 in
1090 1707 1244 1791 corleum
1273 1709 1470 1805 pracsertim

360 1847 436 1893 cunr
463 1846 530 1895 non
555 1821 655 1895 modo
689 1820 860 1909 fidelium,
888 1821 950 1895 sed
980 1822 1081 1894 etiam
1107 1822 1320 1895 matrimonia
1348 1822 1470 1896 infido-

360 1935 460 2021 lium,
488 1936 594 2012 multo
618 1961 697 2010 vcro
727 1935 835 2034 magis
866 1936 1077 2009 matrimonia
1106 1935 1326 2011 hebraeorum
1353 1936 1470 2037 aliquo

360 2049 459 2124 modo
483 2050 640 2124 unionem
666 2048 791 2122 Christi
817 2070 893 2123 cum
918 2049 1079 2138 ecclesia,
1107 2066 1166 2124 aut
1189 2053 1289 2125 etiam
1308 2053 1467 2126 unionem

358 2164 604 2265 hypostaticam
634 2163 876 2261 significarent.
908 2163 1072 2250 Quocirca
1100 2191 1167 2238 ncu
1196 2165 1328 2239 videtur
1359 2166 1467 2240 solide
1596 2228 1601 2251 .

355 2279 425 2354 dici
451 2305 553 2379 possa
582 2279 658 2352 ideo
687 2278 771 2353 solvi
803 2279 1052 2355 matrimonium
1085 2296 1210 2367 ratum,
1243 2281 1326 2381 quia
1356 2281 1464 2356 solum

357 2394 527 2492 significat
551 2394 709 2467 unionem
735 2391 861 2468 Christi
886 2417 963 2467 cum
987 2394 1101 2467 anima
1130 2394 1396 2495 uniuscuiusque
1427 2397 1468 2470 ti-

356 2507 454 2585 dolis.

428 2625 491 2700 liis
516 2643 708 2730 propterea,
737 2628 883 2728 aliisque
906 2628 1072 2702 eiusmodi
1099 2628 1211 2701 minus
1236 2627 1335 2701 certis
1362 2651 1467 2724 argu·

355 2742 478 2816 mentis
494 2743 665 2832 dimissis,
685 2771 728 2818 nc
745 2744 931 2817 infirmatur
946 2743 1058 2844 potius
1075 2768 1177 2842 quam
1193 2742 1385 2816 adstruatur
1397 2741 1469 2815 the

355 2858 424 2947 sis,
441 2858 497 2933 hic
509 2859 634 2934 sistunt
646 2887 765 2958 grates
783 2859 929 2958 theologi
947 2859 982 2931 iu
997 2885 1060 2933 sua
1078 2858 1264 2958 protuenda
1280 2859 1466 2944 sententia,

353 3001 422 3076 qua
447 2975 614 3049 affirmant
637 3002 739 3077 posse
754 3002 909 3050 romanos
927 2976 1102 3077 pontifices
1118 2974 1382 3050 extraordinaria
1404 3000 1467 3075 pc·

355 3105 473 3165 testate
497 3089 563 3164 sibi
582 3117 602 3164 a
619 3089 753 3165 Christo
778 3117 957 3179 concessa,
985 3117 1060 3166 cum
1087 3115 1173 3190 opus
1198 3091 1314 3177 fucrit,
1335 3088 1468 3165 solvere

354 3206 547 3305 coniugium
573 3222 681 3282 ratum
708 3206 871 3281 fidelium.

851 3441 887 3539 g.
916 3440 959 3511 ιι.

499 3611 634 3676 utriusque
648 3611 781 3662 sententiae
796 3612 995 3673 argumentorum
1012 3608 1132 3659 circumc
1146 3610 1172 3659 st
1183 3606 1318 3659 conclustc.

426 3772 596 3846 Hactenus
622 3771 821 3872 praecipuos
848 3785 1000 3843 auctores
1028 3768 1086 3870 qui
1113 3794 1172 3870 pro
1203 3767 1361 3841 alterutra
1388 3767 1465 3867 cpi·

352 3889 454 3963 nionc
470 3886 643 3962 decertant
659 3912 726 3960 una
744 3911 819 3958 cum
834 3884 1027 3984 praecipuis
1044 3883 1250 3980 argumentis
1263 3882 1389 3983 quihus
1403 3908 1465 3982 pru

257 4040 259 4043 ·
353 4030 416 4079 sua
440 4004 568 4104 quique
584 4001 672 4076 thesi
697 4015 837 4075 utuntur
852 4001 886 4071 in
905 3999 1051 4072 medium
1070 3998 1263 4084 attulimus3
1283 4021 1374 4069 nunc
1394 3995 1464 4069 iam

353 4144 491 4194 neccsse
516 4135 568 4193 cst
590 4145 632 4192 ea
656 4116 742 4191 inter
768 4143 805 4190 se
830 4116 996 4205 conferre,
1024 4132 1199 4190 uteorum
1223 4114 1291 4187 vim
1318 4111 1360 4185 ad
1391 4138 1466 4213 pru-

352 4233 500 4307 handum
531 4234 739 4331 detegamus.
760 4232 816 4305 Sic
844 4231 932 4305 enim
961 4231 1033 4317 liet,
1061 4245 1098 4304 ut
1126 4229 1259 4304 lucilius
1288 4227 1463 4303 veritatem

426 4404 492 4463 (uu)
507 4401 562 4453 tio.
575 4405 596 4452 ι.
608 4414 662 4464 cup.
678 4403 741 4453 xlv.
