3234 5084
309 424 380 496 sot
455 446 516 498 tm.
535 446 582 497 ιιι.
599 444 687 497 srcr.
704 445 835 496 rtrum.
851 442 891 496 ns
909 445 1021 498 rnnrss.
1038 446 1133 498 rrrrn.
1150 442 1273 498 cuursr.

306 565 450 640 cationis
475 581 545 638 tum
571 562 724 637 adulterii
758 566 923 663 flagitium
955 566 1131 641 admittant
1156 593 1195 640 ac
1225 563 1418 665 postulent,

308 681 394 755 salso
411 680 552 780 proinde
572 680 757 753 assumitur
779 676 952 779 πορνείαν
975 682 1010 753 in
1028 682 1153 755 uostris
1171 680 1333 769 textibus,
1354 706 1421 755 non

306 797 507 896 significare,
533 821 594 867 nec
618 796 801 894 significare
817 822 910 893 posse
934 796 1099 894 flagitium
1125 795 1169 869 ab
1194 796 1353 870 alterutro
1371 794 1421 869 le·

182 945 197 975 t
307 911 499 1008 gitimorum
513 910 692 1007 coniugum
706 936 781 982 cum
796 924 954 984 extraneo
973 926 1152 1011 patratum.
1170 912 1337 984 Invenere
1354 910 1422 982 imo

307 1024 421 1124 potius
446 1025 494 1098 ita
519 1051 700 1124 possumus
726 1041 979 1123 argumentum,
1008 1026 1163 1123 generice
1183 1050 1246 1099 ror
1266 1019 1422 1122 πορνεία

307 1165 374 1213 ιιοιι
394 1140 493 1214 modo
515 1139 715 1214 latissimam
741 1139 844 1212 habet
868 1140 1147 1238 significationem
1173 1140 1216 1213 ad
1241 1139 1424 1237 designan-

307 1253 385 1329 dam
411 1283 658 1357 quamcumque
685 1254 917 1355 impudicitiae
943 1259 1109 1357 speciem,
1138 1257 1198 1331 sed
1224 1255 1421 1330 nominatim

306 1372 497 1469 promiscue
520 1387 703 1471 usurpatur
726 1387 794 1444 tum
823 1397 883 1471 pro
909 1370 1126 1445 fornicatione
1152 1369 1322 1469 simplici,
1352 1385 1422 1442 tum

307 1511 368 1584 pro
393 1484 578 1575 adulterio;
606 1514 645 1560 err
671 1486 841 1560 substrata
875 1487 1016 1588 proinde
1049 1488 1188 1560 materia
1213 1487 1248 1558 in
1275 1511 1437 1585 quonam⁴

308 1627 411 1675 sensu
428 1619 609 1701 usurpetur
625 1600 879 1675 diiudicandum
893 1619 956 1676 est.
970 1602 1052 1675 Cum
1065 1628 1144 1676 vcro
1156 1601 1423 1676 luculentissime
1464 1654 1471 1659 -

307 1732 437 1790 constet
461 1717 646 1791 in‘nostris
680 1718 825 1810 textibus
860 1718 1047 1792 adhibitam
1072 1743 1092 1791 a
1118 1717 1251 1792 Christo
1277 1742 1353 1790 csse
1379 1717 1422 1789 de

306 1830 447 1906 muliere
467 1831 681 1905 matrimonio
704 1832 839 1921 iuncta3
859 1832 978 1906 merito
999 1830 1252 1920 concludimus,
1273 1857 1348 1905 eam
1365 1856 1421 1905 to

307 1970 380 2020 cem
398 1948 433 2018 in
451 1946 527 2019 istis
544 1944 627 2019 locis
645 1970 708 2017 nec
723 1946 927 2046 significare,
944 1974 1001 2020 nec
1017 1946 1203 2045 significare
1217 1971 1311 2044 posse
1329 1945 1423 2018 aliod

307 2086 407 2158 quom
434 2059 599 2158 flagitium
616 2058 660 2132 ab
681 2058 840 2134 alterutro
865 2056 1087 2165 legitimorum
1110 2060 1289 2159 coniugum
1315 2075 1424 2160 patra·

307 2188 377 2247 tum
396 2200 479 2248 ¹cum
504 2190 672 2250 extraneo.
1019 2266 1023 2275 .

380 2290 452 2363 Non
466 2289 564 2363 rideo
582 2306 692 2365 autem
711 2293 879 2390 quomodo
892 2291 977 2366 adeo
990 2306 1224 2389 asseveranter,
1238 2291 1423 2365 affirmetur

307 2404 480 2478 Christum
505 2420 688 2479 cmrstcntcr
702 2432 785 2481 voce
808 2402 971 2501 μοιχεία
996 2407 1195 2505 designasse
1212 2406 1246 2478 in
1265 2406 1334 2479 illis
1353 2432 1422 2480 ser-

306 2520 464 2594 monibus
490 2520 711 2608 adulterium,
741 2537 907 2622 quatenus
933 2550 954 2596 a
978 2518 1132 2623 πορνεία
1157 2549 1217 2595 seu
1238 2547 1259 2594 a
1280 2521 1424 2595 fornica·

307 2633 397 2708 tione
430 2635 678 2735 distinguitur,
696 2660 735 2708 ac
760 2653 956 2736 propterca,
984 2635 1075 2736 quod
1110 2660 1320 2734 consequens
1345 2649 1419 2723 est,

307 2750 730 2850 constanterparitervitce
755 2746 910 2850 tropicis
927 2751 1141 2848 significasse
1154 2749 1419 2835 fornicationem,

310 2880 411 2962 prout
427 2864 647 2962 distinguitur
659 2864 702 2937 ab
715 2865 890 2940 adulterio.
904 2867 976 2941 Hoc
987 2861 1065 2940 vere
1077 2882 1129 2940 est
1140 2891 1314 2939 assumere
1330 2863 1421 2964 quod

310 2979 344 3049 in
371 2978 568 3077 quaestione
592 2995 643 3052 est
669 2982 838 3081 positum,
866 3009 927 3056 seu
952 2982 1064 3082 potius
1089 2980 1180 3082 quod
1204 2978 1341 3054 omnino
1365 3004 1421 3052 ne·

307 3093 380 3190 gari
404 3092 514 3166 debet.

381 3205 557 3295 Quinimo,
585 3233 625 3282 eo
652 3210 747 3308 ipso,
775 3210 866 3310 qnod
887 3211 1042 3286 Christus
1066 3209 1170 3285 rerba
1192 3196 1420 3309 μοιχᾶσθαι

308 3337 341 3395 et
375 3311 568 3417 μοιχᾶται
594 3373 605 3405 ,
640 3325 769 3398 scilicet
792 3327 957 3399 moechari
980 3341 1013 3399 et
1037 3325 1201 3399 adulterat
1229 3322 1419 3425 protulerit,

307 3437 525 3512 confirmatur
552 3465 668 3513 vocem
700 3436 876 3538 πορνείας
913 3443 1139 3542 fornicationis
1173 3465 1360 3540 usurpasse
1388 3438 1423 3510 in
1479 3477 1484 3487 ·

307 3579 410 3626 sensu
436 3554 604 3627 adulterii.
626 3555 721 3628 Ratio
747 3571 819 3642 est,
849 3557 931 3655 qnia
955 3557 1048 3630 iuxta
1072 3556 1257 3629 doctrinam
1283 3553 1424 3628 catholi-

305 3668 403 3755 cum,
431 3695 532 3767 quam
559 3684 676 3767 postea
702 3670 935 3757 adstruemus‚
965 3670 1119 3743 Christus
1139 3668 1193 3743 his
1209 3668 1322 3743 verbis
1345 3694 1424 3742 cun-

306 3782 411 3856 cessit
433 3781 571 3881 quidem
597 3784 683 3882 parti
709 3784 881 3858 innocenti
908 3784 1153 3883 separationem
1176 3783 1288 3884 quoad
1315 3798 1423 3856 torum

307 3913 340 3969 et
360 3896 662 3986 cohabitationem,
684 3923 752 3972 uon
769 3917 880 3973 numm
898 3899 1011 3999 quoad
1028 3898 1217 3986 vinculum,
1238 3897 1330 3999 quod
1348 3922 1426 3998 per·

308 4026 445 4109 petuum
463 4029 577 4086 manet
592 4014 692 4087 etiam
710 4014 744 4087 in
763 4041 847 4089 casu
863 4015 1018 4089 adulterii
1038 4014 1232 4090 alterutrius
1252 4013 1420 4111 coniugis,

308 4124 479 4225 adeoque,
500 4129 559 4227 qui
579 4144 734 4203 manente
755 4130 903 4227 coniugii
925 4130 1061 4205 vinculo
1078 4129 1216 4203 alteram
1234 4130 1269 4200 in
1287 4152 1423 4202 uxorem

308 4237 418 4326 ducit,
439 4267 517 4314 vere
533 4243 717 4317 mocclctur
732 4260 766 4320 et
782 4243 963 4332 adulterat,
986 4271 1026 4319 ac
1042 4245 1142 4318 etiam
1160 4242 1322 4316 moechari
1341 4243 1424 4342 fucit

308 4352 503 4445 dimissam,
524 4383 612 4456 quae
628 4359 723 4434 alteri
742 4359 858 4437 nubat.
875 4359 970 4447 Quae
988 4360 1166 4436 verissima
1186 4357 1326 4458 quidem
1344 4370 1425 4432 sunt
