3234 5084
392 393 461 443 cir.
480 395 502 444 ι.
520 393 561 443 or
576 392 750 445 ronrcnru
768 393 978 444 susurrium.
995 395 1065 445 rar.
1081 396 1126 445 ιιι.
1260 375 1302 443 39

198 525 312 583 contra
329 523 504 595 amaram,
526 509 594 582 alia
611 526 728 583 contra
751 534 878 597 mores,
898 510 965 584 alis
982 526 1096 585 contra
1113 529 1301 612 praecepta.

199 622 391 708 Ossaeam
417 623 465 695 ita
488 622 578 719 sint,
605 622 689 723 quid
715 623 849 696 tandem
874 624 1027 697 criminis
1051 640 1120 713 est,
1148 625 1238 724 quod
1263 629 1306 700 da

199 735 352 835 pluribus
375 736 479 829 amul
506 735 633 811 habitis
658 735 819 810 uxoribus
842 737 999 811 obiicitur
1022 754 1139 812 sancto
1163 740 1236 813 viro
1253 742 1306 813 la·

196 849 285 924 coh?
308 851 344 922 Si
370 867 524 925 naturam
550 849 728 951 consulas,
749 876 816 924 non
833 851 1046 941 lasciviendi,
1068 854 1128 927 sed
1145 855 1302 952 gignendi

195 990 298 1039 causa
323 964 393 1039 illis
418 964 616 1040 mulieribus
640 965 813 1041 utebatur:
843 967 873 1040 si
896 983 1040 1055 morain,
1069 967 1126 1043 illo
1157 985 1306 1070 ternpore

195 1098 296 1181 atque
311 1082 348 1153 in
365 1080 434 1154 illis
456 1083 557 1154 terris
571 1081 636 1155 boc
651 1080 883 1155 iactabatur:
902 1082 933 1155 si
951 1100 1183 1182 praeceptum,
1210 1086 1304 1158 nullo

197 1196 264 1294 lege
281 1196 520 1296 prohibebatur
534 1199 649 1293 (⁹5).»

267 1310 356 1397 Quid
383 1311 511 1410 plura?
541 1312 593 1386 rel
626 1311 701 1412 ipse
731 1310 978 1399 Tertullianus,
1011 1313 1070 1411 qui
1101 1318 1304 1390 montanista

196 1425 332 1499 allectus
366 1426 611 1526 polygamism,
638 1442 677 1499 ut
700 1425 868 1512 vidimus,
896 1425 940 1498 ab
971 1426 1065 1499 initio
1100 1426 1302 1525 prohibitam

194 1542 306 1615 allec
331 1542 495 1630 asseruit,
524 1567 600 1615 cum
626 1540 739 1615 adhuc
769 1539 956 1615 catholicus
980 1558 1072 1616 esset
1100 1547 1302 1619 contradam

145 1735 151 1748 ,
190 1656 327 1744 docuit,
356 1656 534 1731 scribens:
561 1658 687 1730 «Sane
719 1656 811 1756 apud
844 1672 973 1731 vetares
1006 1674 1164 1744 neruos,
1193 1658 1303 1757 ipses-

190 1798 258 1870 que
281 1771 513 1870 patriarchas,
547 1797 614 1846 non
651 1770 753 1845 modo
782 1770 934 1859 nubere,
967 1771 1027 1846 sed
1061 1772 1163 1846 etism
1192 1774 1302 1872 plurri-

189 1886 315 1986 [cricm
345 1887 563 1959 matrimoniis
587 1886 639 1958 cti
668 1886 722 1984 [cc
753 1885 831 1983 [cit.
856 1884 961 1958 Erant
987 1902 1022 1962 ct
1044 1886 1297 1961 concubinae...

191 2001 423 2075 Necessarium
441 2000 505 2074 luit
521 2001 716 2087 instituere,
735 2025 824 2100 quae
840 2017 957 2100 postea
981 2018 1039 2078 aut
1062 2003 1218 2104 imputari
1236 2029 1303 2077 me·

191 2130 385 2188 rarentur...
398 2114 501 2212 Igitur
513 2115 750 2214 perlicceticm
769 2129 845 2187 tusc
857 2116 1027 2213 passivam
1042 2117 1131 2211 (ii),
1143 2117 1302 2191 materiae

189 2229 467 2329 subsequentium
496 2228 767 2303 emendationum
797 2229 1180 2328 praeministrabmtur,
1215 2258 1301 2332 quas

190 2344 352 2418 Dominus
384 2343 558 2443 evangelio
583 2369 666 2431 suo,
701 2342 824 2417 debinc
847 2343 1028 2442 Apostolus
1053 2344 1088 2416 in
1111 2346 1302 2419 extremita-

191 2459 279 2533 tibus
304 2459 452 2546 saeculi‚
472 2475 531 2534 aut
546 2460 671 2532 excidit
689 2458 934 2546 redundantes,
962 2475 1021 2534 aut
1044 2461 1233 2559 composuit
1249 2462 1301 2534 in-

186 2574 340 2648 conditas
357 2577 470 2670 (ilis
486 2575 536 2648 lix
559 2573 685 2675 quibus
710 2589 800 2674 patet
824 2574 937 2673 ipsum
962 2573 1074 2647 adbuc
1098 2574 1299 2649 catholicum

188 2714 254 2762 non
281 2689 381 2763 medo
406 2689 628 2788 permissam,
656 2713 771 2762 rerum
796 2688 898 2762 etiam
923 2689 1138 2761 macarium
1162 2705 1301 2787 putasse

189 2804 433 2878 institutionem
459 2803 692 2904 polygamiae,
713 2829 801 2903 quae
827 2819 944 2903 postea
968 2803 1003 2874 in
1029 2800 1202 2902 evangelio
1220 2805 1302 2882 abo

187 2917 288 2990 lenda
304 2917 443 2992 omnino
458 2934 542 2992 erat.
563 2917 635 2990 Sibi
653 2934 824 3017 praeterea
841 2916 1058 3004 contradicit,
1074 2917 1155 2990 dum
1173 2944 1214 2991 cx
1230 2946 1300 2995 una

186 3047 281 3129 parte
304 3033 517 3106 constitutam
542 3031 774 3130 monogamiae
791 3031 899 3128 legem
916 3030 1062 3105 affirmat
1079 3030 1146 3107 illis
1164 3032 1295 3107 verbis:

183 3161 322 3219 cierunt
337 3146 402 3219 duo
415 3149 451 3219 in
464 3172 561 3220 ccmic
582 3173 667 3232 soc,
687 3146 841 3246 adeoque
858 3171 952 3219 reum
968 3145 1113 3220 uiolatae
1128 3147 1214 3245 legis
1231 3163 1299 3222 tra·

183 3260 280 3334 ducit
303 3261 447 3334 lamech
460 3287 501 3336 eo
514 3260 605 3360 quod
620 3262 708 3335 duas
725 3260 858 3334 durarit
881 3285 1021 3347 uxores,
1039 3285 1081 3334 er
1098 3260 1203 3334 altera
1221 3285 1298 3337 vero

185 3375 332 3449 affirmat
355 3374 425 3451 illis
449 3377 509 3450 Dei
534 3375 666 3451 verbis:
681 3374 1150 3473 cremimtmcltipliccmiei,
1171 3374 1296 3448 licitam

184 3489 340 3565 allectam
364 3491 615 3593 polygamiam,
643 3491 723 3563 dum
753 3492 819 3565 ait:
848 3489 965 3563 «Sana
996 3489 1105 3562 licebit
1135 3492 1147 3584 (
1159 3488 1297 3589 polyga-

262 3694 312 3755 (95)
327 3694 382 3744 inb.
396 3695 473 3744 xiiii.
484 3694 675 3744 enarrassem
684 3704 739 3754 cap.
749 3692 846 3742 xcvii.

258 3775 308 3833 ise)
325 3775 467 3824 licentiam
477 3775 614 3837 micam
628 3771 748 3835 iiigsniiu
758 3771 795 3821 sic
804 3773 912 3821 manni:
922 3790 934 3813 ι
944 3772 1058 3835 Nuptias
1069 3769 1229 3833 multiplices
1236 3782 1296 3834 pcc·

185 3853 236 3900 sim
246 3863 404 3902 morasus.»
416 3854 477 3902 itaer
490 3851 565 3902 etism
576 3849 703 3902 nicam
712 3850 749 3901 sic
760 3849 876 3912 erponit3
895 3849 938 3912 qui
952 3850 1074 3912 praeterea
1088 3847 1163 3898 rerba
1180 3848 1234 3899 iiis:
1248 3850 1297 3898 Ne-

184 3933 327 3980 cessarium
335 3929 396 3991 sati
405 3931 589 3982 institscreita
599 3930 784 3994 interpretatur:
799 3927 877 3979 nvait
891 3928 997 3992 scriptor
1011 3926 1209 3990 (Tertullianus)
1222 3928 1295 3976 iasa·

186 4012 271 4060 tutem
282 4023 301 4061 c
312 4013 364 4061 Deo
377 4011 556 4074 polygamism,
570 4014 599 4060 nt
609 4012 694 4074 postes
707 4011 801 4074 sumta
819 4010 883 4059 essct
896 4007 935 4058 ris
947 4008 1066 4072 evangeiii
1088 4008 1241 4069 ncsoeretm,
1260 4018 1296 4055 re

185 4089 312 4152 primentis
322 4090 467 4141 securitate
476 4104 521 4141 sus
531 4091 652 4141 iniuriam
661 4088 853 4151 connubiorum,
866 4088 939 4139 wana
948 4088 1081 4152 aliquando
1091 4087 1191 4137 licitam.
1201 4085 1295 4136 Nolissr

184 4168 276 4219 diecret
293 4168 472 4232 Tamiiianns,
490 4171 665 4220 cameriam
671 4166 731 4230 fcit
747 4169 901 4218 instituere:
913 4166 973 4216 satis
987 4168 1053 4230 ant,
1065 4166 1239 4217 necessariam
1251 4162 1297 4212 iiiii

184 4248 350 4309 pmnitiere.»

255 4328 305 4388 (97)
321 4327 375 4377 Lib.
390 4331 407 4378 i.
420 4327 548 4378 scissor.
560 4340 614 4389 cup.
626 4329 659 4376 ΙΙ.
