<?xml version="1.0" encoding="UTF-8"?>
<!DOCTYPE html PUBLIC "-//W3C//DTD XHTML 1.0 Transitional//EN"
    "http://www.w3.org/TR/xhtml1/DTD/xhtml1-transitional.dtd">
<html xmlns="http://www.w3.org/1999/xhtml" xml:lang="en" lang="en">
 <head>
  <title>
</title>
<meta http-equiv="Content-Type" content="text/html;charset=utf-8" />
  <meta name='ocr-system' content='tesseract 3.04.00' />
  <meta name='ocr-capabilities' content='ocr_page ocr_carea ocr_par ocr_line ocrx_word'/>
</head>
<body>
  <div class='ocr_page' id='page_1' title='image "./dematrimoniochr03perrgoog_0190.png"; bbox 0 0 3234 5084; ppageno 0'>
   <div class='ocr_carea' id='block_1_1' title="bbox 321 428 1280 503">
    <p class='ocr_par' dir='ltr' id='par_1_1' title="bbox 321 428 1280 503">
     <span class='ocr_line' id='line_1_1' title="bbox 321 428 1280 503; baseline -0.005 -1"><span class='ocrx_word' id='word_1_1' title='bbox 321 429 392 503; x_wconf 82' lang='lat'><strong>188</strong></span> <span class='ocrx_word' id='word_1_2' title='bbox 442 452 504 502; x_wconf 82' lang='lat' dir='ltr'><strong>tn.</strong></span> <span class='ocrx_word' id='word_1_3' title='bbox 527 451 575 502; x_wconf 87' lang='lat' dir='ltr'><strong>nr.</strong></span> <span class='ocrx_word' id='word_1_4' title='bbox 592 450 678 502; x_wconf 85' lang='lat' dir='ltr'><strong>sacr.</strong></span> <span class='ocrx_word' id='word_1_5' title='bbox 701 450 833 501; x_wconf 74' lang='lat' dir='ltr'><strong>inrum.</strong></span> <span class='ocrx_word' id='word_1_6' title='bbox 854 449 895 500; x_wconf 84' lang='lat' dir='ltr'><strong>nr</strong></span> <span class='ocrx_word' id='word_1_7' title='bbox 916 447 1028 500; x_wconf 83' lang='lat' dir='ltr'><strong>rnntss.</strong></span> <span class='ocrx_word' id='word_1_8' title='bbox 1044 448 1141 503; x_wconf 75' lang='lat' dir='ltr'><strong>narn.</strong></span> <span class='ocrx_word' id='word_1_9' title='bbox 1159 428 1280 501; x_wconf 78' lang='lat' dir='ltr'><strong>cunm.</strong></span> 
     </span>
    </p>
   </div>
   <div class='ocr_carea' id='block_1_2' title="bbox 232 565 1511 4344">
    <p class='ocr_par' dir='ltr' id='par_1_2' title="bbox 232 565 1511 2385">
     <span class='ocr_line' id='line_1_2' title="bbox 320 565 1431 669; baseline -0.002 -26"><span class='ocrx_word' id='word_1_10' title='bbox 320 593 514 644; x_wconf 88' lang='lat' dir='ltr'><strong>samsuam</strong></span> <span class='ocrx_word' id='word_1_11' title='bbox 540 569 607 641; x_wconf 88' lang='lat' dir='ltr'><strong>iam</strong></span> <span class='ocrx_word' id='word_1_12' title='bbox 632 565 676 642; x_wconf 89' lang='lat' dir='ltr'><strong>ab</strong></span> <span class='ocrx_word' id='word_1_13' title='bbox 700 567 768 641; x_wconf 86' lang='lat' dir='ltr'><strong>alio</strong></span> <span class='ocrx_word' id='word_1_14' title='bbox 790 566 949 641; x_wconf 81' lang='lat' dir='ltr'><strong>uiolatam</strong></span> <span class='ocrx_word' id='word_1_15' title='bbox 967 568 1147 668; x_wconf 89' lang='lat' dir='ltr'><strong>repererit,</strong></span> <span class='ocrx_word' id='word_1_16' title='bbox 1167 593 1338 667; x_wconf 85' lang='lat' dir='ltr'><strong>quamque</strong></span> <span class='ocrx_word' id='word_1_17' title='bbox 1357 568 1431 669; x_wconf 87' lang='lat' dir='ltr'><strong>ipsc</strong></span> 
     </span>
     <span class='ocr_line' id='line_1_3' title="bbox 318 674 1432 781; baseline -0.001 -24"><span class='ocrx_word' id='word_1_18' title='bbox 318 684 481 781; x_wconf 78' lang='lat' dir='ltr'><strong>virginem</strong></span> <span class='ocrx_word' id='word_1_19' title='bbox 508 682 620 755; x_wconf 86' lang='lat' dir='ltr'><strong>adhuc</strong></span> <span class='ocrx_word' id='word_1_20' title='bbox 637 682 745 755; x_wconf 89' lang='lat' dir='ltr'><strong>fnisse</strong></span> <span class='ocrx_word' id='word_1_21' title='bbox 762 674 1006 770; x_wconf 89' lang='lat' dir='ltr'><strong>arbitrabatur;</strong></span> <span class='ocrx_word' id='word_1_22' title='bbox 1031 707 1206 780; x_wconf 78' lang='lat' dir='ltr'><strong>sapuero</strong></span> <span class='ocrx_word' id='word_1_23' title='bbox 1230 683 1317 755; x_wconf 81' lang='lat' dir='ltr'><strong>xlx.</strong></span> <span class='ocrx_word' id='word_1_24' title='bbox 1342 683 1432 756; x_wconf 89' lang='lat' dir='ltr'><strong>arbi-</strong></span> 
     </span>
     <span class='ocr_line' id='line_1_4' title="bbox 320 794 1430 896; baseline 0.001 -26"><span class='ocrx_word' id='word_1_25' title='bbox 320 798 422 870; x_wconf 88' lang='lat' dir='ltr'><strong>traria</strong></span> <span class='ocrx_word' id='word_1_26' title='bbox 450 813 578 870; x_wconf 92' lang='lat' dir='ltr'><strong>tantum</strong></span> <span class='ocrx_word' id='word_1_27' title='bbox 603 794 746 868; x_wconf 86' lang='lat' dir='ltr'><strong>divortia</strong></span> <span class='ocrx_word' id='word_1_28' title='bbox 774 794 969 883; x_wconf 79' lang='lat' dir='ltr'><strong>damnavit,</strong></span> <span class='ocrx_word' id='word_1_29' title='bbox 1002 796 1240 896; x_wconf 81' lang='lat' dir='ltr'>prohibuitque</span> <span class='ocrx_word' id='word_1_30' title='bbox 1271 796 1314 869; x_wconf 90' lang='lat' dir='ltr'><strong>ad</strong></span> <span class='ocrx_word' id='word_1_31' title='bbox 1344 797 1430 894; x_wconf 78' lang='lat' dir='ltr'><strong>legis</strong></span> 
     </span>
     <span class='ocr_line' id='line_1_5' title="bbox 320 909 1433 1008; baseline -0.001 -23"><span class='ocrx_word' id='word_1_32' title='bbox 320 912 489 986; x_wconf 78' lang='lat' dir='ltr'><strong>mosaicae</strong></span> <span class='ocrx_word' id='word_1_33' title='bbox 506 928 661 984; x_wconf 80' lang='lat' dir='ltr'><strong>mentem.</strong></span> <span class='ocrx_word' id='word_1_34' title='bbox 682 909 870 983; x_wconf 77' lang='lat' dir='ltr'><strong>Matthaeus</strong></span> <span class='ocrx_word' id='word_1_35' title='bbox 885 936 983 1008; x_wconf 92' lang='lat' dir='ltr'><strong>porro</strong></span> <span class='ocrx_word' id='word_1_36' title='bbox 1000 910 1044 983; x_wconf 90' lang='lat' dir='ltr'><strong>de</strong></span> <span class='ocrx_word' id='word_1_37' title='bbox 1061 936 1123 985; x_wconf 88' lang='lat' dir='ltr'><strong>suo</strong></span> <span class='ocrx_word' id='word_1_38' title='bbox 1135 909 1321 983; x_wconf 78' lang='lat' dir='ltr'>clausulam</span> <span class='ocrx_word' id='word_1_39' title='bbox 1342 911 1433 984; x_wconf 89' lang='lat' dir='ltr'><strong>adie-</strong></span> 
     </span>
     <span class='ocr_line' id='line_1_6' title="bbox 319 1023 1511 1125; baseline -0.003 -26"><span class='ocrx_word' id='word_1_40' title='bbox 319 1027 386 1113; x_wconf 85' lang='lat' dir='ltr'><strong>cit,</strong></span> <span class='ocrx_word' id='word_1_41' title='bbox 414 1026 482 1099; x_wconf 80' lang='lat' dir='ltr'><strong>nisi</strong></span> <span class='ocrx_word' id='word_1_42' title='bbox 503 1024 542 1097; x_wconf 86' lang='lat' dir='ltr'><strong>ob</strong></span> <span class='ocrx_word' id='word_1_43' title='bbox 558 1025 806 1125; x_wconf 73' lang='lat' dir='ltr'><strong>fornicationem</strong></span> <span class='ocrx_word' id='word_1_44' title='bbox 822 1025 864 1095; x_wconf 92' lang='lat' dir='ltr'><strong>ad</strong></span> <span class='ocrx_word' id='word_1_45' title='bbox 883 1023 1067 1123; x_wconf 83' lang='lat' dir='ltr'><strong>pleniorem</strong></span> <span class='ocrx_word' id='word_1_46' title='bbox 1085 1023 1209 1098; x_wconf 82' lang='lat' dir='ltr'><strong>Christi</strong></span> <span class='ocrx_word' id='word_1_47' title='bbox 1231 1025 1354 1097; x_wconf 88' lang='lat' dir='ltr'><strong>mantis</strong></span> <span class='ocrx_word' id='word_1_48' title='bbox 1374 1050 1433 1096; x_wconf 83' lang='lat' dir='ltr'><strong>ex·</strong></span> <span class='ocrx_word' id='word_1_49' title='bbox 1507 1071 1511 1078; x_wconf 87' lang='lat'><em>-</em></span> 
     </span>
     <span class='ocr_line' id='line_1_7' title="bbox 321 1136 1434 1240; baseline 0 -29"><span class='ocrx_word' id='word_1_50' title='bbox 321 1139 565 1240; x_wconf 86' lang='lat' dir='ltr'><strong>planationem,</strong></span> <span class='ocrx_word' id='word_1_51' title='bbox 594 1138 684 1238; x_wconf 91' lang='lat' dir='ltr'><strong>quod</strong></span> <span class='ocrx_word' id='word_1_52' title='bbox 710 1165 832 1238; x_wconf 87' lang='lat' dir='ltr'><strong>nempe</strong></span> <span class='ocrx_word' id='word_1_53' title='bbox 857 1137 955 1210; x_wconf 90' lang='lat' dir='ltr'><strong>etiam</strong></span> <span class='ocrx_word' id='word_1_54' title='bbox 975 1137 1009 1209; x_wconf 92' lang='lat' dir='ltr'><strong>in</strong></span> <span class='ocrx_word' id='word_1_55' title='bbox 1028 1137 1102 1234; x_wconf 81' lang='lat' dir='ltr'><strong>lege</strong></span> <span class='ocrx_word' id='word_1_56' title='bbox 1118 1136 1242 1210; x_wconf 81' lang='lat' dir='ltr'><strong>Christi</strong></span> <span class='ocrx_word' id='word_1_57' title='bbox 1265 1139 1434 1212; x_wconf 89' lang='lat' dir='ltr'><strong>matrimo-</strong></span> 
     </span>
     <span class='ocr_line' id='line_1_8' title="bbox 320 1251 1432 1351; baseline -0.001 -24"><span class='ocrx_word' id='word_1_58' title='bbox 320 1255 415 1327; x_wconf 90' lang='lat' dir='ltr'><strong>nium</strong></span> <span class='ocrx_word' id='word_1_59' title='bbox 429 1254 463 1325; x_wconf 90' lang='lat' dir='ltr'><strong>in</strong></span> <span class='ocrx_word' id='word_1_60' title='bbox 477 1253 642 1326; x_wconf 89' lang='lat' dir='ltr'><strong>eiusmodi</strong></span> <span class='ocrx_word' id='word_1_61' title='bbox 661 1279 771 1326; x_wconf 89' lang='lat' dir='ltr'><strong>rerum</strong></span> <span class='ocrx_word' id='word_1_62' title='bbox 789 1252 958 1325; x_wconf 89' lang='lat' dir='ltr'><strong>adiunctis</strong></span> <span class='ocrx_word' id='word_1_63' title='bbox 970 1251 1110 1326; x_wconf 88' lang='lat' dir='ltr'><strong>dissolvi</strong></span> <span class='ocrx_word' id='word_1_64' title='bbox 1128 1268 1254 1351; x_wconf 89' lang='lat' dir='ltr'><strong>posset.</strong></span> <span class='ocrx_word' id='word_1_65' title='bbox 1272 1252 1432 1339; x_wconf 83' lang='lat' dir='ltr'><strong>Quinimo</strong></span> 
     </span>
     <span class='ocr_line' id='line_1_9' title="bbox 319 1365 1427 1468; baseline 0.002 -27"><span class='ocrx_word' id='word_1_66' title='bbox 319 1368 545 1468; x_wconf 72' lang='lat' dir='ltr'><strong>fornicationis</strong></span> <span class='ocrx_word' id='word_1_67' title='bbox 560 1394 642 1442; x_wconf 81' lang='lat' dir='ltr'><strong>voce</strong></span> <span class='ocrx_word' id='word_1_68' title='bbox 660 1368 694 1440; x_wconf 90' lang='lat' dir='ltr'><strong>in</strong></span> <span class='ocrx_word' id='word_1_69' title='bbox 713 1366 925 1466; x_wconf 89' lang='lat' dir='ltr'><strong>amplissima</strong></span> <span class='ocrx_word' id='word_1_70' title='bbox 937 1393 999 1440; x_wconf 89' lang='lat' dir='ltr'><strong>sua</strong></span> <span class='ocrx_word' id='word_1_71' title='bbox 1011 1365 1258 1464; x_wconf 81' lang='lat' dir='ltr'><strong>significatione</strong></span> <span class='ocrx_word' id='word_1_72' title='bbox 1276 1384 1427 1467; x_wconf 88' lang='lat' dir='ltr'><strong>accepta,</strong></span> 
     </span>
     <span class='ocr_line' id='line_1_10' title="bbox 321 1482 1432 1580; baseline 0.001 -25"><span class='ocrx_word' id='word_1_73' title='bbox 321 1482 484 1556; x_wconf 83' lang='lat' dir='ltr'><strong>indicarit</strong></span> <span class='ocrx_word' id='word_1_74' title='bbox 500 1483 714 1580; x_wconf 78' lang='lat' dir='ltr'><strong>Evangelista</strong></span> <span class='ocrx_word' id='word_1_75' title='bbox 738 1509 778 1556; x_wconf 82' lang='lat' dir='ltr'><strong>ex</strong></span> <span class='ocrx_word' id='word_1_76' title='bbox 804 1482 930 1554; x_wconf 86' lang='lat' dir='ltr'><strong>Christi</strong></span> <span class='ocrx_word' id='word_1_77' title='bbox 956 1498 1066 1556; x_wconf 89' lang='lat' dir='ltr'><strong>mente</strong></span> <span class='ocrx_word' id='word_1_78' title='bbox 1091 1508 1158 1555; x_wconf 89' lang='lat' dir='ltr'><strong>non</strong></span> <span class='ocrx_word' id='word_1_79' title='bbox 1184 1482 1217 1554; x_wconf 91' lang='lat' dir='ltr'><strong>in</strong></span> <span class='ocrx_word' id='word_1_80' title='bbox 1250 1482 1322 1556; x_wconf 90' lang='lat' dir='ltr'><strong>solo</strong></span> <span class='ocrx_word' id='word_1_81' title='bbox 1349 1508 1432 1557; x_wconf 88' lang='lat' dir='ltr'><strong>casu</strong></span> 
     </span>
     <span class='ocr_line' id='line_1_11' title="bbox 320 1596 1433 1698; baseline 0.001 -27"><span class='ocrx_word' id='word_1_82' title='bbox 320 1598 551 1673; x_wconf 84' lang='lat' dir='ltr'><strong>fornicationis</strong></span> <span class='ocrx_word' id='word_1_83' title='bbox 569 1624 686 1697; x_wconf 86' lang='lat' dir='ltr'><strong>presse</strong></span> <span class='ocrx_word' id='word_1_84' title='bbox 706 1613 877 1698; x_wconf 83' lang='lat' dir='ltr'><strong>sumptae,</strong></span> <span class='ocrx_word' id='word_1_85' title='bbox 895 1596 955 1671; x_wconf 91' lang='lat' dir='ltr'><strong>sed</strong></span> <span class='ocrx_word' id='word_1_86' title='bbox 973 1597 1094 1697; x_wconf 79' lang='lat' dir='ltr'><strong>quovis</strong></span> <span class='ocrx_word' id='word_1_87' title='bbox 1108 1597 1175 1673; x_wconf 88' lang='lat' dir='ltr'><strong>alio</strong></span> <span class='ocrx_word' id='word_1_88' title='bbox 1193 1599 1433 1673; x_wconf 81' lang='lat' dir='ltr'><strong>interveniente</strong></span> 
     </span>
     <span class='ocr_line' id='line_1_12' title="bbox 319 1710 1431 1812; baseline 0.001 -27"><span class='ocrx_word' id='word_1_89' title='bbox 319 1712 446 1810; x_wconf 78' lang='lat' dir='ltr'><strong>flagitio</strong></span> <span class='ocrx_word' id='word_1_90' title='bbox 463 1710 605 1784; x_wconf 87' lang='lat' dir='ltr'><strong>dissolvi</strong></span> <span class='ocrx_word' id='word_1_91' title='bbox 623 1737 726 1811; x_wconf 89' lang='lat' dir='ltr'><strong>posse</strong></span> <span class='ocrx_word' id='word_1_92' title='bbox 742 1712 936 1809; x_wconf 84' lang='lat' dir='ltr'><strong>coniugium</strong></span> <span class='ocrx_word' id='word_1_93' title='bbox 953 1738 973 1783; x_wconf 89' lang='lat' dir='ltr'><strong>a</strong></span> <span class='ocrx_word' id='word_1_94' title='bbox 990 1711 1109 1785; x_wconf 88' lang='lat' dir='ltr'><strong>morali</strong></span> <span class='ocrx_word' id='word_1_95' title='bbox 1121 1711 1196 1810; x_wconf 81' lang='lat' dir='ltr'><strong>lege</strong></span> <span class='ocrx_word' id='word_1_96' title='bbox 1216 1713 1431 1812; x_wconf 87' lang='lat' dir='ltr'><strong>reprobatum</strong></span> 
     </span>
     <span class='ocr_line' id='line_1_13' title="bbox 320 1822 1426 1926; baseline 0 -26"><span class='ocrx_word' id='word_1_97' title='bbox 320 1853 361 1901; x_wconf 91' lang='lat' dir='ltr'><strong>ac</strong></span> <span class='ocrx_word' id='word_1_98' title='bbox 378 1827 412 1899; x_wconf 95' lang='lat' dir='ltr'><strong>in</strong></span> <span class='ocrx_word' id='word_1_99' title='bbox 431 1852 494 1900; x_wconf 89' lang='lat' dir='ltr'><strong>sua</strong></span> <span class='ocrx_word' id='word_1_100' title='bbox 512 1826 700 1899; x_wconf 89' lang='lat' dir='ltr'><strong>substantia</strong></span> <span class='ocrx_word' id='word_1_101' title='bbox 717 1853 757 1899; x_wconf 81' lang='lat' dir='ltr'><strong>ex</strong></span> <span class='ocrx_word' id='word_1_102' title='bbox 774 1822 1080 1926; x_wconf 86' lang='lat' dir='ltr'><strong>culpaalterutrius</strong></span> <span class='ocrx_word' id='word_1_103' title='bbox 1094 1828 1247 1925; x_wconf 79' lang='lat' dir='ltr'><strong>coniugis</strong></span> <span class='ocrx_word' id='word_1_104' title='bbox 1260 1828 1426 1902; x_wconf 82' lang='lat' dir='ltr'><strong>vitiatum.</strong></span> 
     </span>
     <span class='ocr_line' id='line_1_14' title="bbox 322 1941 1434 2043; baseline 0 -28"><span class='ocrx_word' id='word_1_105' title='bbox 322 1942 486 2030; x_wconf 81' lang='lat' dir='ltr'><strong>Quocirca</strong></span> <span class='ocrx_word' id='word_1_106' title='bbox 510 1942 725 2015; x_wconf 90' lang='lat' dir='ltr'><strong>statuendum</strong></span> <span class='ocrx_word' id='word_1_107' title='bbox 749 1941 885 2015; x_wconf 91' lang='lat' dir='ltr'><strong>omnino</strong></span> <span class='ocrx_word' id='word_1_108' title='bbox 910 1959 979 2028; x_wconf 90' lang='lat' dir='ltr'><strong>est,</strong></span> <span class='ocrx_word' id='word_1_109' title='bbox 1007 1942 1227 2031; x_wconf 88' lang='lat' dir='ltr'><strong>concludunt,</strong></span> <span class='ocrx_word' id='word_1_110' title='bbox 1257 1943 1349 2021; x_wconf 82' lang='lat' dir='ltr'><strong>iuxta</strong></span> <span class='ocrx_word' id='word_1_111' title='bbox 1365 1944 1434 2043; x_wconf 90' lang='lat' dir='ltr'><strong>spi-</strong></span> 
     </span>
     <span class='ocr_line' id='line_1_15' title="bbox 321 2056 1433 2156; baseline 0.001 -27"><span class='ocrx_word' id='word_1_112' title='bbox 321 2059 422 2130; x_wconf 90' lang='lat' dir='ltr'><strong>ritum</strong></span> <span class='ocrx_word' id='word_1_113' title='bbox 448 2057 619 2130; x_wconf 88' lang='lat' dir='ltr'><strong>doctrinae</strong></span> <span class='ocrx_word' id='word_1_114' title='bbox 645 2056 789 2130; x_wconf 82' lang='lat' dir='ltr'><strong>biblicae</strong></span> <span class='ocrx_word' id='word_1_115' title='bbox 816 2057 901 2156; x_wconf 87' lang='lat' dir='ltr'><strong>parti</strong></span> <span class='ocrx_word' id='word_1_116' title='bbox 928 2057 1097 2131; x_wconf 84' lang='lat' dir='ltr'><strong>innocenti</strong></span> <span class='ocrx_word' id='word_1_117' title='bbox 1116 2057 1169 2132; x_wconf 87' lang='lat' dir='ltr'><strong>ius</strong></span> <span class='ocrx_word' id='word_1_118' title='bbox 1188 2058 1338 2132; x_wconf 87' lang='lat' dir='ltr'><strong>solvendi</strong></span> <span class='ocrx_word' id='word_1_119' title='bbox 1356 2085 1433 2133; x_wconf 92' lang='lat' dir='ltr'><strong>con·</strong></span> 
     </span>
     <span class='ocr_line' id='line_1_16' title="bbox 321 2170 1433 2273; baseline 0.003 -29"><span class='ocrx_word' id='word_1_120' title='bbox 321 2170 405 2269; x_wconf 81' lang='lat' dir='ltr'><strong>iugii</strong></span> <span class='ocrx_word' id='word_1_121' title='bbox 430 2171 552 2271; x_wconf 88' lang='lat' dir='ltr'><strong>prioris</strong></span> <span class='ocrx_word' id='word_1_122' title='bbox 577 2173 674 2246; x_wconf 88' lang='lat' dir='ltr'><strong>toties</strong></span> <span class='ocrx_word' id='word_1_123' title='bbox 699 2173 865 2269; x_wconf 80' lang='lat' dir='ltr'><strong>integrum</strong></span> <span class='ocrx_word' id='word_1_124' title='bbox 890 2198 1047 2259; x_wconf 90' lang='lat' dir='ltr'><strong>manere,</strong></span> <span class='ocrx_word' id='word_1_125' title='bbox 1076 2173 1207 2273; x_wconf 88' lang='lat' dir='ltr'><strong>quoties</strong></span> <span class='ocrx_word' id='word_1_126' title='bbox 1225 2199 1305 2272; x_wconf 89' lang='lat' dir='ltr'><strong>pars</strong></span> <span class='ocrx_word' id='word_1_127' title='bbox 1328 2173 1433 2247; x_wconf 89' lang='lat' dir='ltr'><strong>altera</strong></span> 
     </span>
     <span class='ocr_line' id='line_1_17' title="bbox 232 2284 1428 2385; baseline -0.001 -26"><span class='ocrx_word' id='word_1_128' title='bbox 232 2334 236 2341; x_wconf 95' lang='lat'><em>-</em></span> <span class='ocrx_word' id='word_1_129' title='bbox 321 2286 452 2375; x_wconf 81' lang='lat' dir='ltr'><strong>effecit,</strong></span> <span class='ocrx_word' id='word_1_130' title='bbox 469 2284 510 2360; x_wconf 42' lang='lat' dir='ltr'><strong>‘ut</strong></span> <span class='ocrx_word' id='word_1_131' title='bbox 525 2288 774 2361; x_wconf 84' lang='lat' dir='ltr'><strong>matrimonium</strong></span> <span class='ocrx_word' id='word_1_132' title='bbox 792 2286 828 2358; x_wconf 92' lang='lat' dir='ltr'><strong>in</strong></span> <span class='ocrx_word' id='word_1_133' title='bbox 845 2287 992 2360; x_wconf 89' lang='lat' dir='ltr'><strong>essentia</strong></span> <span class='ocrx_word' id='word_1_134' title='bbox 1015 2313 1078 2360; x_wconf 89' lang='lat' dir='ltr'><strong>sua</strong></span> <span class='ocrx_word' id='word_1_135' title='bbox 1099 2287 1316 2361; x_wconf 84' lang='lat' dir='ltr'><strong>labefactetur</strong></span> <span class='ocrx_word' id='word_1_136' title='bbox 1340 2289 1428 2385; x_wconf 74' lang='lat' dir='ltr'><strong>(ld).</strong></span> 
     </span>
    </p>

    <p class='ocr_par' dir='ltr' id='par_1_3' title="bbox 321 2400 1434 2820">
     <span class='ocr_line' id='line_1_18' title="bbox 394 2400 1432 2499; baseline 0.001 -25"><span class='ocrx_word' id='word_1_137' title='bbox 394 2401 455 2474; x_wconf 82' lang='lat' dir='ltr'><strong>Ast</strong></span> <span class='ocrx_word' id='word_1_138' title='bbox 471 2400 636 2475; x_wconf 89' lang='lat' dir='ltr'><strong>eiusmodi</strong></span> <span class='ocrx_word' id='word_1_139' title='bbox 657 2401 945 2499; x_wconf 90' lang='lat' dir='ltr'><strong>interpretationes</strong></span> <span class='ocrx_word' id='word_1_140' title='bbox 962 2401 1139 2476; x_wconf 82' lang='lat' dir='ltr'><strong>verborum</strong></span> <span class='ocrx_word' id='word_1_141' title='bbox 1156 2402 1280 2476; x_wconf 90' lang='lat' dir='ltr'><strong>Christi</strong></span> <span class='ocrx_word' id='word_1_142' title='bbox 1298 2404 1432 2477; x_wconf 88' lang='lat' dir='ltr'><strong>Domini</strong></span> 
     </span>
     <span class='ocr_line' id='line_1_19' title="bbox 322 2514 1434 2616; baseline 0.001 -27"><span class='ocrx_word' id='word_1_143' title='bbox 322 2531 453 2615; x_wconf 88' lang='lat' dir='ltr'><strong>praeter</strong></span> <span class='ocrx_word' id='word_1_144' title='bbox 477 2530 578 2616; x_wconf 80' lang='lat' dir='ltr'><strong>quam</strong></span> <span class='ocrx_word' id='word_1_145' title='bbox 603 2515 694 2615; x_wconf 91' lang='lat' dir='ltr'><strong>quod</strong></span> <span class='ocrx_word' id='word_1_146' title='bbox 711 2514 934 2589; x_wconf 88' lang='lat' dir='ltr'><strong>adversantur</strong></span> <span class='ocrx_word' id='word_1_147' title='bbox 950 2517 1066 2595; x_wconf 84' lang='lat' dir='ltr'><strong>sensui</strong></span> <span class='ocrx_word' id='word_1_148' title='bbox 1084 2543 1124 2590; x_wconf 89' lang='lat' dir='ltr'><strong>ac</strong></span> <span class='ocrx_word' id='word_1_149' title='bbox 1141 2516 1312 2591; x_wconf 89' lang='lat' dir='ltr'><strong>doctrinae</strong></span> <span class='ocrx_word' id='word_1_150' title='bbox 1329 2517 1434 2591; x_wconf 88' lang='lat' dir='ltr'><strong>eccle·</strong></span> 
     </span>
     <span class='ocr_line' id='line_1_20' title="bbox 321 2630 1433 2731; baseline 0 -26"><span class='ocrx_word' id='word_1_151' title='bbox 321 2632 393 2705; x_wconf 88' lang='lat' dir='ltr'><strong>siae</strong></span> <span class='ocrx_word' id='word_1_152' title='bbox 409 2631 615 2719; x_wconf 87' lang='lat' dir='ltr'><strong>catholicae,</strong></span> <span class='ocrx_word' id='word_1_153' title='bbox 629 2630 727 2711; x_wconf 85' lang='lat' dir='ltr'><strong>¹nulla</strong></span> <span class='ocrx_word' id='word_1_154' title='bbox 748 2631 874 2704; x_wconf 85' lang='lat' dir='ltr'><strong>ratione</strong></span> <span class='ocrx_word' id='word_1_155' title='bbox 890 2658 948 2705; x_wconf 91' lang='lat' dir='ltr'><strong>eas</strong></span> <span class='ocrx_word' id='word_1_156' title='bbox 968 2631 1098 2704; x_wconf 89' lang='lat' dir='ltr'><strong>admitti</strong></span> <span class='ocrx_word' id='word_1_157' title='bbox 1117 2658 1218 2731; x_wconf 87' lang='lat' dir='ltr'><strong>posse</strong></span> <span class='ocrx_word' id='word_1_158' title='bbox 1231 2632 1329 2706; x_wconf 90' lang='lat' dir='ltr'><strong>facile</strong></span> <span class='ocrx_word' id='word_1_159' title='bbox 1341 2632 1433 2707; x_wconf 74' lang='lat' dir='ltr'><strong>euu-</strong></span> 
     </span>
     <span class='ocr_line' id='line_1_21' title="bbox 324 2747 514 2820; baseline -0.005 0"><span class='ocrx_word' id='word_1_160' title='bbox 324 2747 421 2820; x_wconf 88' lang='lat' dir='ltr'><strong>citur.</strong></span> <span class='ocrx_word' id='word_1_161' title='bbox 511 2766 514 2773; x_wconf 86' lang='lat'>&#39;</span> 
     </span>
    </p>

    <p class='ocr_par' dir='ltr' id='par_1_4' title="bbox 273 2862 1488 4344">
     <span class='ocr_line' id='line_1_22' title="bbox 393 2862 1433 2964; baseline 0.003 -30"><span class='ocrx_word' id='word_1_162' title='bbox 393 2864 525 2938; x_wconf 85' lang='lat' dir='ltr'><strong>Etenim</strong></span> <span class='ocrx_word' id='word_1_163' title='bbox 545 2866 578 2936; x_wconf 92' lang='lat'><strong>1.</strong></span> <span class='ocrx_word' id='word_1_164' title='bbox 601 2864 657 2937; x_wconf 89' lang='lat' dir='ltr'><strong>isti</strong></span> <span class='ocrx_word' id='word_1_165' title='bbox 676 2862 882 2962; x_wconf 82' lang='lat' dir='ltr'><strong>expositores</strong></span> <span class='ocrx_word' id='word_1_166' title='bbox 901 2878 1079 2943; x_wconf 88' lang='lat' dir='ltr'><strong>assumunt</strong></span> <span class='ocrx_word' id='word_1_167' title='bbox 1095 2862 1266 2955; x_wconf 82' lang='lat' dir='ltr'><strong>Christum</strong></span> <span class='ocrx_word' id='word_1_168' title='bbox 1290 2890 1351 2964; x_wconf 91' lang='lat' dir='ltr'><strong>per</strong></span> <span class='ocrx_word' id='word_1_169' title='bbox 1372 2889 1433 2937; x_wconf 78' lang='lat' dir='ltr'><strong>vo—</strong></span> 
     </span>
     <span class='ocr_line' id='line_1_23' title="bbox 324 2964 1430 3079; baseline 0.002 -30"><span class='ocrx_word' id='word_1_170' title='bbox 324 3002 395 3050; x_wconf 89' lang='lat' dir='ltr'><strong>cem</strong></span> <span class='ocrx_word' id='word_1_171' title='bbox 408 2964 561 3078; x_wconf 78' lang='grc' dir='ltr'><em>πορνεία</em></span> <span class='ocrx_word' id='word_1_172' title='bbox 574 2979 774 3077; x_wconf 81' lang='lat' dir='ltr'><strong>designasse</strong></span> <span class='ocrx_word' id='word_1_173' title='bbox 787 2978 1059 3066; x_wconf 84' lang='lat' dir='ltr'><strong>fornicationem,</strong></span> <span class='ocrx_word' id='word_1_174' title='bbox 1076 3005 1164 3079; x_wconf 88' lang='lat' dir='ltr'><strong>quae</strong></span> <span class='ocrx_word' id='word_1_175' title='bbox 1180 2980 1430 3053; x_wconf 91' lang='lat' dir='ltr'><strong>matrimonium</strong></span> 
     </span>
     <span class='ocr_line' id='line_1_24' title="bbox 321 3092 1433 3195; baseline 0.001 -30"><span class='ocrx_word' id='word_1_176' title='bbox 321 3094 561 3193; x_wconf 88' lang='lat' dir='ltr'><strong>praecesserit;</strong></span> <span class='ocrx_word' id='word_1_177' title='bbox 583 3110 635 3166; x_wconf 87' lang='lat' dir='ltr'><strong>ast</strong></span> <span class='ocrx_word' id='word_1_178' title='bbox 660 3095 689 3165; x_wconf 91' lang='lat' dir='ltr'><strong>si</strong></span> <span class='ocrx_word' id='word_1_179' title='bbox 714 3092 817 3166; x_wconf 81' lang='lat' dir='ltr'><strong>verba</strong></span> <span class='ocrx_word' id='word_1_180' title='bbox 834 3093 909 3192; x_wconf 89' lang='lat' dir='ltr'><strong>ipsa</strong></span> <span class='ocrx_word' id='word_1_181' title='bbox 927 3093 962 3165; x_wconf 92' lang='lat' dir='ltr'><strong>in</strong></span> <span class='ocrx_word' id='word_1_182' title='bbox 983 3120 1045 3167; x_wconf 92' lang='lat' dir='ltr'><strong>suo</strong></span> <span class='ocrx_word' id='word_1_183' title='bbox 1066 3110 1221 3168; x_wconf 82' lang='lat' dir='ltr'><strong>contextu</strong></span> <span class='ocrx_word' id='word_1_184' title='bbox 1238 3094 1433 3195; x_wconf 81' lang='lat' dir='ltr'><strong>expendan-</strong></span> 
     </span>
     <span class='ocr_line' id='line_1_25' title="bbox 323 3200 1488 3310; baseline 0 -30"><span class='ocrx_word' id='word_1_185' title='bbox 323 3222 396 3296; x_wconf 92' lang='lat' dir='ltr'><strong>tur,</strong></span> <span class='ocrx_word' id='word_1_186' title='bbox 425 3207 560 3307; x_wconf 90' lang='lat' dir='ltr'><strong>planum</strong></span> <span class='ocrx_word' id='word_1_187' title='bbox 586 3208 623 3281; x_wconf 86' lang='lat' dir='ltr'><strong>lit</strong></span> <span class='ocrx_word' id='word_1_188' title='bbox 648 3207 818 3281; x_wconf 90' lang='lat' dir='ltr'><strong>Christum</strong></span> <span class='ocrx_word' id='word_1_189' title='bbox 844 3208 887 3282; x_wconf 94' lang='lat' dir='ltr'><strong>de</strong></span> <span class='ocrx_word' id='word_1_190' title='bbox 905 3209 1124 3284; x_wconf 83' lang='lat' dir='ltr'><strong>fornicatione</strong></span> <span class='ocrx_word' id='word_1_191' title='bbox 1142 3226 1218 3310; x_wconf 91' lang='lat' dir='ltr'><strong>post</strong></span> <span class='ocrx_word' id='word_1_192' title='bbox 1228 3210 1432 3306; x_wconf 79' lang='lat' dir='ltr'><strong>coniugium</strong></span> <span class='ocrx_word' id='word_1_193' title='bbox 1485 3200 1488 3205; x_wconf 39' lang='lat'>⁵</span> 
     </span>
     <span class='ocr_line' id='line_1_26' title="bbox 273 3322 1434 3412; baseline 0.003 -19"><span class='ocrx_word' id='word_1_194' title='bbox 273 3362 275 3365; x_wconf 96' lang='lat'>·</span> <span class='ocrx_word' id='word_1_195' title='bbox 322 3323 389 3396; x_wconf 88' lang='lat' dir='ltr'><strong>iam</strong></span> <span class='ocrx_word' id='word_1_196' title='bbox 411 3322 554 3412; x_wconf 90' lang='lat' dir='ltr'><strong>initum,</strong></span> <span class='ocrx_word' id='word_1_197' title='bbox 575 3349 636 3397; x_wconf 92' lang='lat' dir='ltr'><strong>seu</strong></span> <span class='ocrx_word' id='word_1_198' title='bbox 653 3323 696 3397; x_wconf 90' lang='lat' dir='ltr'><strong>de</strong></span> <span class='ocrx_word' id='word_1_199' title='bbox 713 3323 878 3397; x_wconf 90' lang='lat' dir='ltr'><strong>adulterio</strong></span> <span class='ocrx_word' id='word_1_200' title='bbox 902 3322 1048 3398; x_wconf 90' lang='lat' dir='ltr'><strong>locutum</strong></span> <span class='ocrx_word' id='word_1_201' title='bbox 1066 3325 1185 3399; x_wconf 89' lang='lat' dir='ltr'><strong>fuisse.</strong></span> <span class='ocrx_word' id='word_1_202' title='bbox 1206 3324 1336 3398; x_wconf 83' lang='lat' dir='ltr'><strong>Etenim</strong></span> <span class='ocrx_word' id='word_1_203' title='bbox 1355 3349 1434 3396; x_wconf 91' lang='lat' dir='ltr'><strong>sen·</strong></span> 
     </span>
     <span class='ocr_line' id='line_1_27' title="bbox 322 3437 1434 3539; baseline 0 -28"><span class='ocrx_word' id='word_1_204' title='bbox 322 3438 459 3511; x_wconf 88' lang='lat' dir='ltr'><strong>tentiam</strong></span> <span class='ocrx_word' id='word_1_205' title='bbox 480 3464 575 3512; x_wconf 90' lang='lat' dir='ltr'><strong>suam</strong></span> <span class='ocrx_word' id='word_1_206' title='bbox 597 3437 743 3513; x_wconf 88' lang='lat' dir='ltr'><strong>declarat</strong></span> <span class='ocrx_word' id='word_1_207' title='bbox 756 3464 816 3538; x_wconf 89' lang='lat' dir='ltr'><strong>per</strong></span> <span class='ocrx_word' id='word_1_208' title='bbox 835 3438 1080 3539; x_wconf 90' lang='lat' dir='ltr'><strong>oppositionem</strong></span> <span class='ocrx_word' id='word_1_209' title='bbox 1100 3440 1142 3512; x_wconf 89' lang='lat' dir='ltr'><strong>ad</strong></span> <span class='ocrx_word' id='word_1_210' title='bbox 1163 3438 1315 3513; x_wconf 91' lang='lat' dir='ltr'><strong>libellum</strong></span> <span class='ocrx_word' id='word_1_211' title='bbox 1333 3465 1434 3537; x_wconf 89' lang='lat' dir='ltr'><strong>repu-</strong></span> 
     </span>
     <span class='ocr_line' id='line_1_28' title="bbox 321 3551 1428 3627; baseline 0.001 -3"><span class='ocrx_word' id='word_1_212' title='bbox 321 3551 368 3624; x_wconf 89' lang='lat' dir='ltr'><strong>dii</strong></span> <span class='ocrx_word' id='word_1_213' title='bbox 391 3552 519 3627; x_wconf 85' lang='lat' dir='ltr'><strong>ahlose</strong></span> <span class='ocrx_word' id='word_1_214' title='bbox 544 3577 753 3627; x_wconf 89' lang='lat' dir='ltr'><strong>concessum.</strong></span> <span class='ocrx_word' id='word_1_215' title='bbox 780 3555 863 3625; x_wconf 91' lang='lat' dir='ltr'><strong>Nam</strong></span> <span class='ocrx_word' id='word_1_216' title='bbox 889 3552 1005 3625; x_wconf 86' lang='lat' dir='ltr'><strong>blattb.</strong></span> <span class='ocrx_word' id='word_1_217' title='bbox 1034 3554 1072 3627; x_wconf 88' lang='lat' dir='ltr'><strong>V.</strong></span> <span class='ocrx_word' id='word_1_218' title='bbox 1103 3555 1230 3626; x_wconf 85' lang='lat' dir='ltr'><strong>31..ait</strong></span> <span class='ocrx_word' id='word_1_219' title='bbox 1253 3554 1428 3627; x_wconf 91' lang='lat' dir='ltr'><strong>Christus:</strong></span> 
     </span>
     <span class='ocr_line' id='line_1_29' title="bbox 325 3666 1429 3767; baseline 0.004 -32"><span class='ocrx_word' id='word_1_220' title='bbox 325 3667 482 3740; x_wconf 83' lang='lat' dir='ltr'><strong>«Dictum</strong></span> <span class='ocrx_word' id='word_1_221' title='bbox 507 3683 560 3741; x_wconf 87' lang='lat' dir='ltr'><strong>est</strong></span> <span class='ocrx_word' id='word_1_222' title='bbox 583 3683 712 3740; x_wconf 89' lang='lat' dir='ltr'><strong>autem:</strong></span> <span class='ocrx_word' id='word_1_223' title='bbox 733 3667 939 3767; x_wconf 89' lang='lat' dir='ltr'><strong>quicumque</strong></span> <span class='ocrx_word' id='word_1_224' title='bbox 963 3666 1130 3741; x_wconf 86' lang='lat' dir='ltr'><strong>dimiserit</strong></span> <span class='ocrx_word' id='word_1_225' title='bbox 1153 3692 1289 3741; x_wconf 86' lang='lat' dir='ltr'><strong>uxorem</strong></span> <span class='ocrx_word' id='word_1_226' title='bbox 1316 3694 1429 3754; x_wconf 89' lang='lat' dir='ltr'><strong>suam,</strong></span> 
     </span>
     <span class='ocr_line' id='line_1_30' title="bbox 321 3781 1469 3882; baseline -0.004 -27"><span class='ocrx_word' id='word_1_227' title='bbox 321 3781 378 3855; x_wconf 88' lang='lat' dir='ltr'><strong>det</strong></span> <span class='ocrx_word' id='word_1_228' title='bbox 396 3782 425 3855; x_wconf 91' lang='lat' dir='ltr'><strong>ei</strong></span> <span class='ocrx_word' id='word_1_229' title='bbox 449 3781 599 3855; x_wconf 91' lang='lat' dir='ltr'><strong>libellum</strong></span> <span class='ocrx_word' id='word_1_230' title='bbox 620 3781 796 3882; x_wconf 79' lang='lat' dir='ltr'><strong>repudii3»</strong></span> <span class='ocrx_word' id='word_1_231' title='bbox 809 3782 933 3856; x_wconf 88' lang='lat' dir='ltr'><strong>deinde</strong></span> <span class='ocrx_word' id='word_1_232' title='bbox 948 3809 982 3855; x_wconf 87' lang='lat' dir='ltr'><strong>v.</strong></span> <span class='ocrx_word' id='word_1_233' title='bbox 1005 3784 1063 3855; x_wconf 76' lang='lat'><strong>32.</strong></span> <span class='ocrx_word' id='word_1_234' title='bbox 1086 3783 1277 3856; x_wconf 91' lang='lat' dir='ltr'><strong>immediate</strong></span> <span class='ocrx_word' id='word_1_235' title='bbox 1296 3781 1428 3856; x_wconf 91' lang='lat' dir='ltr'><strong>subdit:</strong></span> <span class='ocrx_word' id='word_1_236' title='bbox 1466 3838 1469 3849; x_wconf 84' lang='lat'><em>.</em></span> 
     </span>
     <span class='ocr_line' id='line_1_31' title="bbox 324 3895 1433 3997; baseline 0.003 -31"><span class='ocrx_word' id='word_1_237' title='bbox 324 3895 421 3994; x_wconf 77' lang='lat' dir='ltr'><strong>«Epo</strong></span> <span class='ocrx_word' id='word_1_238' title='bbox 437 3912 545 3970; x_wconf 67' lang='lat' dir='ltr'><strong>nuum</strong></span> <span class='ocrx_word' id='word_1_239' title='bbox 568 3896 640 3969; x_wconf 79' lang='lat' dir='ltr'><strong>dico</strong></span> <span class='ocrx_word' id='word_1_240' title='bbox 663 3898 775 3969; x_wconf 65' lang='lat' dir='ltr'><strong>coba:</strong></span> <span class='ocrx_word' id='word_1_241' title='bbox 793 3897 874 3997; x_wconf 86' lang='lat' dir='ltr'><strong>quia</strong></span> <span class='ocrx_word' id='word_1_242' title='bbox 891 3897 1014 3983; x_wconf 90' lang='lat' dir='ltr'><strong>omnis,</strong></span> <span class='ocrx_word' id='word_1_243' title='bbox 1035 3896 1094 3997; x_wconf 90' lang='lat' dir='ltr'><strong>qui</strong></span> <span class='ocrx_word' id='word_1_244' title='bbox 1113 3895 1280 3971; x_wconf 89' lang='lat' dir='ltr'><strong>dimiserit</strong></span> <span class='ocrx_word' id='word_1_245' title='bbox 1296 3921 1433 3971; x_wconf 85' lang='lat' dir='ltr'><strong>uxorem</strong></span> 
     </span>
     <span class='ocr_line' id='line_1_32' title="bbox 322 4011 1429 4111; baseline -0.001 -26"><span class='ocrx_word' id='word_1_246' title='bbox 322 4036 440 4098; x_wconf 88' lang='lat' dir='ltr'><strong>suam,</strong></span> <span class='ocrx_word' id='word_1_247' title='bbox 468 4027 605 4111; x_wconf 84' lang='lat' dir='ltr'><strong>excepta</strong></span> <span class='ocrx_word' id='word_1_248' title='bbox 628 4011 858 4086; x_wconf 90' lang='lat' dir='ltr'><strong>fornicationis</strong></span> <span class='ocrx_word' id='word_1_249' title='bbox 883 4037 1005 4100; x_wconf 90' lang='lat' dir='ltr'><strong>causa,</strong></span> <span class='ocrx_word' id='word_1_250' title='bbox 1035 4013 1213 4086; x_wconf 88' lang='lat' dir='ltr'><strong>faciteam</strong></span> <span class='ocrx_word' id='word_1_251' title='bbox 1239 4012 1429 4099; x_wconf 84' lang='lat' dir='ltr'><strong>moechari3</strong></span> 
     </span>
     <span class='ocr_line' id='line_1_33' title="bbox 321 4125 1429 4227; baseline 0.001 -30"><span class='ocrx_word' id='word_1_252' title='bbox 321 4126 440 4224; x_wconf 85' lang='lat' dir='ltr'><strong>etqui</strong></span> <span class='ocrx_word' id='word_1_253' title='bbox 473 4125 651 4199; x_wconf 89' lang='lat' dir='ltr'><strong>dimissam</strong></span> <span class='ocrx_word' id='word_1_254' title='bbox 680 4126 838 4214; x_wconf 85' lang='lat' dir='ltr'><strong>duxerit,</strong></span> <span class='ocrx_word' id='word_1_255' title='bbox 874 4127 1094 4201; x_wconf 78' lang='lat' dir='ltr'><strong>adulterat.»</strong></span> <span class='ocrx_word' id='word_1_256' title='bbox 1123 4126 1206 4227; x_wconf 88' lang='lat' dir='ltr'><strong>Cap.</strong></span> <span class='ocrx_word' id='word_1_257' title='bbox 1235 4154 1315 4202; x_wconf 79' lang='lat' dir='ltr'><strong>uero</strong></span> <span class='ocrx_word' id='word_1_258' title='bbox 1342 4127 1429 4200; x_wconf 77' lang='lat' dir='ltr'><strong>xlx.</strong></span> 
     </span>
     <span class='ocr_line' id='line_1_34' title="bbox 321 4239 1433 4344; baseline 0.002 -32"><span class='ocrx_word' id='word_1_259' title='bbox 321 4239 438 4313; x_wconf 86' lang='lat' dir='ltr'><strong>eadem</strong></span> <span class='ocrx_word' id='word_1_260' title='bbox 469 4243 616 4330; x_wconf 84' lang='lat' dir='ltr'><strong>ratione,</strong></span> <span class='ocrx_word' id='word_1_261' title='bbox 648 4258 907 4317; x_wconf 89' lang='lat' dir='ltr'><strong>commemorato</strong></span> <span class='ocrx_word' id='word_1_262' title='bbox 933 4242 1045 4319; x_wconf 91' lang='lat' dir='ltr'><strong>libello</strong></span> <span class='ocrx_word' id='word_1_263' title='bbox 1071 4243 1202 4344; x_wconf 90' lang='lat' dir='ltr'><strong>repudii</strong></span> <span class='ocrx_word' id='word_1_264' title='bbox 1227 4271 1248 4318; x_wconf 90' lang='lat' dir='ltr'><strong>a</strong></span> <span class='ocrx_word' id='word_1_265' title='bbox 1274 4245 1366 4318; x_wconf 87' lang='lat' dir='ltr'><strong>Mose</strong></span> <span class='ocrx_word' id='word_1_266' title='bbox 1390 4241 1433 4317; x_wconf 88' lang='lat' dir='ltr'><strong>ad</strong></span> 
     </span>
    </p>
   </div>
   <div class='ocr_carea' id='block_1_3' title="bbox 394 4401 779 4466">
    <p class='ocr_par' dir='ltr' id='par_1_5' title="bbox 394 4401 779 4466">
     <span class='ocr_line' id='line_1_35' title="bbox 394 4401 779 4466; baseline 0.005 -15"><span class='ocrx_word' id='word_1_267' title='bbox 394 4402 443 4464; x_wconf 83' lang='lat' dir='ltr'><strong>(to)</strong></span> <span class='ocrx_word' id='word_1_268' title='bbox 460 4401 522 4452; x_wconf 84' lang='lat' dir='ltr'><strong>tbld.</strong></span> <span class='ocrx_word' id='word_1_269' title='bbox 533 4401 556 4465; x_wconf 69' lang='grc' dir='ltr'><strong>ς.</strong></span> <span class='ocrx_word' id='word_1_270' title='bbox 571 4409 608 4453; x_wconf 77' lang='lat'><strong>55.</strong></span> <span class='ocrx_word' id='word_1_271' title='bbox 621 4416 676 4466; x_wconf 78' lang='lat' dir='ltr'><strong>pag.</strong></span> <span class='ocrx_word' id='word_1_272' title='bbox 687 4407 715 4453; x_wconf 81' lang='lat' dir='ltr'><strong>at</strong></span> <span class='ocrx_word' id='word_1_273' title='bbox 728 4416 779 4465; x_wconf 78' lang='lat' dir='ltr'><strong>seo.</strong></span> 
     </span>
    </p>
   </div>
   <div class='ocr_carea' id='block_1_4' title="bbox 0 0 1622 5084">
    <p class='ocr_par' dir='ltr' id='par_1_6' title="bbox 0 0 1622 5084">
     <span class='ocr_line' id='line_1_36' title="bbox 0 0 1622 5084; baseline 0 0"><span class='ocrx_word' id='word_1_274' title='bbox 0 0 1622 5084; x_wconf 95' lang='lat' dir='ltr'><strong> </strong></span> 
     </span>
    </p>
   </div>
  </div>
 </body>
</html>
