3234 5084
311 399 380 472 228
462 419 524 472 un.
540 417 588 471 22.
605 418 692 472 ster.
710 417 840 470 222222.
857 418 898 470 nn
910 418 1023 471 22222.
1039 419 1135 470 2222.
1151 417 1275 470 22222.

310 540 544 612 totticionem
568 563 682 636 eorpus
706 538 867 642 efficitur,
896 564 964 613 non
986 551 1066 612 sunt
1083 536 1187 612 verbe
1211 536 1337 612 Christi
1360 537 1429 613 llo-

311 652 408 740 mini,
424 651 486 726 sed
497 652 666 752 Apostoli;
688 651 836 726 secundo
853 652 938 728 baec
950 650 1062 726 verba:
1079 651 1230 726 adultero
1249 651 1425 751 lapidetur,

312 782 546 867 praeterquam
559 765 649 867 quod
666 765 792 840 biblica
812 792 879 840 non
899 781 997 855 sunt,
1014 792 1082 840 non
1098 766 1225 840 hubent
1241 766 1333 839 bunc
1351 791 1429 841 sen·

312 907 412 956 sum:
441 883 521 954 citio
546 883 717 955 moriatur.
747 881 857 957 Tertio
880 907 946 958 non
967 881 1149 957 cohaerent
1167 907 1244 956 cum
1262 897 1362 954 morte
1376 883 1430 955 oi-

312 999 431 1070 tiorum
461 996 662 1098 sequentia:
704 1012 741 1068 ut
769 996 897 1070 desinet
917 1023 1079 1082 cresccre,
1109 1023 1192 1095 quoe
1220 1022 1284 1069 troo
1312 995 1431 1069 desinit

309 1112 482 1185 moecliari.
512 1111 548 1183 Si
573 1112 663 1185 enim
688 1109 837 1213 loquitur
865 1112 909 1186 de
933 1138 994 1201 ee,
1023 1110 1229 1212 quaeritiis
1262 1112 1425 1199 moritur,

311 1227 480 1328 quomodo
493 1244 738 1329 componuntur
751 1227 837 1302 hece
854 1254 930 1302 cum
946 1254 999 1316 ee,
1019 1253 1108 1328 quae
1118 1253 1186 1300 non
1198 1227 1324 1301 desinit
1339 1253 1430 1301 mce-

311 1342 430 1418 chari?
443 1343 570 1431 Quarto
582 1343 712 1417 nullum
729 1344 816 1418 inter
833 1370 871 1418 se
887 1370 1008 1418 nerum
1026 1343 1153 1417 hebent
1171 1343 1322 1444 quinque
1337 1342 1430 1417 allati

310 1458 426 1533 biblici
439 1474 567 1547 textus,
582 1459 640 1560 qui
654 1475 767 1533 umen
779 1459 1030 1557 coniunguntur
1043 1484 1103 1557 per
1115 1456 1198 1531 illud
1215 1461 1292 1530 item
1312 1458 1427 1554 (212).

309 1576 448 1650 Accedit
461 1574 587 1650 nullom
605 1575 728 1677 synodi
741 1574 898 1662 formum,
919 1590 957 1648 ut
968 1574 1156 1663 innuimus,
1176 1572 1343 1648 eiusmodi
1360 1572 1430 1646 eol·

311 1692 486 1766 lectionem
504 1690 681 1780 exhibere,
705 1692 904 1791 praesertim
921 1691 952 1766 si
969 1716 1047 1765 cum
1066 1689 1198 1791 synodo
1212 1687 1433 1789 praecedente

308 1824 542 1908 compurctur;
571 1806 870 1880 mendosissimum
895 1805 1036 1907 insuper
1055 1831 1133 1881 esse
1156 1805 1295 1878 unicum
1318 1830 1430 1879 exem-

310 1920 385 2022 plnr
409 1921 671 2023 quodomnium
696 1921 828 2022 primus
853 1922 977 2020 reperit
999 1920 1200 1995 Sirmondus
1220 1922 1334 2017 (222).
1363 1920 1431 1993 lie·

310 2064 404 2112 mum
424 2037 512 2111 eddo
532 2037 623 2138 quod
643 2038 680 2110 in
698 2063 778 2112 vem
799 2063 829 2114 s.
851 2036 985 2112 Putricii
1002 2036 1134 2138 synodo
1152 2035 1355 2110 contrarium
1372 2061 1436 2135 po·

313 2153 382 2227 tius
400 2153 558 2228 constitui
575 2151 730 2226 videatur
756 2178 832 2227 cun.
856 2153 944 2227 xix.
964 2152 1024 2252 qui
1041 2152 1089 2226 ite
1104 2151 1252 2227 effertur:
1285 2149 1435 2225 «Mulier

311 2268 516 2357 christiane,
537 2294 626 2370 quoe
638 2262 804 2369 acceperit
820 2269 931 2344 virum
948 2269 1102 2344 honestis
1120 2268 1270 2368 nuptiis,
1291 2283 1324 2342 et
1340 2282 1435 2367 post·

311 2382 449 2458 modum
471 2383 669 2458 discesserit
686 2409 707 2457 a
727 2384 854 2484 primo,
879 2401 913 2457 et
938 2383 1083 2457 iunxerit
1099 2408 1138 2458 se
1158 2382 1324 2470 udultem3
1344 2407 1435 2481 quue

310 2496 395 2572 heec
408 2497 504 2587 iecit,
519 2498 874 2572 excommunicationis
893 2499 938 2572 sit
958 2501 1097 2594 (221).»
1118 2496 1161 2571 Et
1175 2496 1302 2572 clarius
1320 2497 1435 2572 adhuc

310 2612 371 2687 lib.
387 2614 494 2687 XLIV.
512 2614 746 2714 cepffllll.
763 2614 911 2688 decrevit
923 2613 1088 2716 synodus:
1107 2614 1172 2688 «Ut
1184 2613 1307 2686 mulier
1318 2614 1434 2687 iuncte

312 2726 372 2802 elii
402 2727 475 2803 viro
509 2754 614 2805 ceusu
640 2727 798 2802 adulterii
825 2727 1112 2802 excommunicetu
1139 2726 1199 2802 hut
1222 2725 1429 2814 delinimus,

311 2842 420 2917 donoc
436 2843 677 2943 poenitentiam
698 2855 800 2942 agan
828 2858 862 2917 21
883 2858 961 2945 post
982 2843 1225 2944 poenitentium
1243 2842 1437 2918 reconcilio·

311 2975 366 3034 tur
387 2958 461 3032 viro
485 2984 549 3033 suo
577 2961 734 3057 (222);2
761 2959 796 3032 in
818 2985 886 3061 quo
917 2959 1069 3035 doctrine
1095 2957 1239 3035 traditur
1263 2958 1431 3061 superiori

312 3072 415 3174 plene
440 3073 621 3148 contrarie.

389 3262 455 3326 (212)
471 3261 619 3314 (71221221.
632 3276 675 3328 op.
689 3264 732 3316 221.
746 3268 879 3317 bonomi.
891 3268 987 3318 2211122
1000 3278 1057 3331 pag.
1072 3271 1112 3317 tit.
1242 3287 1248 3300 ·

387 3341 455 3406 (222)
469 3341 609 3408 12222222
620 3344 742 3409 wilkins,
754 3345 874 3397 22221112
882 3357 995 3411 mcpnoe
1003 3347 1198 3397 Bntounicect
1206 3344 1360 3406 litbcmicc,
1368 3345 1433 3397 ien-

310 3421 364 3474 dini
384 3426 452 3475 1727.
464 3422 515 3474 221.
526 3425 547 3476 1.
559 3436 615 3488 m.
630 3427 654 3476 1.
675 3425 735 3477 2222
748 3428 809 3477 notu
826 3427 915 3491 iegitur
934 3425 968 3478 22
981 3427 1046 3477 huuc
1059 3425 1194 3490 synodum,
1213 3439 1279 3490 quse
1294 3439 1316 3477 1.
1331 3424 1433 3477 PM

310 3503 482 3566 nuncupetur:
496 3504 581 3561 «Qute
595 3502 704 3567 synodus
720 3505 769 3555 2112
787 3519 808 3556 e.
822 3507 921 3556 Petricii
933 3505 1040 3567 dicitur,
1061 3508 1176 3557 2221222
1195 3504 1434 3569 conuicerimus,

311 3593 389 3646 22222
407 3583 533 3647 responsio
546 3583 579 3635 22
594 3584 707 3648 queem
721 3586 814 3649 sitque.
831 3588 913 3645 Quare
929 3586 983 3651 ipsc
996 3586 1081 3638 initio:
1098 3590 1138 3638 De
1155 3599 1185 3637 eo
1194 3585 1266 3651 quod
1283 3583 1435 3646 2222222111,

311 3662 382 3725 quod
399 3663 425 3714 et
442 3663 470 3714 in
485 3665 573 3715 2212212
587 3664 703 3729 ecpitniis
713 3665 914 3730 subintelligitur.
932 3665 1124 3731 corruptissime
1138 3667 1196 3718 2221
1211 3666 1327 3729 maeque
1337 3662 1434 3726 omui,
1520 3657 1521 3660 ’

312 3755 377 3808 quse
396 3744 494 3796 nonnisi
522 3746 633 3797 melioris
651 3745 745 3797 codicis
763 3759 810 3811 ope
830 3747 934 3812 2222221
952 3747 1091 3799 mendam:
1111 3759 1191 3810 peuce
1206 3759 1249 3810 per
1267 3744 1436 3796 coniecturum

313 3822 389 3888 poulo
406 3822 575 3875 toierubiiiors
596 3823 675 3876 iecere
695 3825 778 3876 contii
797 3839 894 3880 sumus.
908 3825 1047 3878 8222221222
1066 3827 1130 3877 huno
1149 3839 1170 3878 s.
1189 3825 1289 3876 Putrieii
1309 3823 1435 3888 22222222

312 3914 344 3953 eu
362 3901 526 3965 andegavensi
544 3902 693 3955 bibliothece
710 3905 885 3970 transcriptum
900 3908 931 3956 1).
951 3905 1063 3957 11212222
1086 3904 1277 3957 communicarit
1297 3902 1437 3967 2112222222

309 3981 414 4033 incohes
429 3981 592 4045 Sirmondus,
604 3995 712 4046 quorum
731 3984 774 4035 iiie
794 3997 849 4034 cem
870 3984 902 4035 22
925 3983 1156 4036 reverendissimum
1169 3985 1263 4049 petrem
1273 3986 1305 4034 D.
1317 3983 1436 4035 iacobum

314 4062 496 4114 1222222222
512 4062 723 4128 orchiepiscopnm
738 4065 869 4129 primatem
876 4064 1008 4116 iiibernieo
1018 4064 1096 4128 misit,
1108 4066 1134 4115 21
1143 4063 1255 4116 22222222
1265 4063 1327 4114 mihi
1337 4062 1436 4128 2222221

217 4123 226 4141 ’
313 4140 381 4192 uem
400 4142 542 4194 22222222
561 4145 587 4196 et
604 4143 695 4208 2222
713 4145 906 4209 immunimus
927 4151 948 4195 ι.
970 4144 1057 4209 torus
1078 4151 1147 4196 2222.
1166 4147 1204 4196 ne
1222 4146 1333 4209 empore
1351 4144 1435 4194 2222

312 4233 364 4285 quo
379 4221 414 4274 sit
432 4223 516 4274 bibite
527 4225 615 4275 neuter
626 4223 751 4287 meminit,
765 4237 811 4276 nec
822 4239 836 4276 2
847 4224 941 4288 synodo
953 4223 1156 4290 deprehenditur.
1169 4227 1236 4277 tinec
1245 4225 1435 4291 spelmannus·

390 4301 457 4366 (221)
473 4302 545 4368 Apud
559 4303 669 4355 wilkins
682 4304 802 4356 02221112
815 4307 862 4356 etc.
875 4306 936 4356 1222.
949 4307 968 4357 1.
981 4319 1036 4369 peg.
1055 4312 1078 4357 t.

389 4380 456 4448 (222)
471 4383 500 4435 12
512 4383 632 4451 Sptottep.
643 4383 773 4450 D'tchery
781 4384 842 4438 edit.
856 4387 920 4440 tior.
933 4387 1010 4440 22212.
1024 4389 1093 4441 1727.
1107 4387 1169 4440 tom.
1182 4388 1202 4439 i.
1215 4384 1431 4452 (2222211122
