3234 5084
340 435 411 505 all
485 456 546 505 nra.
564 455 611 505 ιιι.
628 454 714 506 sucu.
732 455 861 505 aarum.
878 455 917 505 ns
935 454 1046 505 muns.
1064 454 1158 505 ιιιιιι.
1175 453 1299 505 curun.

340 575 425 647 adeo
451 575 485 645 in
503 572 636 646 duobus
653 575 725 645 suis
750 573 793 645 ad
820 572 1014 646 Pollentium
1038 571 1134 645 libris
1157 573 1357 645 contrariam
1373 598 1454 646 sen-

341 689 478 761 tentiam
499 687 710 760 convelleret.

413 801 584 875 Absouum
600 801 734 874 demum
750 817 803 875 est
818 827 969 876 asserere
985 800 1242 901 postulationem
1259 801 1392 875 concilii
1408 801 1453 873 de

342 914 415 1012 lege
440 915 601 1015 imperiali
628 941 668 989 eo
693 931 883 1015 spectasse,
905 933 941 989 ut
964 915 1037 1012 lege
1055 914 1282 990 declararetur
1299 913 1453 989 illicitum

341 1056 416 1104 esse
441 1031 641 1119 divortium,
668 1031 811 1129 coniuge
835 1031 947 1105 adhuc
970 1031 1120 1117 vivente;
1148 1032 1248 1131 quasi
1271 1056 1392 1130 nempe
1407 1030 1454 1103 ab

339 1145 424 1220 actis
433 1146 669 1245 imperatorum
682 1146 842 1245 penderet
850 1146 958 1220 bonae
971 1161 1029 1219 aut
1040 1145 1150 1219 malae
1162 1145 1303 1219 actionis
1316 1161 1449 1230 nutura,

339 1277 442 1360 atque
465 1261 509 1334 ub
533 1260 698 1361 imperiali
723 1260 950 1335 declaratione
974 1285 1029 1334 res
1054 1260 1171 1360 aliqua
1196 1258 1290 1333 licita
1311 1276 1370 1333 aut
1386 1258 1453 1330 illi·

339 1377 407 1449 cita
430 1376 641 1450 decernenda
664 1375 758 1450 leret.
788 1377 890 1449 Porro
915 1376 978 1449 hoc
1003 1375 1038 1447 iu
1064 1391 1209 1449 mentam
1239 1374 1354 1447 venire
1384 1399 1453 1447 non

340 1505 469 1592 poterat
491 1489 705 1590 praesulibus
730 1489 954 1576 milevitanis,
983 1490 1042 1589 qui
1068 1490 1161 1562 iuxta
1184 1489 1404 1586 woopeltcom
1420 1503 1454 1561 et

339 1605 551 1703 apostolicam
558 1603 768 1701 discrplinom
776 1619 959 1677 sanxerunt
972 1628 1081 1702 neque
1089 1601 1322 1675 dimissumab
1333 1627 1451 1688 uxore,

341 1745 450 1818 neque
473 1719 650 1792 dimissam
676 1744 696 1792 a
721 1719 842 1792 marito
865 1718 960 1793 alteri
986 1718 1145 1815 coniungi
1171 1743 1292 1816 posse,
1320 1716 1455 1790 sedita

338 1857 493 1918 manera,
514 1847 574 1905 aut
587 1831 725 1906 sibimet
741 1831 957 1906 reconciliare
973 1831 1107 1905 debere.
1125 1829 1256 1916 Quibus
1273 1829 1384 1904 verbis
1401 1828 1454 1903 al-

341 1948 462 2022 ludunt
473 1948 516 2021 ad
530 1951 565 2018 1.
587 1947 661 2022 Cor.
682 1948 751 2019 vll.
770 1950 830 2020 11.
851 1949 968 2049 ltaque
981 1948 1081 2022 unica
1093 1964 1217 2021 etvera
1233 1972 1454 2047 causaquare

340 2080 451 2164 patres
463 2064 570 2162 legem
588 2062 682 2136 illum
692 2063 935 2161 efflagitarunt,
952 2064 1197 2163 petieruntque,
1219 2062 1282 2136 fuit
1298 2063 1341 2135 ad
1358 2087 1454 2136 com-

339 2179 560 2254 muniendum
572 2179 746 2253 sanctione
763 2177 930 2277 imperiali
947 2178 1038 2277 quod
1055 2176 1232 2251 aconcilio
1249 2177 1341 2250 iuxta
1352 2201 1454 2251 eran·

337 2293 481 2392 gelicam
494 2310 527 2369 et
538 2293 755 2394 apostolicum
768 2293 983 2393 disciplinam
996 2293 1212 2368 constitutum
1225 2291 1454 2379 luerat,adeu-

339 2408 474 2508 quoad
499 2409 652 2483 eiusdem
670 2409 862 2484 concilieris
887 2409 1072 2485 sanctionis
1097 2408 1336 2482 executionem.

795 2643 836 2739 q.
865 2642 975 2714 xxiv.

347 2880 554 2931 Douumculoruur
574 2893 589 2931 e
603 2881 690 2943 primis
704 2880 814 2942 qumque
828 2878 947 2931 acclesiae
959 2879 1048 2931 seculis
1063 2879 1094 2930 de
1107 2879 1322 2932 mutantunititate
1336 2880 1444 2945 oonlngd

456 2958 480 3006 lu
496 2970 569 3008 causa
583 2958 716 3019 adulterii,
734 2960 759 3008 et
774 2957 946 3009 difficultatum
969 2972 1032 3021 quae
1050 2965 1207 3023 opponuntur
1222 2961 1340 3025 eplorisis.

414 3215 641 3289 Percurrimun
668 3214 830 3289 hactenus
851 3217 966 3291 maiori
993 3244 1060 3317 qua
1080 3243 1139 3317 per
1163 3243 1225 3293 nos
1251 3219 1323 3293 lieri
1342 3221 1451 3318 potuit

340 3329 515 3427 diligentia
532 3330 682 3431 quinque
703 3332 852 3431 priorum
879 3331 1065 3407 seculonrm
1089 3349 1219 3432 patrum
1244 3350 1279 3408 et
1295 3335 1451 3409 concilio

336 3472 412 3518 rum
440 3445 653 3533 testimonia,
681 3447 958 3545 singulorumque
990 3447 1156 3547 aualysim
1182 3449 1389 3524 instituimus
1413 3465 1451 3521 ut

338 3561 519 3656 genuinam
545 3560 696 3660 ipsorum
718 3576 862 3634 mentem
887 3585 1155 3660 assequeremur.
1184 3564 1279 3637 Nunc
1303 3578 1451 3663 praestat

340 3675 374 3745 in
400 3701 505 3748 unum
521 3674 679 3772 colligere
699 3700 740 3748 ea
764 3676 895 3762 omnia,
915 3701 1005 3774 quae
1027 3677 1212 3771 praemissu
1232 3693 1331 3766 suut,
1351 3694 1451 3777 utque

339 3791 454 3865 critica
474 3790 571 3864 lance
587 3790 727 3877 librare,
752 3806 790 3862 ut
814 3790 894 3863 inde
917 3817 1017 3865 verus
1041 3792 1263 3867 traditionalis
1288 3791 1451 3866 ecelesiae

340 3930 460 3979 sensus
487 3905 521 3976 in
547 3904 609 3977 hac
635 3903 718 3977 adeo
743 3904 868 4002 agitata
889 3905 1085 4004 quaestione
1102 3923 1273 4006 appareat.
1295 3905 1393 3992 Quod
1411 3931 1450 3979 eo

337 4018 499 4092 libentius
518 4034 747 4117 praestamus,
766 4017 857 4116 quod
874 4035 982 4093 aetate
1006 4018 1071 4093 hao
1089 4038 1203 4094 nostra
1220 4019 1357 4093 liberior
1374 4046 1450 4094 sen-

338 4134 441 4205 tiendi
455 4134 644 4232 agendique
656 4133 740 4206 ratio
758 4133 847 4207 circa
861 4133 1064 4208 matrimonii
1085 4134 1339 4209 dissolutionem
1352 4134 1452 4232 longo

338 4243 473 4347 lateque
496 4276 536 4323 ex
549 4248 816 4353 protestantium
841 4250 1036 4348 praesertim
1063 4276 1166 4349 praua
1191 4250 1314 4324 hucin
1341 4276 1377 4323 re
1395 4249 1451 4322 do

338 4363 444 4436 ctrina
469 4380 501 4436 et
525 4362 698 4462 exemplo,
726 4362 936 4439 diffundatur
958 4381 990 4438 et
1011 4365 1205 4441 invalescat.
1227 4365 1318 4439 Adeo
1336 4383 1373 4439 ut
1391 4389 1450 4438 nec
