3234 5084
333 416 404 488 stt
490 434 612 487 unm.
628 431 715 486 srsr.
732 431 863 486 rursm.
880 434 921 486 nr
938 434 1051 486 rnnrss.
1068 435 1164 487 mnu.
1180 434 1305 489 crmsr.

330 554 423 628 ditur
442 551 608 627 viroviro
625 577 645 625 a
663 576 731 651 quo
748 550 907 639 recessit,
927 577 1037 651 neque
1064 552 1144 626 huic
1167 552 1305 628 alteram
1327 553 1453 629 ducere

298 743 303 756 ,
330 671 408 744 viru
421 694 524 743 uxore
535 694 638 768 quam
655 667 805 754 dimisit,
826 665 931 740 multo
944 668 1055 742 minus
1073 666 1124 741 las
1141 682 1212 755 est,
1235 668 1350 743 illicita
1371 696 1448 743 eum

331 810 409 859 cum
433 782 642 885 quibuslibet
662 797 779 883 stupra
805 781 1014 857 committere
1035 783 1179 879 (206).»
1203 785 1252 857 Ex
1274 783 1329 858 his
1348 784 1453 858 habe-

330 916 501 975 mustum
526 898 637 998 ipsius
660 898 770 973 Bodas
794 896 1013 986 seutentiam,
1042 912 1111 971 tum
1136 898 1449 999 interpretationem

331 1030 479 1089 textuum
496 1013 653 1088 Matthaei
670 1029 704 1087 et
718 1010 870 1111 Apostoli
894 1011 938 1084 de
959 1011 1105 1110 perfecta
1121 1013 1420 1088 indissolubilitate
1437 1072 1445 1100 ‚

333 1156 400 1207 non
425 1129 579 1204 obstante
603 1127 758 1226 coniugis
784 1127 976 1202 alterutrius
1002 1127 1232 1203 fornicationis
1257 1130 1396 1227 ssugitio.

404 1245 490 1320 Huic
508 1244 718 1320 adnectimus
737 1243 833 1342 quod
854 1269 876 1316 a
897 1241 1042 1318 concilio
1066 1243 1315 1318 herulordiensi
1334 1245 1373 1317 in
1386 1245 1451 1317 An·

334 1360 402 1460 glis
419 1361 484 1435 sub
501 1359 676 1434 Theodoro
688 1357 951 1458 archiepiscopo
962 1359 1188 1433 neumasiensi
1210 1384 1265 1432 an.
1281 1361 1349 1431 673
1368 1360 1452 1433 cels

332 1477 428 1550 bruto
442 1502 519 1577 cap.
537 1476 579 1547 x.
599 1473 819 1552 coustitutum
835 1487 907 1560 est,
932 1488 1034 1573 atque
1050 1500 1074 1547 a.
1087 1474 1176 1548 Beda
1194 1474 1270 1573 ipso
1287 1473 1445 1548 refertur:

336 1589 491 1666 «Nullus
512 1591 689 1689 coniugum
710 1590 900 1690 propriam,
923 1589 990 1664 nisi
1008 1604 1046 1662 ut
1066 1604 1220 1664 sanctum
1239 1589 1451 1687 evangelium

333 1706 450 1794 docet,
478 1704 709 1781 fornicationis
738 1730 844 1779 eausa
872 1702 1050 1804 relinquat.
1084 1703 1183 1791 Quod
1210 1704 1241 1777 si
1268 1705 1450 1804 quisquam

333 1819 505 1923 propriam
521 1819 688 1920 enpulerit
705 1819 882 1916 coniugem
895 1816 1051 1915 legitimo
1061 1818 1129 1892 sibi
1146 1819 1359 1894 matrimonio
1376 1845 1453 1893 oon·

333 1939 483 2013 iunctam
500 1993 508 2024 ,
527 1938 560 2009 si
576 1936 775 2009 christianos
799 1960 866 2007 esse
889 1949 972 2008 recte
995 1934 1157 2018 meeis,
1179 1933 1264 2008 nulli
1282 1932 1376 2008 alteri
1394 1960 1452 2009 co·

335 2052 491 2154 puletur:
513 2050 574 2126 sed
597 2050 649 2156 ita
666 2063 861 2151 permaneat
875 2064 934 2124 aut
953 2049 1109 2149 propriae
1125 2048 1357 2123 reconcilietur
1372 2075 1452 2123 eon-

334 2168 405 2266 iugi
433 2168 584 2263 (207).»
611 2165 686 2252 Quo
710 2164 879 2240 indicetur
902 2190 969 2240 uon
996 2164 1039 2238 de
1064 2190 1101 2239 re
1125 2190 1215 2240 mere
1240 2163 1451 2263 disciplinari

334 2284 402 2359 hoc
417 2284 452 2355 in
465 2307 595 2357 esnone
611 2280 686 2379 egi,
702 2279 764 2358 sed
776 2281 820 2354 de
840 2305 880 2354 eo
893 2279 984 2379 quod
999 2305 1041 2352 ox
1058 2279 1230 2377 religionis
1248 2280 1453 2354 christianae

334 2398 549 2500 pmlessione
569 2395 753 2472 tenendum
774 2396 911 2473 omnino
936 2393 1172 2495 agendumque
1197 2395 1259 2469 sit,

414 2511 600 2588 Concilium
626 2512 707 2586 item
732 2510 923 2611 parisiense
942 2510 998 2582 lll.
1025 2508 1124 2610 quod.
1142 2535 1183 2583 en
1207 2524 1351 2609 qrratuor
1375 2534 1455 2609 pro·

333 2630 460 2705 vinciis
476 2628 643 2716 remensi,
672 2626 875 2712 senonensi,
898 2624 1050 2699 turonico
1073 2650 1116 2698 ac
1137 2624 1359 2722 rotomagensi
1384 2624 1453 2699 col-

334 2746 459 2820 leotum
479 2760 533 2819 est
552 2771 609 2819 an.
631 2745 713 2816 829.
730 2800 741 2831 ,
759 2740 851 2841 quod
869 2740 1014 2840 proinde
1034 2738 1133 2814 nobis
1154 2739 1290 2813 exhibet
1309 2756 1454 2841 quatuor

336 2860 466 2934 Galliae
487 2859 735 2959 provinciarum
754 2855 945 2930 doctrinam
960 2855 1019 2928 lib.
1041 2856 1100 2930 lll.
1122 2880 1196 2955 cap.
1214 2856 1258 2927 ll.
1275 2855 1321 2929 ita
1342 2855 1453 2955 loqui·

336 2991 413 3048 tur:
437 2974 564 3060 «Quod
584 2973 646 3061 hi,
665 2972 725 3072 qui
745 2997 850 3045 causa
874 2969 1102 3046 [emicationis
1120 2969 1274 3045 dimissis
1291 2970 1453 3043 uxoribus

335 3088 429 3177 suis,
454 3088 543 3162 alias
560 3086 709 3174 ducunt,
738 3085 871 3162 Domini
899 3084 1064 3160 sententia
1082 3084 1224 3160 adulteri
1246 3111 1323 3160 esse
1339 3101 1453 3160 noten-

338 3220 392 3278 tur
419 3204 570 3299 (208).»

407 3317 463 3393 Sic
475 3318 707 3416 paritercouo.
730 3334 949 3393 nannetense
960 3332 1113 3392 coactum
1125 3342 1182 3391 an.
1198 3319 1281 3389 895.
1301 3313 1453 3412 singula·

336 3459 406 3508 rem
423 3458 586 3508 canonem
599 3431 690 3508 buno
706 3434 781 3506 llll.
800 3433 931 3506 edidit:
954 3462 972 3502 u
989 3432 1024 3508 Si
1036 3432 1133 3507 cuius
1150 3457 1233 3507 uxor
1253 3430 1452 3506 adulterium

336 3550 560 3651 perpetravit,
591 3565 625 3623 et
647 3549 755 3625 hoca
783 3549 857 3623 viro
887 3547 1134 3648 deprehensum
1161 3546 1262 3622 luerit
1282 3561 1316 3619 et
1342 3544 1452 3645 publi·

337 3682 466 3752 catum,
494 3665 641 3739 dimittat
668 3689 825 3752 uxorem,
854 3665 886 3739 si
909 3663 1073 3751 uoluerit,
1105 3678 1240 3763 propter
1268 3660 1455 3735 fornicatio

337 3806 433 3855 nem:
462 3779 521 3854 illa
545 3806 624 3855 vero
645 3795 773 3880 septem
798 3779 899 3854 annis
924 3778 1061 3879 publice
1080 3777 1259 3877 poeniteat.
1287 3777 1344 3848 Vir
1375 3799 1454 3849 vero

336 3896 411 3972 eius
432 3894 492 3969 ills
508 3894 641 3969 vivente
654 3894 846 3971 nullatenus
858 3893 959 3969 eliam
977 3894 1134 3993 accipiat.
1157 3891 1255 3979 Quod
1271 3891 1303 3965 si
1313 3889 1454 3965 voluerit

411 4151 478 4216 (ebt)
493 4149 734 4215 cunemundus
749 4152 812 4203 tom.
825 4153 869 4202 vl.
884 4151 932 4202 col.
945 4155 1003 4203 418,

411 4233 479 4292 (2⁰7)
494 4232 565 4283 Hist.
586 4230 731 4285 sectatori.
751 4234 837 4297 ocutis
855 4230 964 4296 decbr.
981 4229 1026 4282 lib.
1042 4232 1085 4281 lv.
1100 4244 1154 4295 cap.
1169 4233 1200 4280 v.
1212 4231 1255 4281 cit.
1272 4229 1311 4281 ed.
1331 4230 1391 4280 tom
1408 4228 1454 4279 ul.

337 4311 386 4363 ⁰⁰¹.
400 4318 480 4454 lidie)
495 4392 566 4457 Apud
582 4392 702 4445 Hardubr.
719 4395 785 4445 Acta
797 4392 891 4444 condi.
905 4393 965 4443 torn.
981 4394 1023 4443 lv.
1036 4392 1084 4442 ool.
1101 4397 1168 4444 teus.
