3234 5084
338 411 406 482 iti
481 432 543 482 nm.
560 431 608 481 ni.
625 429 712 479 asur.
730 430 861 479 iurans.
876 430 916 480 us
930 430 1040 480 mons.
1057 431 1151 480 narn.
1167 430 1289 481 suuisr.

336 548 478 622 stionam
505 571 573 618 non
594 544 693 632 fidei,
726 545 785 617 sed
812 544 1014 642 lepistotiooe
1037 546 1232 643 prudentiae
1255 573 1332 621 esso
1354 548 1449 622 obis-

334 678 446 747 ctum,
474 676 508 734 at
528 684 688 733 canonem
719 658 936 731 tridentinum
963 658 1152 732 immediate
1178 661 1312 735 nonnisi
1337 661 1450 760 desso-

332 772 443 873 st'vem
465 772 541 850 s'sso
566 774 727 849 advorsus
758 774 961 847 calumniam
991 775 1270 873 protestantium,
1303 778 1450 850 mediata

334 908 445 966 autem
466 892 697 991 permissivum
721 888 824 963 relate
850 888 893 962 ad
918 915 1056 987 graooos
1079 892 1167 983 (39).
1189 890 1327 966 Silentio
1346 893 1447 966 etiam

335 1021 505 1105 prastemo
527 1020 695 1079 auotoram
720 1002 969 1078 dissertationis
993 1004 1036 1077 de
1060 1004 1213 1078 divortiis
1232 1005 1268 1076 in
1286 1007 1444 1092 Bouaria,

334 1122 394 1221 qui
419 1136 571 1193 autumat
593 1119 659 1193 hoc
682 1143 811 1193 canona
830 1116 1006 1192 aeclesiam
1031 1117 1099 1192 iilis
1125 1134 1255 1192 tantum
1270 1122 1448 1195 anathema

334 1236 480 1324 dixisse,
502 1235 562 1335 qui
588 1235 834 1308 matrimonium
860 1234 896 1306 in
920 1258 1003 1307 oasa
1028 1233 1185 1308 adulterii
1205 1262 1338 1335 proprus
1359 1253 1448 1309 motu

334 1352 475 1428 dissolvi
501 1377 602 1452 posse
625 1366 815 1425 assererent
833 1350 922 1446 (44)).
943 1350 985 1423 Et
1004 1349 1050 1423 ita
1075 1376 1174 1448 porro
1199 1349 1285 1425 alios
1303 1369 1449 1450 praeter-

334 1469 429 1545 mitto
456 1468 661 1542 affirmantes
682 1482 742 1541 ant
762 1465 939 1541 eeclesiam
962 1465 1134 1540 veritatem
1154 1466 1241 1539 haue
1262 1493 1448 1568 numquam

334 1609 436 1683 posse
465 1582 509 1656 ad
540 1582 708 1680 dogmatis
733 1580 928 1678 dignitatem
959 1581 1100 1655 evehere
1130 1583 1314 1676 (i1);aut
1345 1609 1449 1682 posse

334 1723 473 1796 graecos
496 1698 588 1771 iuxta
612 1722 653 1771 so
674 1696 797 1770 latinos
818 1697 853 1768 in
874 1722 936 1771 suo
957 1722 1060 1771 sensu
1080 1695 1252 1771 abundare
1273 1700 1369 1794 (it);
1389 1718 1449 1773 ant

335 1813 389 1887 ius
411 1812 561 1887 solvendi
587 1811 799 1885 matrimonia
820 1810 863 1884 ad
888 1812 963 1885 iura
981 1810 1188 1885 maiestatiea
1209 1811 1318 1885 civilis
1340 1812 1448 1913 impo-

335 1929 376 2002 rii
399 1954 476 2003 osse
497 1926 705 2001 referendum
728 1929 825 2022 (t3);
847 1942 905 2000 aut
921 1925 1073 2025 patribus
1092 1925 1279 2003 tridentinis
1297 1928 1448 2025 ignotum

334 2069 502 2119 essenon
526 2042 678 2142 potuisse
703 2040 911 2117 traditionem
937 2042 972 2114 in
998 2041 1062 2116 hoo
1085 2043 1197 2141 eapite
1222 2043 1323 2115 nimis
1347 2043 1448 2117 raoil-

334 2158 457 2233 lantem
486 2183 564 2232 esse
592 2159 689 2254 (ti),
709 2155 845 2257 aliaque
868 2157 902 2229 id
928 2183 1037 2255 genus
1060 2156 1184 2244 muita,
1209 2183 1297 2258 quae
1319 2157 1372 2232 vel
1397 2186 1447 2232 re·

335 2272 420 2346 ienro
444 2273 564 2348 taedet.

406 2388 469 2462 His
481 2389 595 2489 itaque
608 2386 795 2462 audaeibus
809 2444 817 2474 ‚
833 2388 901 2461 imo
918 2405 951 2461 at
968 2388 1153 2461 temerariis
1169 2386 1301 2462 oonoiiii
1319 2386 1447 2461 triden-

334 2504 396 2578 tini
415 2503 612 2581 oensoribns
629 2520 663 2579 ot
679 2502 931 2602 ooriuptoribus
948 2502 1118 2590 dimissis,
1138 2503 1198 2602 qui
1215 2503 1308 2576 irrito
1321 2520 1446 2577 conatu

333 2621 445 2697 adnisi
471 2635 550 2695 sunt
572 2620 641 2695 vim
666 2620 768 2693 huius
799 2620 938 2693 canonis
963 2635 1141 2693 extenuare
1164 2636 1198 2693 at
1222 2618 1380 2707 eludare,
1407 2636 1447 2694 ut

332 2737 487 2811 eumdem
508 2734 747 2836 praeindicatis
773 2735 846 2810 suis
872 2733 1005 2833 placitis
1030 2735 1339 2823 aosommodanent‚
1366 2733 1446 2809 reli-

334 2877 437 2950 quum
463 2869 534 2938 est,
567 2867 606 2924 ut
630 2850 749 2948 paneis
775 2849 936 2950 quidnam
962 2849 1102 2924 deeius
1128 2865 1247 2924 natura
1279 2849 1445 2925 oatholioo

334 2991 437 3040 sensu
463 2963 667 3039 censendum
693 2965 758 3051 sit,
785 2982 819 3039 et
842 2989 1008 3065 quaenam
1033 2963 1101 3037 sint
1124 2990 1164 3038 ox
1187 2990 1228 3038 eo
1248 2965 1446 3039 deducenda

333 3078 539 3153 consectaria
562 3103 808 3176 expromsmus.

406 3195 523 3296 itaqua
546 3194 678 3294 primo,
692 3220 790 3269 nemo
805 3223 884 3270 vere
900 3196 1087 3271 catholicus
1106 3221 1269 3296 umquam
1283 3197 1373 3269 dioet
1391 3222 1445 3269 oa-

330 3322 456 3387 non'am
480 3311 551 3385 vlt.
585 3337 662 3386 esse
692 3312 958 3411 dsserplrirorsm,
992 3338 1052 3387 seu
1077 3311 1202 3385 habere
1226 3338 1287 3412 pro
1314 3311 1445 3386 obiecto

335 3455 460 3504 meram
480 3427 696 3529 disciplinam
714 3429 889 3505 mutationi
907 3429 1099 3505 obnoxiam.
1121 3429 1159 3501 ld
1176 3428 1264 3501 anim
1282 3445 1446 3528 repugnat

410 3590 460 3651 (49)
476 3589 538 3640 ibid.
555 3603 579 3654 p.
596 3593 650 3640 sio.
663 3603 732 3653 seqq.
745 3589 788 3653 qni
801 3588 966 3640 observatus!
978 3589 1009 3638 ub
1021 3588 1080 3652 ipsis
1102 3588 1292 3653 protestantibus
1303 3589 1444 3652 opinionem

333 3670 432 3719 sorberi
455 3682 557 3721 sensura
582 3670 734 3733 perstrictam
757 3669 850 3720 inisse:
873 3668 941 3732 quod
961 3682 1010 3719 non
1037 3669 1112 3720 semei
1135 3668 1284 3732 quibusdam
1313 3669 1443 3720 uooteriais

334 3748 469 3812 oontiagit,
484 3752 513 3800 ut
532 3763 548 3799 4
566 3749 757 3813 protestantibus
778 3749 911 3813 vapulent,
926 3750 968 3814 qui
988 3751 1070 3801 444444
1092 3750 1443 3812 ostboiioi,sa1temnomins,

333 3828 447 3880 andiunt.

409 3909 460 3972 (44)
475 3909 539 3960 ibid.
551 3922 605 3974 pag.
618 3915 672 3961 447.
1492 3970 1500 3982 ‚

407 3989 459 4052 (41)
473 3989 537 4040 ibid.
547 3990 718 4042 sustorlibeiti
732 3995 769 4042 Dr
779 3990 903 4043 diuortiis
912 3992 977 4056 typis
987 3991 1198 4042 ausudimsibus
1211 3991 1272 4042 editt
1287 3999 1355 4042 tato.
1367 4007 1392 4056 p.
1405 3999 1444 4043 44.

409 4071 460 4133 (ia)
475 4072 513 4120 ita
533 4072 589 4134 post
606 4072 660 4120 vau
672 4073 764 4134 rspen,
777 4071 869 4134 itybsi,
884 4072 982 4133 braun,
995 4072 1084 4122 Petram
1095 4070 1170 4122 444444
1180 4072 1295 4123 bernard.
1310 4074 1372 4122 saur
1381 4070 1443 4121 ibid.

409 4150 460 4213 (is)
476 4151 514 4200 444
530 4149 768 4216 sustossoria
789 4149 909 4202 44444444.
926 4153 1007 4202 metr.
1023 4151 1144 4203 1444444444
1164 4151 1204 4202 ed.
1222 4158 1289 4204 titt.
1312 4152 1351 4204 Gi.
1366 4152 1445 4203 Fotis

332 4231 435 4279 sincero
454 4228 487 4279 ds
505 4228 561 4279 reb.
579 4228 658 4280 tboot.
671 4231 698 4279 st
719 4229 808 4279 444444.
825 4243 850 4293 p.
864 4232 917 4280 444.
931 4229 991 4280 ibid.

409 4310 460 4371 (44)
475 4309 516 4360 titi
536 4309 582 4360 Tb.
598 4309 708 4360 nottiner
729 4310 858 4361 canonisis
876 4311 1014 4362 austriaous
1033 4311 1060 4361 ia
1081 4323 1122 4373 op.
1142 4325 1218 4375 gerru
1239 4311 1350 4374 Diffusa
1361 4310 1443 4375 expli·

254 4405 256 4408 ·
333 4389 402 4437 catto
421 4386 530 4439 4444444
541 4389 637 4452 cepitis
657 4387 772 4452 44444444.
789 4386 949 4439 sodomitis
968 4391 1031 4454 part.
1046 4392 1078 4441 ii.
1094 4391 1182 4441 vienn.
1201 4397 1267 4442 4844.
1285 4403 1339 4454 pag.
1355 4396 1377 4440 5.
1393 4396 1417 4440 a.
