3234 5084
345 442 412 510 230
493 463 553 510 ιιι.
571 463 618 511 ιιι.
635 463 720 511 sacr.
742 463 871 511 ιιιιιιιι.
890 463 930 510 ns
943 462 1053 510 inorsa.
1071 462 1164 511 ιιιιιι.
1186 462 1309 512 cunrsr.

343 580 486 652 vincitur
502 579 631 651 vivente
660 579 730 652 viro
752 580 805 652 cui
825 578 977 651 subiecta
996 593 1059 663 est,
1072 603 1180 676 eoque
1198 596 1340 662 mortuo,
1361 604 1452 651 omui

344 692 476 765 vinculo
501 691 658 778 soluitur3
680 693 726 765 ita
751 692 909 764 nimirum
935 718 995 789 per
1011 708 1150 765 mortam
1166 692 1290 766 Christi
1319 693 1454 766 iudaica

343 833 425 901 gens
450 804 591 879 liberata
613 822 665 878 est
690 833 710 879 a
733 805 817 902 legis
843 805 1012 880 mosaicae
1038 806 1129 903 iugo.
1150 806 1456 880 Animadvertimus

345 936 514 1018 praeterea
532 920 595 993 boc
614 921 646 991 in
673 921 744 994 loco
762 946 948 994 sermonem
966 946 1042 994 esse
1062 920 1105 993 dc
1122 921 1345 1008 matrimonio,
1366 921 1457 1019 quod

343 1053 608 1110 consummatum
623 1051 761 1120 vocant,
776 1052 814 1108 ut
828 1051 918 1134 patet
935 1052 1005 1108 tum
1023 1061 1063 1106 ex
1081 1061 1131 1132 gr.
1151 1061 1234 1108 uoce
1252 1018 1456 1134 ὕπανδρος,

342 1176 410 1247 qua
435 1149 648 1245 significatur
665 1147 917 1247 quodammodo
934 1148 1144 1234 concubitus,
1162 1166 1231 1221 tum
1252 1175 1292 1221 ex
1309 1176 1349 1222 eo
1366 1150 1457 1248 quod

343 1265 511 1363 sequitur:
541 1268 573 1336 si
595 1265 696 1363 suerit
720 1290 793 1334 cum
817 1264 883 1335 olio
908 1266 991 1335 viro.

415 1380 545 1465 Quibus
564 1379 695 1477 positis,
716 1378 858 1450 dubium
876 1404 942 1452 non
960 1394 1023 1465 est,
1043 1380 1126 1477 quin
1144 1379 1325 1478 Apostolus
1342 1378 1455 1451 vorbis

344 1495 452 1568 allatis
471 1495 661 1591 significare
679 1493 870 1578 intenderit,
886 1519 951 1567 non
970 1494 1135 1592 disrumpi
1154 1494 1358 1566 matrimonii
1376 1518 1458 1566 con-

344 1609 498 1681 summati
523 1607 713 1691 uinculum,
739 1609 889 1706 adeoque
909 1607 1000 1680 baud
1024 1633 1123 1707 posse
1140 1634 1277 1680 uxorem
1294 1607 1339 1679 ad
1356 1608 1454 1693 alias,

344 1726 520 1822 supposito
545 1723 645 1795 etiam
667 1721 822 1794 adulterii
848 1723 989 1820 flagitio,
1012 1724 1155 1796 transire
1181 1723 1329 1822 nuptias,
1349 1722 1458 1796 donoc

343 1839 395 1909 vir
414 1839 489 1909 eius
512 1837 648 1921 vixerit,
680 1837 723 1909 ad
749 1864 826 1910 eum
853 1837 1009 1923 modum,
1025 1865 1093 1937 quo
1113 1838 1223 1911 iudaei
1246 1864 1314 1911 non
1342 1853 1460 1936 potue-

345 1970 420 2025 runt
449 1980 485 2026 se
510 1952 635 2049 elegis
662 1952 820 2025 servitute
846 1953 1011 2039 eximere,
1041 1953 1203 2052 quamdiu
1232 1979 1293 2052 per
1318 1969 1458 2026 mortem

344 2069 468 2142 Christi
495 2069 552 2141 illu
572 2096 639 2143 uon
660 2069 777 2142 luisset
795 2069 939 2155 abolita,
957 2069 1255 2143 nonobstantibus
1274 2086 1322 2143 tot
1342 2095 1457 2143 eorum

343 2184 694 2285 praevaricationibus.
713 2183 1002 2270 Quemadmodum
1029 2184 1129 2280 igitur
1139 2210 1206 2257 non
1229 2201 1381 2284 potarunt
1407 2185 1458 2256 iu-

344 2300 418 2374 daei
446 2327 466 2372 a
495 2299 568 2397 lege
593 2300 694 2373 veteri
720 2300 924 2399 emancipari
951 2299 1017 2373 nisi
1050 2325 1111 2399 per
1135 2299 1258 2373 Christi
1289 2316 1452 2381 mortem,

345 2418 394 2489 sic
418 2442 501 2489 uxor
530 2442 711 2515 numquam
742 2415 863 2514 poterit
880 2442 901 2488 a
918 2415 1068 2511 coniugii
1093 2417 1146 2487 sui
1164 2415 1298 2488 unculo
1324 2413 1456 2487 liberari

346 2531 410 2603 uisi
439 2558 499 2629 per
525 2531 635 2604 mariti
662 2530 801 2604 obitum.
832 2530 1006 2630 Siquidem
1030 2531 1066 2602 in
1085 2530 1150 2604 boc
1173 2531 1323 2629 praecise
1346 2530 1458 2603 oonsi-

345 2647 402 2719 stit
426 2648 526 2720 totius
552 2647 812 2745 comparationis
846 2645 897 2718 vis
922 2662 955 2718 et
981 2673 1125 2745 scopus,
1160 2672 1218 2718 seu
1252 2662 1289 2718 ut
1315 2663 1454 2729 vocant,

345 2764 593 2860 occupor-ationis
613 2778 781 2859 punctum.
800 2763 870 2835 lam
892 2761 1020 2835 verosi
1043 2760 1273 2859 exceptionem
1291 2760 1453 2859 aliquam,

346 2877 463 2948 saltem
490 2876 717 2949 fornicationis
737 2893 793 2947 aut
810 2876 981 2959 adulterii,
1001 2876 1204 2950 voluerimus
1225 2876 1259 2947 in
1278 2874 1369 2947 bunc
1388 2894 1458 2948 ten·

347 3010 414 3062 tum
443 2989 627 3075 intrudere,
657 3006 715 3061 aut
739 2990 780 3064 in
802 3017 842 3062 eo
873 2990 1144 3088 subintelligere,
1166 3006 1233 3064 tota
1260 2989 1455 3089 pessumda-

346 3104 589 3203 returrlpostoli
606 3105 802 3191 similitudo,
819 3106 886 3179 imo
900 3106 985 3179 falsa
996 3106 1162 3191 evaderet,
1179 3122 1216 3178 ut
1229 3131 1289 3204 per
1301 3132 1338 3178 se
1350 3122 1452 3204 patet.

418 3222 645 3293 Verumtamen
665 3220 697 3291 in
718 3221 790 3317 lege
808 3223 972 3307 mosaica,
995 3237 1150 3319 regerunt
1166 3221 1348 3295 adversarii
1367 3278 1375 3305 ,
1396 3220 1457 3319 par

347 3337 494 3409 libellum
523 3336 653 3434 repudii
683 3354 808 3435 poterat
833 3338 973 3412 dissolvi
1003 3338 1213 3434 coniugium,
1243 3337 1343 3410 etad
1369 3336 1456 3409 hauc

346 3454 451 3549 legem
477 3451 598 3523 alludit
623 3451 823 3550 Apostolus3
847 3455 919 3526 eius
945 3452 1047 3550 igitur
1069 3480 1163 3525 mens
1185 3470 1258 3540 est,
1278 3480 1318 3524 en
1342 3455 1456 3551 requio

344 3569 480 3667 quidem
501 3595 565 3640 non
592 3567 731 3641 dissolvi
751 3569 942 3665 coniugium
970 3569 1034 3643 nisi
1062 3587 1182 3653 morte,
1205 3594 1305 3667 posse
1324 3594 1403 3642 vero
1422 3569 1455 3641 in

344 3710 425 3755 casu
442 3684 669 3781 onceptr‘onali‚
692 3684 929 3757 interveniente
947 3684 1073 3757 scilicet
1089 3684 1264 3757 adulterio.
1282 3683 1343 3756 Ast
1364 3710 1456 3784 prae

345 3817 495 3897 tauquam
516 3798 618 3896 quod,
633 3799 679 3870 uti
693 3799 918 3887 ostendimus,
935 3802 1068 3900 Moyses
1087 3827 1152 3873 non
1171 3800 1214 3872 ob
1233 3825 1370 3873 causam
1390 3799 1456 3874 lor·

345 3913 522 3985 nicationis
549 3936 609 3982 seu
634 3910 787 3984 adulterii
814 3912 963 3986 libellum
990 3914 1120 4013 repudii
1148 3914 1218 3986 dari
1244 3914 1453 4013 permiserit,

345 4027 404 4099 scd
430 4025 519 4097 alias¹
538 4026 580 4098 ob
605 4051 726 4099 causas
746 4027 819 4099 sive
845 4028 1004 4129 physicas
1031 4031 1103 4103 sive
1130 4029 1291 4117 morales,
1321 4046 1456 4128 propter

344 4168 431 4239 quas
458 4167 541 4213 uxor
560 4142 699 4237 gratiam
727 4142 816 4240 apud
846 4143 954 4216 virum
984 4172 1050 4219 uon
1074 4146 1249 4231 inveniret,
1274 4144 1456 4242 Apostolus

345 4256 419 4326 boio
438 4272 566 4355 spectat
590 4257 680 4354 quod
706 4256 757 4330 lor
776 4284 890 4356 perse
909 4260 1071 4357 postulat,
1094 4288 1160 4333 non
1179 4277 1288 4334 autem
1307 4258 1397 4358 quod
1415 4286 1455 4331 er

344 4371 561 4440 concessione
588 4369 715 4455 licorot,
739 4370 795 4443 illa
818 4399 895 4445 uero
914 4374 963 4447 lex
981 4375 1022 4447 ad
1049 4401 1149 4473 quarn
1170 4375 1305 4473 respicit
1328 4401 1370 4446 oa
1389 4391 1452 4459 cst,
