3234 5084
265 435 369 486 einr.
387 434 659 487 remorsurum.
679 436 784 486 meur.
802 436 876 487 runs
889 436 1043 488 numme.
1059 437 1130 488 nur.
1143 438 1166 489 t.
1227 418 1295 489 ll'l
1378 458 1381 463 <

189 552 276 626 hane
300 556 447 652 agitem,
469 554 504 625 in
529 554 682 627 diversas
707 556 831 654 pariter
855 552 969 628 abiere
994 557 1197 644 sententias,
1224 558 1300 631 aliie

187 664 463 742 contendentibus
491 669 537 741 ita
567 667 804 742 indissolubile
829 695 907 743 esse
932 670 1079 766 coniugii
1105 671 1297 759 vinculum,

186 800 223 854 ut
247 783 341 856 nullo
364 809 526 883 umquam
545 784 579 855 in
599 808 680 856 casu
706 782 871 884 disrumpi
896 811 997 883 posse
1021 802 1199 872 oenseaut3
1224 785 1301 859 aliis

186 923 266 970 vero
293 894 542 973 affirmantibus
572 925 640 972 non
676 900 774 973 modo
807 925 932 997 posse,
961 901 1022 973 sed
1052 900 1176 973 debere
1200 902 1301 974 etiam

186 1010 341 1109 pluribus
367 998 401 1084 in
424 1013 563 1087 ossibus
588 1012 792 1085 connubium
818 1012 980 1100 dissolvi,
1010 1012 1100 1112 quod
1125 1038 1225 1088 senus
1251 1015 1302 1087 iu·

187 1126 334 1213 iustum,
358 1153 398 1200 ao
423 1128 636 1226 importabile
662 1128 778 1225 iugum
803 1129 889 1202 leret
917 1134 928 1224 (
954 1134 983 1224 ).

260 1241 457 1343 Philosophi
471 1243 557 1315 inter
573 1241 726 1316 ethninos
745 1244 991 1341 sapientissimi
1009 1245 1211 1319 matrimonii
1226 1271 1303 1318 eon·

187 1373 328 1430 tractum
341 1356 612 1433 indissolubilem
629 1384 705 1431 esse
722 1384 789 1431 non
807 1376 1034 1447 censuerunt,
1057 1359 1118 1431 sed
1135 1359 1227 1432 licita
1238 1360 1305 1433 exi·

185 1472 367 1546 stimarunt
379 1472 538 1572 repudia,
554 1489 592 1546 ut
609 1489 740 1546 constat
752 1473 796 1545 de
810 1473 947 1547 Platone
962 1476 1051 1569 (10),
1068 1473 1194 1547 Catone
1209 1450 1298 1569 (ll),

187 1587 297 1660 Tullio
312 1589 401 1681 (12);
417 1587 529 1686 dequo
540 1586 788 1661 iurisconsultis
802 1588 929 1675 Paullo,
945 1588 1042 1676 Gaio,
1057 1587 1200 1687 Ulpiano
1211 1590 1300 1684 (lt),

186 1702 334 1801 aliisque
353 1716 437 1774 toste
462 1701 641 1776 Plutarcho
661 1705 750 1796 (ll).

260 1817 351 1891 Inter
369 1831 591 1915 protestantes
609 1816 667 1890 alii
686 1817 857 1891 affirmant
873 1843 913 1889 ex
934 1817 1006 1892 solo
1022 1819 1124 1891 otiam
1148 1818 1221 1890 iure
1238 1844 1299 1891 na·

186 1950 282 2005 turae
303 1932 551 2005 matrimonium
571 1957 648 2005 esse
670 1949 885 2031 perpetuum
910 1932 997 2005 inter
1017 1958 1104 2033 quos
1121 1931 1304 2006 Pulendor-

187 2045 279 2133 hus,
306 2046 405 2133 lieet,
430 2062 467 2118 ut
488 2071 597 2143 nuper
616 2046 783 2133 uidimus,
805 2062 1019 2146 exceptiones
1036 2047 1165 2147 aliquot
1181 2046 1304 2121 admit·

187 2178 254 2246 tat,
280 2178 391 2237 tumen
409 2159 592 2257 generatim
615 2161 683 2233 ait:
713 2161 808 2233 «Neo
834 2160 948 2233 minus
967 2177 1089 2234 natura
1106 2177 1175 2234 tam
1192 2176 1304 2233 aretae

188 2276 436 2351 coniunctionis
469 2275 617 2350 ostendit
646 2276 896 2348 matrimonium
928 2275 1050 2349 debere
1079 2298 1157 2349 esse
1186 2299 1304 2377 perpe·

189 2409 283 2464 tuum
308 2394 380 2487 (15)
400 2421 444 2477 ;»
474 2392 652 2490 eidemque
677 2390 864 2463 sententiae
885 2388 1138 2488 adstipulantur
1163 2387 1305 2461 Heineo-

185 2506 264 2578 cius
281 2508 376 2599 (16),
398 2504 668 2578 Kommen'ehius
689 2506 783 2599 (ll),
807 2503 945 2605 aliique.
963 2504 1028 2576 Sed
1045 2503 1103 2576 alii
1124 2501 1305 2576 indissolu-

187 2618 351 2691 bilitatem
364 2644 405 2691 ax
421 2620 494 2691 iure
512 2620 625 2718 potius
642 2616 991 2716 pessumdederunt,
1012 2618 1062 2691 uti
1080 2616 1300 2697 Thomasius,

189 2732 370 2826 Weberus
397 2733 628 2819 wernherus,
649 2733 842 2806 Friderions
865 2732 1047 2819 baduvini,
1076 2732 1201 2830 aliique
1219 2729 1304 2803 bene
1407 2774 1416 2795 s

188 2848 431 3039 mnibledilideo
447 2965 723 3040 heterodoxorum
742 2964 896 3038 doctrina
913 2961 1152 3038 confundenda
1169 2986 1236 3034 non
1254 2976 1306 3032 est

269 3167 304 3229 (9)
320 3168 413 3216 florum
433 3166 557 3230 prolixum
574 3165 702 3215 elenchum
717 3163 821 3214 eulrlbst
836 3162 981 3226 Roslrouhny
992 3176 1033 3227 op.
1047 3163 1089 3213 ult.
1106 3162 1140 3211 ln.
1157 3163 1224 3213 Htrt.
1238 3157 1305 3209 trete-

187 3249 267 3297 rorte
297 3246 567 3310 §.sesqualterum
580 3245 607 3295 ln
623 3248 749 3295 Doolrtuu
765 3243 912 3307 ruttontr§.
926 3246 955 3294 11
966 3256 1035 3305 seqq.

267 3327 318 3389 (11)
332 3326 387 3377 le.
400 3329 420 3377 1.
431 3328 470 3376 Be
484 3325 594 3388 tosthae
606 3325 671 3376 11111
683 3327 715 3375 11.

270 3408 321 3469 (11)
336 3407 406 3470 amn
419 3420 440 3457 e.
455 3405 583 3469 augustin.
602 3409 638 3457 De
649 3406 713 3455 bono
724 3405 858 3470 coniuoult
876 3418 931 3468 cap.
943 3405 1031 3454 1111111.
1046 3406 1071 3453 et
1084 3402 1108 3451 iu
1118 3402 1161 3451 llb.
1175 3398 1306 3462 Desidere

188 3486 291 3553 operib.
304 3500 358 3549 cap.
372 3489 426 3536 vll.

269 3568 319 3628 (11)
334 3564 404 3629 apud
420 3579 441 3616 s.
454 3566 596 3628 hieronym.
616 3563 659 3615 lib.
672 3566 692 3613 1.
705 3562 801 3613 muers.
820 3563 940 3613 lorlnlan.
952 3575 978 3611 u.
998 3566 1038 3612 11.
1050 3562 1140 3613 uotum
1152 3562 1189 3610 est
1201 3559 1255 3608 eius
1272 3572 1308 3608 re·

189 3645 295 3709 podium
311 3646 454 3707 Terentiae,
469 3658 534 3708 quse
550 3646 633 3708 postea
655 3644 737 3706 nupsit
752 3642 860 3692 mundo
878 3640 995 3693 sallustlo
1006 3640 1130 3692 Ciceronis
1151 3638 1266 3700 inimico,
1279 3649 1307 3686 ae

188 3728 263 3776 tertio
274 3726 402 3776 Messalae
419 3727 536 3776 corvino.

270 3807 320 3868 (11)
336 3805 390 3856 Lib.
404 3808 424 3857 1.
438 3812 461 3857 1.
475 3809 511 3856 De
523 3804 566 3855 fin.
580 3805 608 3854 u.
626 3806 663 3855 De
681 3802 814 3853 dtoorttis.

270 3886 320 3948 (11)
338 3888 509 3943 oumtsoues
528 3896 662 3935 romanoe.
677 3895 734 3946 opp.
755 3882 795 3932 ed.
815 3880 931 3931 Gultetmi
946 3879 1063 3943 xylandri
1084 3879 1184 3942 luterpr.
1202 3880 1262 3927 torn.
1275 3880 1306 3928 11.

191 3979 248 4028 pag.
268 3969 313 4016 111
324 3978 376 4028 seq.
392 3965 504 4015 Franool.
520 3971 588 4016 toas.

270 4046 322 4107 (tt)
340 4042 481 4107 Deosfictts
500 4043 568 4095 hom.
580 4045 606 4093 et
618 4044 683 4093 cteta
696 4041 741 4092 lib.
753 4043 785 4092 11.
799 4054 823 4091 o.
834 4048 857 4090 1.
870 4038 894 4102 §.
908 4046 930 4089 5.
942 4040 1000 4089 ltern
1014 4041 1050 4089 De
1060 4040 1119 4089 ture
1131 4039 1186 4087 nol.
1200 4039 1224 4089 et
1236 4040 1307 4100 ocul.

189 4127 235 4175 tit».
249 4128 292 4175 vl.
303 4138 326 4175 o.
342 4134 363 4177 1.

271 4206 321 4267 (ret
339 4204 422 4254 Elem.
434 4202 477 4253 lib.
492 4206 523 4253 11.
538 4215 560 4251 e.
575 4209 598 4253 1.
610 4200 634 4266 §.
646 4206 701 4252 119.

271 4285 324 4346 (17)
338 4283 421 4334 Elem.
437 4282 481 4334 lib.
493 4285 526 4332 11.
540 4295 564 4331 o.
578 4289 601 4332 1.
612 4280 635 4344 ς.
652 4284 675 4331 4.

271 4366 322 4427 (18)
338 4363 408 4427 Apud
423 4364 536 4413 sohuarz
552 4362 738 4412 Instantius.
752 4359 963 4421 uutur.,etoeut.
980 4357 1140 4421 puellum.
1152 4357 1238 4405 imur.
1253 4354 1309 4418 §.L
