3234 5084
310 377 379 452 3³⁰
455 396 519 450 us.
534 394 583 448 nr.
600 393 689 447 seur.
704 392 837 446 mum.
859 391 1141 446 oenomaum.
1158 391 1283 446 maror.

311 516 405 592 illiso
429 513 596 615 arripiant
618 537 659 587 ao
683 537 745 612 pro
769 537 808 587 se
832 510 1024 599 adduoant,
1051 536 1092 584 es
1116 535 1196 585 uero
1220 534 1310 610 quus
1335 506 1429 584 clara

311 647 409 719 sunt,
437 653 537 704 seous
562 651 603 702 ao
619 626 689 728 ipsi
706 642 878 729 optarent,
898 623 1046 701 tenebris
1063 623 1239 699 offundere
1264 628 1428 699 nitantur.

792 812 830 913 g.
858 811 946 885 sn.

756 963 794 1015 os
808 974 830 1013 s.
846 961 990 1026 aunum.

383 1091 637 1193 Hipponensem
655 1090 845 1193 praesulem
862 1089 930 1165 sibi
947 1090 1120 1166 aduersari
1138 1089 1356 1165 divortiorum
1375 1114 1433 1189 pn·

313 1206 402 1284 troni
428 1204 600 1297 sentiunt,
628 1232 669 1283 oo
691 1206 780 1282 ultro
808 1206 976 1295 fatentur3
997 1206 1151 1307 quinimo
1184 1204 1298 1306 ipsum
1326 1203 1431 1279 veluti

312 1322 459 1424 primum
488 1320 593 1396 huius
624 1321 797 1396 doctrinae
828 1336 1029 1396 assertorem
1059 1320 1103 1395 ds
1132 1317 1432 1395 indissolubiliteto

314 1436 504 1536 coniugalis
521 1436 660 1526 vinculi,
675 1437 776 1512 etiam
789 1436 1032 1513 interveniente
1044 1435 1221 1525 adulterio,
1237 1433 1428 1508 traduount.

314 1553 402 1627 Sane
422 1552 634 1628 Chemnitius
660 1554 820 1628 audacter
843 1552 966 1628 asserit
991 1551 1224 1654 quaestionem
1248 1549 1340 1625 hano
1357 1564 1434 1650 post

312 1666 492 1765 Augustini
510 1682 660 1769 tempora
676 1668 831 1769 ooopisse
848 1666 1013 1742 herodius
1029 1666 1206 1766 dt'sputuri,
1222 1681 1336 1766 putres
1352 1689 1433 1739 reru

313 1781 433 1856 eodem
457 1780 646 1882 Augustino
670 1782 898 1884 antiquiores:
923 1808 989 1855 uou
1017 1782 1118 1870 odeo,
1146 1781 1273 1883 inquit,
1300 1781 1435 1882 [uruat

313 1899 441 1996 sopori,
470 1896 567 1983 duri,
597 1897 725 1972 tundi
753 1912 784 1972 et
816 1900 992 1986 immunes,
1026 1912 1065 1971 ut
1094 1896 1229 1995 coniugi
1261 1894 1434 1970 innocenti

317 2010 459 2085 alterum
485 2011 624 2086 ineundi
649 2012 856 2088 connubium
873 2011 1065 2087 [acuitatem
1091 2011 1349 2111 denegaverint,
1377 2008 1435 2084 sed

316 2123 493 2200 doouuum
515 2129 656 2215 rectius,
678 2132 904 2228 praestantius
928 2141 961 2201 et
979 2129 1157 2231 persenties
1181 2153 1267 2214 esse,
1287 2127 1435 2200 sietium

317 2240 396 2326 itte,
425 2242 486 2341 qui
508 2241 550 2314 ub
575 2241 727 2317 aduitem
750 2257 927 2344 soporatus
947 2258 1015 2330 est,
1042 2244 1096 2318 uel
1119 2257 1251 2317 moueat
1272 2244 1343 2316 siue
1358 2267 1436 2315 eou-

317 2355 420 2453 t‘upio,
432 2356 485 2429 oei
500 2357 744 2432 reconciliatum
758 2385 896 2432 osorem
906 2384 1022 2432 rursus
1037 2360 1175 2458 recepiret
1191 2357 1435 2455 (17⁰).Verum

315 2469 400 2570 quid
423 2470 591 2548 senserint
608 2489 722 2572 putres
735 2473 924 2574 Augustino
940 2475 1148 2576 antiquiores
1165 2474 1209 2548 ab
1227 2487 1337 2548 aetate
1358 2498 1436 2573 apo

316 2582 435 2659 stolioa
459 2585 505 2661 ad
529 2612 559 2660 s.
580 2586 806 2687 Augustinum
831 2614 961 2689 usque,
993 2615 1036 2663 ex
1066 2588 1179 2663 allatis
1208 2588 1361 2688 ipsorum
1389 2601 1436 2660 te·

317 2699 487 2774 stimoniis
516 2700 651 2775 abunde
681 2701 802 2803 liquet.
824 2702 904 2777 ldeo
926 2728 1007 2779 vero
1032 2730 1062 2778 s.
1081 2703 1258 2778 liootorem
1289 2702 1435 2803 primum

316 2811 420 2887 huius
445 2812 618 2891 doetrinae
642 2832 812 2892 auctorem
839 2818 985 2909 iaoiunt,
1007 2818 1099 2920 quod
1116 2819 1196 2894 datu
1210 2844 1313 2920 opera
1329 2841 1435 2918 quae·

317 2928 460 3003 stionem
478 2928 568 3005 hano
584 2930 675 3006 omui
693 2931 759 3007 sub
775 2951 916 3035 aspectu
928 2934 1130 3010 dissuaserit
1142 2934 1178 3008 in
1191 2934 1325 3009 duobus
1337 2957 1436 3034 prue-

317 3042 434 3119 sortim
458 3045 508 3118 De
533 3048 694 3146 oouiupiis
719 3047 915 3124 mutuans
940 3050 983 3124 ad
1009 3049 1208 3125 Pollentium
1236 3047 1346 3123 libris.

390 3159 455 3234 Hie
479 3161 608 3263 quippe
633 3189 662 3237 s.
684 3164 909 3264 Augustinum
935 3166 1001 3241 huo
1024 3166 1068 3240 de
1092 3164 1291 3266 quaestione
1311 3188 1436 3239 oonsu-

315 3274 441 3365 luerat,
470 3303 511 3352 ao
535 3305 574 3353 ss
598 3277 633 3352 in
657 3306 733 3354 eam
759 3281 961 3357 sententium
985 3308 1192 3383 propensum
1217 3280 1432 3381 patefecerat,

317 3391 477 3466 nimirum
504 3419 607 3493 posse
637 3396 814 3494 ooniugem
848 3396 1079 3484 innocentem,
1107 3396 1251 3470 dimisso
1282 3392 1435 3468 adultero

318 3507 474 3606 ooniuge,
494 3509 590 3584 alteri
615 3537 654 3586 se
677 3511 858 3612 oopuiure:
879 3539 947 3614 quo
966 3539 1070 3589 sensu
1087 3537 1125 3588 se
1142 3511 1329 3610 intelligere
1344 3509 1435 3609 Apo·

317 3621 394 3696 stoli
421 3638 546 3699 textum
572 3625 789 3701 1.cor.v11.
811 3628 985 3728 professus
1010 3643 1073 3703 est.
1343 3621 1346 3629 ’

389 3738 424 3811 S.
445 3739 653 3839 Augustinus
679 3768 700 3815 a
722 3768 799 3844 oap.
821 3744 849 3816 l.
870 3743 914 3816 ad
939 3742 1025 3816 vln.
1045 3742 1214 3819 eiusmodi
1238 3743 1435 3842 iuterpreta-

318 3852 443 3927 tiouem
461 3854 605 3944 resellis,
625 3855 750 3930 deinde
766 3882 841 3959 oap.
864 3858 920 3931 lx,
942 3857 989 3932 ita
1005 3858 1200 3958 aggreditur
1217 3857 1435 3958 praecipuum

317 3966 472 4042 Pollentii
497 3986 751 4068 argumentum,
780 3971 872 4072 quod
897 3972 1024 4072 pariter
1048 3989 1100 4047 est
1116 3971 1265 4047 Achilles
1283 3971 1434 4046 omnium

317 4080 586 4158 adversariorum
612 4085 827 4184 evangelicae
851 4102 884 4161 et
901 4085 1105 4188 apostoiioao
1122 4086 1313 4174 doetrinae,
1334 4099 1436 4184 atque

318 4198 365 4272 ita
382 4197 557 4273 dissolvit:
573 4200 669 4275 «Cur
680 4228 777 4301 ergo,
798 4201 932 4303 inquis,
955 4202 1157 4302 interposuit
1172 4201 1337 4278 Dominus
1353 4226 1433 4276 oau-

393 4349 459 4412 (tto)
474 4352 600 4403 Boeotis.
611 4365 684 4405 sorte.
695 4352 758 4406 trtd.
771 4356 800 4406 tu
810 4367 870 4406 curs.
880 4356 935 4405 tm.
946 4368 1007 4407 sess.
1017 4357 1103 4407 xxiv.
