3234 5084
312 444 382 516 itt
433 465 497 517 nu.
513 467 568 519 ru.
590 465 677 516 snm.
697 466 829 517 rursm.
851 466 892 517 ns
908 465 1022 518 murus.
1042 466 1139 522 urm.
1155 466 1279 521 enusr.

312 582 450 677 fierent,
479 583 649 660 connubia
673 583 720 656 ita
745 583 833 656 inter
857 609 896 657 ss
920 599 1173 672 conuexerant,
1193 601 1231 660 ut
1248 584 1292 659 iis
1314 583 1429 661 linerat

311 696 457 774 divortia
474 700 595 775 iuuere.
613 699 679 786 Qui
698 715 871 799 praeterea
883 698 1039 775 observet
1054 700 1240 775 sententiae
1251 701 1354 799 Hugii
1371 701 1430 776 ud-

310 813 438 888 versari
464 813 694 890 auctoritatem
713 839 743 886 s.
754 811 950 910 Augustini,
966 814 1025 914 qui
1044 813 1162 887 scribit
1182 841 1237 914 ep.
1254 815 1423 889 tmtx.

313 928 515 1005 «Ambobus
540 929 669 1031 qnippe
692 926 888 1002 christianis
910 927 986 1027 (qui
1004 927 1134 1003 scilieet
1149 945 1183 1003 et
1198 954 1240 1002 en
1261 929 1431 1005 iudaismo

311 1058 405 1118 etex
431 1042 615 1142 gentilitate
638 1057 719 1116 sunt
743 1040 921 1115 christiani
945 1040 1072 1138 eiieoti)
1099 1043 1264 1117 Dominus
1293 1069 1431 1143 praece-

311 1159 362 1259 pit
382 1185 425 1233 ne
446 1159 628 1260 quisquam
655 1156 803 1254 dimittat
826 1182 966 1232 uxorem
993 1172 1134 1256 exeepta
1157 1182 1261 1231 causa
1289 1156 1431 1233 somin-

314 1273 416 1348 tionis
431 1274 549 1371 (d'i).n

386 1386 484 1474 Quod
498 1388 529 1462 si
541 1386 673 1462 diareus
685 1402 719 1461 et
731 1386 839 1461 Lucas
857 1384 991 1462 silentio
1008 1386 1251 1487 praeterierunt
1262 1387 1430 1486 exceptio·

313 1527 391 1576 nem
407 1500 447 1574 de
465 1527 566 1575 cussa
578 1501 818 1601 fornicationis,
839 1526 906 1574 non
925 1499 1002 1575 ideo
1019 1500 1054 1573 id
1071 1500 1197 1575 iactum
1214 1516 1285 1589 est,
1300 1517 1339 1575 ut
1351 1500 1429 1600 Hug

313 1617 507 1716 suspicatur
520 1673 531 1705 ,,
561 1616 653 1716 quod
676 1615 864 1690 Matthaeus
895 1615 930 1689 in
958 1616 1102 1714 gratiam
1128 1616 1430 1717 palaestinensium

313 1732 508 1832 scripserit,
531 1730 591 1806 alii
615 1758 695 1806 vero
719 1731 764 1804 ad
789 1730 994 1805 erudiendos
1011 1731 1176 1830 gentiles,
1197 1758 1237 1806 au
1254 1746 1431 1832 propterea

312 1845 485 1920 diuersam
511 1845 696 1920 doctrinam
721 1845 855 1920 iudaeis
880 1847 1050 1921 conversis
1073 1846 1133 1949 iiie
1158 1845 1371 1948 proposuerit
1385 1845 1431 1921 ab

313 1986 371 2050 ea,
392 1987 495 2061 quam
513 1960 572 2035 alii
590 1961 658 2035 duo
682 1978 929 2062 proposuerunt
952 1961 1107 2060 gentibus
1132 1961 1351 2037 christianam
1376 1988 1432 2036 re·

314 2075 473 2173 ligionem
498 2075 685 2177 professis3
716 2075 777 2151 sed
800 2076 845 2151 ob
870 2076 1017 2152 rationes
1042 2103 1129 2177 quus
1153 2076 1247 2177 ipsos
1270 2076 1373 2151 Marci
1397 2093 1433 2151 et

316 2189 425 2265 Lucae
448 2205 558 2267 textus
582 2190 808 2291 expendentes
833 2190 994 2292 deinceps
1019 2191 1213 2267 asseremus.

389 2305 488 2393 Quod
514 2306 648 2381 demum
679 2322 810 2407 spectat
838 2306 1017 2406 auligeri
1049 2307 1291 2408 expositionem
1321 2322 1431 2382 textus

313 2420 431 2495 Matth.
450 2422 555 2511 xlx„
570 2422 742 2496 Christum
762 2422 919 2497 videlieet
940 2422 984 2496 ad
1005 2437 1149 2497 mentem
1174 2420 1445 2524 pharisaeorum

315 2526 533 2639 respondisse
556 2556 595 2613 ut
614 2539 828 2640 interpretem
852 2539 938 2638 legis
962 2539 1150 2627 mosaicae,
1171 2538 1255 2611 nihii
1272 2538 1431 2612 addimus

314 2654 357 2728 iis
383 2681 472 2756 quae
496 2655 565 2728 iam
591 2655 762 2730 attulimus
787 2655 869 2728 dum
894 2655 1106 2730 sententiam
1120 2654 1155 2726 in
1181 2654 1354 2754 superiore
1370 2681 1432 2755 pu-

315 2770 483 2869 ragrapho
508 2769 645 2844 allatam
669 2771 964 2872 expenderemus;
1000 2769 1168 2870 siquidem
1199 2769 1317 2843 eadem
1346 2769 1432 2845 haee

314 2886 479 2985 expositio
504 2901 555 2961 est
574 2912 615 2961 ao
640 2885 699 2959 illa
723 2912 812 2987 quae
828 2885 1127 2962 aiiottaetNaohi
1153 2886 1339 2985 exoogitata
1363 2902 1427 2961 est.

809 3108 847 3207 p.
876 3108 927 3180 u.

352 3299 505 3365 erpenuitnr
516 3302 616 3353 iliorum
627 3303 746 3367 pinsitum
762 3303 807 3368 qui
822 3317 909 3355 rocem
927 3298 1037 3371 πορνεία
1054 3308 1182 3371 exponunt
1191 3306 1224 3358 du
1234 3307 1394 3358 seminatione

548 3384 588 3434 rei
603 3384 695 3448 flagitio
711 3387 768 3435 ante
783 3383 873 3435 initum
887 3386 1070 3437 matrimonium
1086 3388 1191 3453 patrato.

388 3568 452 3656 Qui
482 3570 528 3644 ita
552 3571 703 3646 sentiunt
726 3597 842 3648 vocem
866 3557 1032 3669 μοιχεία
1057 3597 1145 3672 quae
1168 3570 1368 3645 mulonem
1384 3571 1432 3645 si·

314 3685 454 3784 gnificat
479 3685 598 3762 sedulo
622 3687 836 3786 distinguunt
851 3715 872 3761 a
888 3715 970 3764 voce
994 3672 1150 3787 repotia
1175 3712 1262 3787 quae
1285 3687 1432 3787 [amieo-

316 3804 434 3875 tiooem
458 3803 606 3890 indicat,
627 3830 782 3904 quaeque
798 3805 833 3876 in
851 3831 970 3904 pressa
996 3830 1058 3879 sua
1084 3802 1330 3901 significatione
1347 3829 1432 3877 non-

315 3915 383 3990 nisi
407 3934 500 3992 extra
525 3919 742 4017 coniugium,
770 3946 832 3993 sen
862 3921 949 3994 inter
977 3946 1140 4021 personas
1165 3917 1296 3994 solutes
1320 3918 1430 3993 ioeum

313 4031 440 4108 hahere
467 4049 590 4133 potest.

387 4149 438 4222 lta
455 4174 534 4223 vero
545 4148 582 4221 hi
597 4176 693 4224 snam
711 4151 1016 4253 interpretationem
1033 4168 1224 4254 exponunt:
1247 4152 1334 4226 Loca
1352 4151 1433 4225 idat·

316 4260 406 4335 thasi
430 4263 480 4336 sio
504 4265 600 4338 reddi
624 4265 769 4353 debent,
790 4282 828 4339 ut
845 4294 967 4343 sensus
990 4266 1143 4343 litteralis
1168 4267 1229 4342 sit:
1259 4270 1369 4341 lesum
1396 4266 1431 4338 in

387 4413 437 4476 (ti)
456 4408 559 4466 tiuiuoel
573 4418 715 4468 commui.
730 4420 759 4469 tn
775 4418 822 4470 tto.
836 4421 869 4470 Ν.
883 4421 911 4472 r.
923 4419 1014 4473 tristor.
1025 4420 1055 4472 ud
1069 4433 1124 4485 esp.
1137 4422 1167 4470 v.
1183 4425 1221 4471 tr.
1232 4426 1271 4472 tt.
1282 4417 1370 4470 Meni.
