3234 5084
320 449 390 501 car.
403 446 452 499 m.
465 447 505 500 ιι
523 448 619 501 emsa
637 448 728 500 rnen.
741 447 804 500 ern.
818 448 930 502 mnus.
943 450 1039 502 uara.
1052 450 1171 504 men.
1226 431 1296 504 111

185 591 252 641 non
265 564 438 640 discedere
450 564 608 640 dicimus.
624 565 690 639 Sed
703 566 734 640 si
747 564 941 640 discesserit
953 592 1088 641 manere
1105 567 1293 667 innuptam,

184 698 243 756 aut
271 682 345 756 viro
376 705 439 755 suo
474 679 682 756 reconciliari
713 682 899 781 secundum
923 681 1119 782 Apostolum
1148 684 1293 779 (168),»

184 794 242 869 ubi
268 794 361 871 nulla
386 794 537 895 exceptio
561 795 753 896 apponitur.
775 795 879 870 Paulo
897 812 974 870 ante
998 796 1170 870 attulimus
1197 782 1298 873 oenc-

183 936 261 985 nem
270 911 365 983 vm
377 910 564 1013 recipienda
575 910 1097 1011 adulterupostpoertiteott'umex
1109 912 1295 988 canonibus

182 1051 214 1101 s.
231 1026 374 1100 Patricio
398 1025 590 1126 adscriptis.
606 1026 693 1099 Huic
711 1053 800 1100 nunc
816 1026 957 1100 alterum
975 1026 1152 1116 addimus,
1175 1054 1297 1129 nempe

182 1142 333 1215 xxxlll.
348 1141 408 1215 lib.
423 1142 593 1237 nemea
616 1142 757 1242 antiqua
781 1142 975 1216 collectione
999 1168 1166 1216 canonum
1184 1144 1298 1217 hiber·

184 1258 360 1345 neumam,
385 1257 486 1330 huius
507 1259 652 1355 tenoris:
675 1258 883 1359 «Synodusz
904 1259 946 1331 Ut
962 1257 1082 1331 mulier
1098 1259 1211 1332 iuncta
1236 1259 1296 1333 alii

182 1371 256 1445 viro
273 1398 376 1446 causa
392 1370 567 1461 adulterii,
591 1373 877 1446 excommunicata
893 1373 953 1446 liat
969 1371 1167 1461 delinimus,
1189 1372 1296 1448 donec

183 1486 421 1586 poenitentiam
444 1502 547 1585 aget;
575 1502 606 1560 et
625 1501 701 1586 post
719 1489 952 1586 poenitentum
979 1489 1203 1561 mmocilt'etcr
1224 1491 1296 1562 ot'ro

181 1627 240 1674 suo
256 1602 391 1697 (269).o
404 1602 556 1702 ldipsum
574 1602 792 1675 constitutum
809 1602 1036 1703 comperimus
1055 1602 1090 1676 in
1107 1601 1295 1678 canonibus

181 1715 409 1805 Addamnari,
437 1717 491 1790 vel
514 1716 751 1792 Addominari:
771 1717 860 1792 «Sic
884 1734 918 1792 et
941 1718 1076 1805 mulier,
1097 1718 1128 1791 si
1153 1706 1296 1793 dimissa

180 1830 281 1905 luerit
304 1857 345 1905 ex
367 1832 440 1907 viro
466 1858 547 1921 suo,
577 1859 643 1907 non
669 1846 799 1932 oportet
820 1832 879 1905 alii
896 1833 969 1906 viro
986 1831 1153 1934 copulari,
1174 1859 1294 1933 quam·

181 1946 241 2018 diu
266 1945 367 2021 luerit
389 1946 443 2022 rir
465 1948 540 2021 eius
564 1948 601 2019 in
627 1972 765 2048 corpore
789 1949 904 2046 prior;
929 1946 990 2021 sed
1011 1947 1200 2048 expectabit
1215 1972 1293 2021 eum

181 2061 325 2160 innupta
344 2062 490 2136 inomni
510 2062 714 2163 poenitentia
738 2078 771 2136 et
795 2063 965 2150 castitate,
985 2062 1015 2136 si
1033 2061 1115 2135 lorte
1131 2061 1188 2135 det
1203 2062 1295 2138 Deus

180 2177 420 2276 poenitentiam
446 2176 481 2249 in
506 2177 607 2252 corde
629 2178 693 2252 viri
718 2178 792 2252 eius
809 2162 932 2274 (110)»
948 2192 985 2250 ut
1000 2175 1068 2250 alia
1084 2177 1291 2252 omittamus.

252 2292 359 2390 Igitur
381 2307 508 2365 certum
533 2309 586 2366 est
608 2292 797 2366 obtinuisse
828 2308 895 2365 tam
920 2292 956 2364 in
982 2289 1104 2389 Anglia
1129 2317 1231 2392 quam
1257 2291 1293 2364 in

180 2404 341 2479 Hibernia
366 2406 552 2480 doctrinam
572 2405 614 2479 de
632 2406 758 2479 vinculi
785 2405 972 2504 coniugalis
998 2405 1294 2482 indissolubilitate

165 2520 281 2625 Letiam
307 2521 342 2595 in
367 2548 450 2596 casu
473 2520 630 2597 adulterii
659 2539 728 2596 tum
754 2536 832 2595 ante
850 2521 1015 2596 Theodori
1040 2536 1201 2609 aetatem,
1221 2536 1292 2594 tum

179 2633 245 2708 sub
269 2635 387 2709 οοᾶοιιι
408 2636 594 2710 Theodoro.
612 2634 679 2722 Qut
703 2635 806 2734 igitar
831 2634 954 2709 lactum
979 2651 1049 2723 est,
1070 2651 1109 2708 ut
1126 2634 1294 2709 conuaria

180 2745 330 2822 doctrina
354 2750 525 2849 irrepserit
550 2749 584 2823 iu
608 2747 772 2823 adductos
797 2746 970 2822 canones?
987 2747 1025 2820 ld
1043 2748 1226 2845 contigisse
1242 2773 1293 2821 arr·

179 2858 344 2934 bitramur
367 2890 409 2937 ex
440 2848 574 2962 legibus
598 2862 775 2950 civilibus,
803 2861 1008 2963 quasillum
1033 2861 1292 2937 dissolutionem

180 2990 382 3063 sanxerunt3
410 2978 469 3081 qui
494 2976 636 3077 proinde
659 2976 736 3050 illes
762 2976 975 3051 collectiones
1001 2977 1160 3079 temperis
1184 2993 1293 3053 tractu

179 3087 400 3177 adornarunt,
420 3106 459 3164 ut
478 3091 594 3191 aliqua
620 3092 750 3166 ratione
771 3117 811 3165 se
828 3117 867 3164 se
884 3090 952 3165 illis
976 3092 1289 3181 accommodarent,

178 3218 212 3277 et
223 3202 338 3304 aliquo
351 3204 450 3279 modo
468 3204 678 3303 indulgerent
694 3205 877 3281 saxonibus
890 3205 1002 3280 adhuc
1014 3207 1051 3279 in
1063 3207 1132 3283 fide
1148 3207 1292 3282 infirmis

176 3318 343 3422 valdeque
359 3319 504 3394 addictis
522 3320 756 3394 consuetudini
769 3322 896 3422 patriae
908 3347 1063 3419 graecam
1075 3321 1291 3421 disciplinam

177 3432 432 3509 introduxerunt
456 3435 491 3509 in
516 3435 692 3510 ecclesiam
717 3435 1040 3534 anglo-saxonicam.

248 3549 290 3622 Et
315 3549 428 3648 reipsa
449 3547 472 3621 l.
492 3551 526 3622 t.
544 3549 618 3623 eod.
636 3550 756 3624 lustin.
773 3552 826 3623 tit.
843 3552 892 3623 lte
908 3551 1054 3649 repudiis
1072 3549 1210 3624 Novella
1226 3549 1285 3623 tt.

177 3686 208 3734 c.
225 3663 260 3736 ’1.
277 3662 336 3739 illa
352 3662 533 3738 dissolutio
552 3664 712 3738 sancitur.
730 3664 769 3736 ld
786 3665 898 3767 ipsum
919 3665 1135 3739 confirmatur
1152 3692 1192 3741 ex
1209 3663 1286 3738 coll.

175 3774 236 3849 lib.
256 3778 300 3850 ll.
320 3805 395 3882 cap.
418 3782 477 3853 ta.
497 3780 535 3879 §-
557 3782 591 3854 'l.
619 3782 678 3855 to.
705 3784 763 3853 12.
789 3783 848 3853 21.
869 3782 928 3855 tt.
955 3783 1013 3854 32.
1039 3779 1137 3867 Quod
1161 3780 1288 3854 dictum

248 3980 314 4046 (tes)
330 3984 401 4048 apoc
416 3985 632 4037 wasserschleben
643 3998 684 4050 op.
693 3984 736 4036 ctt.
748 3983 858 4036 ordtues
867 3982 1069 4049 poenttenttutet
1079 3984 1129 4034 ete.

248 4059 315 4123 (tae)
328 4065 394 4114 Hecu
412 4065 523 4118 collectio
542 4066 607 4117 taeta
620 4066 658 4117 est
669 4078 718 4115 sec.
728 4065 798 4114 vm.
814 4077 830 4114 a
845 4062 953 4127 quodum
967 4062 1085 4114 srbedoe.
1103 4063 1162 4113 Post
1183 4061 1288 4125 allegata

174 4138 249 4191 rerba
258 4140 344 4203 synodi
356 4143 492 4195 relatumur
504 4159 534 4196 ea
550 4158 615 4210 quae
628 4144 756 4195 attulimus
767 4156 798 4195 ex
811 4156 831 4193 s.
839 4142 953 4193 Patrlolc:
967 4162 980 4185 «ι
988 4143 1014 4192 Sl
1025 4141 1129 4193 allcnlus
1140 4154 1203 4192 uxor
1214 4140 1288 4192 lornl·

173 4219 311 4273 minent
324 4223 371 4273 etc.
383 4223 421 4273 ct.
432 4225 496 4290 apud
506 4226 655 4277 neoterium
666 4225 692 4275 tn
701 4224 840 4290 sptctlectc
848 4221 887 4275 ed.
898 4222 975 4274 Parta.
986 4225 1055 4275 ¹72³.
1065 4224 1128 4274 tom.
1139 4224 1219 4289 lpas.
1231 4226 1287 4274 tot.

174 4302 200 4352 ct
209 4304 264 4353 514.

244 4378 311 4445 (²⁷⁰)
327 4381 398 4447 Apud
415 4382 630 4436 Wasscrsehlebea
648 4396 689 4449 op.
705 4382 750 4435 tlt.
761 4381 784 4447 §.
794 4385 833 4434 44.
