3234 5084
211 462 217 471 ·
306 460 376 512 cru.
387 459 432 512 vr.
444 458 484 509 nn
499 457 578 508 nass.
592 457 687 508 nura.
702 456 786 520 arri,
802 456 868 508 sou
882 456 1185 511 consustinuit.
1240 437 1309 508 ott

192 577 376 663 oernenda,
405 602 493 676 quae
524 573 568 648 ad
598 573 761 648 eeclesiae
790 599 874 648 suae
903 574 1029 649 mnum
1061 601 1101 650 ae
1132 576 1311 651 utilitatem

193 694 336 780 faciunt,
364 718 430 766 non
456 716 558 791 posse
583 689 688 764 huius
715 690 891 790 potestatis
918 690 1105 766 snhieetunr
1130 718 1172 767 sa
1195 693 1246 766 uti
1266 695 1312 767 ad

190 835 231 883 ea
256 807 479 894 moderanda,
507 831 597 906 quae
620 804 783 880 diuinitus
813 805 995 880 constituta
1016 823 1107 882 suut.
1129 808 1311 908 lleeeptum

190 942 243 1001 est
267 924 489 1023 prineipium,
519 923 610 1022 quod
636 923 695 1022 qui
721 947 782 1022 per
806 922 911 996 alium
937 922 1018 996 lacit
1043 949 1102 1022 per
1130 950 1168 998 se
1197 926 1311 1025 ipsum

190 1040 303 1113 lacere
331 1052 498 1112 censetur.
529 1036 617 1109 Dum
647 1036 750 1132 igitur
780 1034 925 1111 ecelesia
954 1036 1090 1112 nomine
1119 1036 1243 1112 Christi
1277 1055 1313 1113 et

191 1172 356 1255 potestate
380 1154 424 1228 ab
449 1180 489 1228 eo
514 1169 652 1253 aceepta
675 1152 807 1253 aliquid
838 1153 1029 1241 constituit,
1057 1153 1131 1253 ipse
1155 1153 1317 1255 Christus·

192 1272 227 1344 id
251 1270 455 1345 constituero
485 1269 678 1343 oensondus
709 1287 773 1343 eet.
794 1270 906 1343 Tertio
934 1268 1082 1369 denique
1112 1268 1169 1342 hie
1197 1286 1311 1344 auowr

191 1412 253 1485 pro
277 1401 367 1460 nerto
393 1384 552 1471 assumit,
581 1385 673 1484 quod
704 1398 814 1458 umen
846 1383 890 1457 ab
917 1382 996 1457 aliis
1023 1383 1098 1456 iure
1126 1383 1311 1484 meritoque

192 1517 354 1600 negatur,
383 1500 540 1573 nimirum
564 1499 679 1575 divina
705 1499 916 1574 institutione
932 1497 1183 1572 matrimonium
1202 1515 1310 1573 ratum

190 1642 268 1691 esse
285 1640 420 1716 prorsus
439 1614 630 1689 insolubile.
659 1614 823 1701 Quocirca
847 1628 1081 1715 praeterquam
1105 1614 1198 1714 quod
1220 1615 1309 1689 eius-

191 1732 282 1832 modi
312 1746 545 1828 argumentum
576 1730 697 1804 lalsum
726 1747 761 1805 ot
789 1729 956 1805 absonum
985 1746 1061 1818 est,
1090 1730 1317 1830 sophisticum

189 1846 291 1918 etiam
314 1872 391 1920 esee
415 1844 692 1946 deprehenditur.

265 1960 363 2047 Quod
379 1978 499 2062 quarto
517 1960 591 2035 loco
609 1962 810 2060 proponitur
826 1962 872 2035 do
887 1960 1005 2035 eadem
1023 1962 1171 2037 meantia
1187 1960 1312 2035 utrius-

190 2101 257 2175 que
282 2075 431 2172 eoniugii
457 2091 528 2147 tum
551 2076 615 2149 rati
640 2092 710 2150 tum
727 2076 968 2163 consummati,
989 2076 1115 2176 quihus
1133 2093 1309 2175 propterea

190 2190 308 2263 eadem
333 2189 490 2263 convenit
512 2189 681 2277 delinitio,
709 2190 925 2264 verissimum
950 2206 1017 2278 est,
1047 2191 1229 2266 dummodo
1260 2207 1310 2265 ta-

190 2330 268 2378 men
293 2304 489 2378 admittatur
513 2304 668 2379 diuersus
693 2304 780 2397 inter
803 2322 986 2405 utrumque
1013 2306 1153 2404 gradus.
1173 2305 1310 2406 Exque

190 2418 316 2515 gradus
341 2418 536 2493 diuersitate
561 2418 653 2492 iuxta
678 2419 844 2520 quosdam
871 2418 1044 2516 theologos
1072 2420 1305 2520 eoussquitur‚

190 2549 228 2607 ut
251 2533 392 2607 alterum
415 2534 460 2608 sit
485 2533 738 2620 indissolubile,
768 2533 912 2609 ¹alterum
936 2560 1016 2608 vero
1046 2561 1106 2634 per
1125 2533 1322 2633 legitimam.

190 2650 421 2724 auctoritatem
439 2648 523 2725 solvi
543 2650 663 2750 possit.
685 2649 776 2724 Haec
794 2676 893 2749 porro
911 2650 1092 2725 diversitas
1114 2650 1150 2724 in
1166 2677 1207 2724 eo
1228 2677 1310 2725 uon·

190 2765 301 2851 sistit,
333 2765 424 2866 quod
454 2765 704 2839 matrimonium
736 2782 844 2839 ratum
877 2764 1011 2839 differat
1043 2793 1064 2840 u
1093 2767 1308 2841 matrimonio

191 2897 433 2966 consummato,
451 2897 490 2955 ut
507 2880 609 2954 iidem
635 2878 783 2978 theologi
803 2879 1002 2979 loquuntur,
1021 2881 1109 2955 siout
1126 2880 1309 2980 permotum

80 3053 90 3065 .
191 2994 304 3073 diflert
328 2997 371 3069 ab
399 2997 610 3096 imperfecto;
632 2997 666 3070 iu
693 2995 749 3070 illo
774 2996 865 3070 enim
890 2996 988 3070 deest
1004 3023 1085 3096 pars
1111 2993 1306 3094 integraliS,

190 3136 260 3208 qua
284 3110 456 3209 perlinitur
478 3112 689 3209 coniugium3
711 3110 796 3185 haee
821 3127 932 3184 autem
961 3111 1134 3210 integritus
1166 3111 1309 3186 habetur

191 3224 226 3298 in
250 3226 463 3300 matrimonio
479 3242 721 3300 consummato.
742 3226 831 3300 Hinc
848 3225 892 3299 ad
909 3252 987 3299 eum
1003 3226 1141 3301 mudum
1159 3252 1229 3326 quo
1250 3252 1308 3300 aa·

191 3342 269 3414 dom
294 3343 451 3415 convenit
474 3341 628 3417 definitio
651 3341 781 3415 homini
809 3341 938 3439 integro
964 3358 1065 3441 atque
1081 3341 1245 3442 perfeeto,
1266 3367 1308 3415 ae

191 3458 319 3533 homiui
333 3458 387 3530 eui
404 3484 482 3558 pars
496 3456 667 3556 integralis
684 3457 799 3557 aliqua
817 3457 930 3544 deest,
951 3473 1066 3556 utpote
1083 3483 1194 3544 caeco,
1211 3482 1308 3531 mau-

189 3599 247 3660 oo,
275 3572 414 3660 claudo,
443 3573 548 3648 surdo
576 3590 656 3660 ote.;
674 3598 736 3647 uec
761 3591 873 3647 tamen
892 3599 959 3647 non
987 3590 1097 3673 potest
1121 3573 1221 3648 homo
1243 3572 1308 3647 hae

127 3706 136 3726 ⁸
192 3688 319 3763 ratione
341 3688 557 3790 imperfectus
584 3690 700 3764 eadem
726 3702 914 3789 praestaro,
943 3714 1032 3789 quae
1062 3706 1179 3788 posset
1206 3689 1307 3763 homo
1401 3706 1405 3715 “

97 3803 102 3811 ’
191 3803 319 3902 integer
342 3823 444 3906 atque
469 3805 654 3906 perlectus,
681 3806 732 3879 sio
757 3805 1007 3879 matrimonium
1037 3821 1307 3879 consummatum

189 3919 225 3990 id
252 3919 353 3993 habet
374 3939 413 3995 ut
431 3922 477 3994 sit
492 3920 686 3996 omnimode
710 3920 891 3995 insolubile
907 3921 988 3994 dum
1007 3936 1118 3994 ratum
1135 3921 1309 3995 matrimo·
1375 3976 1380 3985 ·

190 4032 284 4105 nium
310 4050 421 4109 manet
437 4034 594 4109 solubile.
615 4036 687 4119 Huc
711 4035 1030 4117 autemdiserimen
1056 4035 1197 4109 vocibus
1220 4034 1321 4133 ipsis·

190 4148 403 4246 designatur,
420 4152 544 4250 quihus
562 4152 822 4226 denominantur
838 4167 1093 4224 consummatum
1109 4167 1140 4222 et
1156 4178 1220 4223 ooo
1233 4178 1308 4223 oen-

189 4280 397 4338 eummatum.
420 4265 507 4352 Quid
533 4268 622 4340 enim
648 4267 741 4343 aliud
765 4267 932 4365 signifieat
947 4282 1215 4341 consummatum
1239 4266 1307 4339 nisi

186 4382 386 4480 perfeetum,
407 4396 441 4457 et
455 4381 757 4459 inconsummatum
771 4383 843 4459 sive
857 4399 964 4458 ratum
979 4382 1044 4458 uisi
1060 4383 1307 4482 imperfectum?

1187 4496 1207 4541 t
