3234 5084
362 395 430 468 trs
504 414 566 466 tu.
578 414 627 466 ιιι.
643 411 730 465 sacr.
745 414 877 466 ιιιιιι.
893 414 934 475 ιι,
950 414 1063 467 maus.
1079 415 1174 467 rara.
1191 414 1315 467 emur,

358 533 526 610 eiusmodi
557 532 709 607 doctrina
732 531 776 607 de
800 530 1099 609 indissolubilitatc
1129 532 1324 609 omnimoda
1350 537 1473 610 coniu-

359 650 447 749 galis
471 648 643 725 societatis
668 646 767 722 talem
785 674 826 723 ae
843 664 970 724 tanmm
995 649 1158 725 malorum
1183 650 1374 748 congeriem
1390 676 1475 725 oon·

360 764 495 863 iugibus
528 765 711 862 ingruere,
746 764 873 864 quihus
906 790 1022 839 eorum
1052 788 1110 837 cor
1133 766 1336 866 animusque
1366 765 1472 841 vetuti

360 878 570 954 obruuntur?
587 879 681 966 Quae
698 878 835 952 tandem
851 893 903 952 est
920 879 1084 953 ea‘lerrea
1101 877 1270 966 doctrina,
1290 905 1380 979 quae
1395 906 1474 954 oon-

361 993 457 1092 iuges
481 1009 579 1091 cogat
594 992 637 1065 ad
654 991 757 1066 vitam
782 1009 944 1091 perpetuo
968 991 1156 1065 ducendam
1182 994 1269 1066 inter
1293 993 1473 1068 innumera

359 1108 509 1208 corporis
530 1108 703 1206 animique
721 1106 890 1211 pericula,
910 1133 998 1207 quae
1013 1134 1055 1180 ex
1072 1106 1255 1182 acerbitate
1296 1110 1470 1183 raesertim

357 1222 484 1297 doloris
497 1237 717 1309 enascuntur,
734 1248 837 1321 quum
851 1220 1081 1295 infidelitatem
1095 1221 1249 1319 coniugis
1262 1135 1346 1295 alter
1356 1249 1472 1323 exper-

358 1353 414 1412 tus
439 1353 511 1424 est,
536 1362 578 1410 ιο
609 1335 767 1410 iniuriam
799 1334 1011 1437 perpessus?
1037 1335 1251 1411 Intolerabile
1276 1363 1359 1411 eane
1382 1338 1473 1413 vitae

358 1479 488 1552 genus,
514 1452 606 1553 quod
630 1451 781 1526 humana
805 1450 1019 1527 imbecillitas
1038 1452 1094 1525 vix
1114 1467 1171 1525 aut
1192 1477 1236 1525 ne
1253 1452 1308 1524 vir
1330 1453 1471 1552 quidem

358 1567 444 1642 [erre
468 1583 589 1669 potest.
612 1567 710 1654 Quod
735 1568 767 1643 si
791 1568 953 1666 coniuges
979 1567 1091 1667 quoad
1116 1582 1224 1641 torum
1249 1565 1473 1643 cohabitatio-

357 1709 501 1785 nemque
527 1683 669 1758 invicem
695 1684 917 1782 seiungantur
933 1682 976 1756 ad
993 1681 1158 1757 eiusmodi
1181 1681 1271 1756 mala
1291 1682 1468 1772 lenienda,

357 1798 392 1871 in
409 1797 514 1872 alium
527 1796 702 1898 scopulum
714 1797 862 1871 incidere
874 1796 1012 1885 debent,
1027 1795 1214 1896 profitendo
1228 1797 1470 1873 continentiam

357 1939 399 1990 ac
421 1911 639 2000 caelibatum,
660 1914 715 1986 cui
733 1910 892 1986 sectando
909 1938 947 1985 se
964 1911 1111 2012 impares
1135 1912 1301 2000 sentiunt,
1323 1939 1399 1987 oum
1419 1930 1470 1989 ta·

357 2026 401 2101 lis
427 2025 583 2114 nonsit,
609 2042 647 2099 ut
669 2026 778 2113 aiunt,
801 2051 916 2100 eorum
941 2027 1091 2116 vocatio,
1119 2026 1248 2101 calente
1270 2030 1468 2127 praesertim

269 2144 272 2154 '
359 2159 462 2242 atque
484 2140 720 2216 effervescente
742 2140 880 2216 iuventa
903 2140 938 2215 in
960 2141 1003 2217 iis
1024 2141 1169 2216 maxime
1192 2142 1252 2243 qui
1277 2142 1469 2220 fervidioris

357 2255 426 2330 sint
450 2256 590 2357 ingenii.

428 2372 554 2474 Ecquis
580 2398 678 2472 porro
703 2399 769 2449 non
793 2372 907 2449 videat
930 2372 994 2449 hos
1019 2373 1055 2448 in
1073 2389 1223 2475 apertmn
1245 2372 1465 2474 delinquendi

356 2486 543 2587 periculum
561 2487 654 2561 iniici
671 2488 757 2563 dura
781 2488 845 2563 hac
869 2488 944 2588 lege
968 2488 1119 2564 detentos
1144 2488 1188 2562 de
1212 2515 1277 2562 non
1303 2487 1469 2563 iterandis

356 2602 501 2703 nuptiis,
516 2629 592 2677 cum
606 2630 709 2679 sanae
721 2603 848 2678 ethices
861 2604 1074 2691 detrimento,
1095 2605 1197 2679 immo
1213 2629 1292 2678 vero
1308 2618 1341 2676 et
1358 2603 1469 2675 iactu-

356 2714 420 2790 ra?
437 2717 588 2792 lndidem
612 2719 703 2792 enim
726 2717 829 2793 uoluti
847 2745 868 2791 a
884 2718 1048 2791 foecunda
1072 2733 1208 2818 parente
1233 2717 1384 2792 oriuntur
1406 2743 1476 2799 ner

355 2832 504 2905 cessario
533 2833 770 2919 scortationes,
803 2831 993 2919 adulteria,
1025 2831 1158 2933 elinque
1189 2832 1347 2930 flagitia,
1376 2854 1469 2931 quae

355 2945 456 3019 etiam
481 2945 641 3019 scandala
657 2945 953 3047 oblocutionesque
969 2946 1124 3048 publicae
1144 2946 1361 3034 comitantum
1386 2946 1466 3046 qui-

355 3059 421 3133 bus
438 3059 594 3134 omnihus
612 3060 710 3134 lacile
722 3062 850 3135 occurri
864 3077 978 3164 posset
991 3062 1132 3138 honesto
1148 3060 1326 3160 coniugio?
1337 3061 1466 3163 Ecquis

356 3176 511 3274 oomponi
538 3200 639 3275 posse
651 3192 808 3251 'autumet
833 3177 973 3252 ferream
990 3178 1079 3252 hanc
1095 3176 1201 3276 legem
1220 3176 1371 3251 camilla
1392 3176 1464 3275 iugi

353 3290 537 3391 evangelici
555 3291 710 3382 lenitate,
731 3293 774 3369 ob
791 3321 893 3395 quam
912 3293 1067 3368 Christus
1084 3317 1188 3368 suave
1204 3292 1318 3391 iugum
1332 3307 1365 3364 et
1376 3316 1466 3365 onus

353 3406 427 3482 leve
444 3410 662 3484 sectatoribus
680 3410 752 3485 suis
770 3436 808 3485 se
825 3411 1059 3510 impositurum
1083 3406 1318 3511 depraedicat?
1336 3408 1373 3478 ln
1397 3406 1465 3480 hac

353 3522 538 3625 hypothesi
555 3526 669 3625 iugum
689 3524 789 3626 plane
806 3552 872 3600 non
889 3525 1063 3600 ferendum
1080 3523 1272 3623 coniugium
1291 3522 1460 3597 evaderet.

427 3642 495 3715 Neo
511 3640 607 3717 obest
618 3643 673 3740 agi
686 3641 729 3715 de
741 3658 956 3743 temporanea
969 3657 1098 3715 tantum
1111 3639 1337 3740 separatione,
1355 3637 1466 3738 siqui·

353 3754 430 3829 dem
456 3754 522 3830 hoc
547 3755 658 3856 ipsum
683 3773 751 3845 est,
780 3757 870 3856 quod
897 3756 931 3828 in
956 3754 1174 3844 moralitatis,
1203 3780 1305 3856 quam
1321 3768 1459 3839 vocant,

352 3868 513 3943 damnum
538 3870 655 3967 vergit.
676 3871 758 3944 Nam
784 3871 814 3944 si
841 3870 932 3944 rixae
955 3896 996 3945 ac
1020 3869 1209 3944 discordiae
1230 3883 1458 3969 perseverent,

353 3984 387 4056 in
414 3983 546 4084 longius
571 4000 702 4084 tempus
727 3985 892 4060 eiusmodi
910 3984 1177 4086 protraheretur;
1197 3984 1228 4058 si
1245 4007 1369 4057 causae
1390 3982 1464 4055 dis-

352 4099 431 4173 sidii
457 4100 563 4174 mutui
589 4099 790 4189 subsistant,
821 4101 892 4176 lieri
919 4101 1051 4201 nequit,
1079 4114 1117 4173 ut
1141 4099 1207 4173 cito
1230 4098 1332 4174 animi
1351 4098 1462 4172 conci·

352 4212 486 4287 lieutur.
503 4214 599 4300 Quod
613 4215 643 4288 si
657 4215 837 4290 dissidium
851 4242 891 4289 ex
904 4230 1016 4314 spreta
1029 4214 1167 4288 thalami
1185 4213 1251 4288 fide
1269 4211 1457 4314 proveniat,

351 4328 407 4401 cui
434 4329 542 4403 honor
566 4330 657 4404 cordi
683 4347 751 4421 eet,
779 4357 963 4432 numquam
989 4330 1024 4403 in
1049 4331 1189 4429 gratiam
1211 4327 1461 4429 delinquentem
