3234 5084
309 459 609 513 memorarem
628 460 795 512 ramora.
810 460 1151 514 macometica.
1226 441 1294 515 ill

184 612 188 620 ·
250 581 293 655 Ut
316 581 452 655 demum
476 582 545 655 vim
571 579 711 657 eludant
733 581 894 656 luculenti
921 581 1005 656 adeo
1031 582 1217 657 testimonii
1240 582 1299 656 alii

178 715 347 799 reponunt
378 698 575 771 «Hermam
606 724 672 771 non
702 724 826 796 negare
856 698 941 773 solui
968 698 1217 774 matrimonium
1254 698 1299 774 ob

176 815 453 902 fornicationem,
474 840 536 887 noc
560 812 673 887 dicere
690 814 816 889 Christi
842 815 916 914 lege
936 816 1075 889 vetitum
1092 842 1169 889 esse
1195 842 1295 916 repu-

175 931 271 1004 diare
298 929 475 1028 coniugem
494 928 680 1003 adulteram
702 945 736 1005 ct
751 929 890 1004 alteram
915 930 1058 1018 ducere,
1077 931 1138 1004 sed
1164 946 1292 1005 tantum

177 1072 301 1144 negare
325 1045 410 1120 solvi
436 1042 687 1118 matrimonium
703 1043 739 1118 in
756 1066 858 1133 casn,
877 1044 937 1118 ubi
963 1073 1048 1121 uxor
1075 1044 1178 1120 semel
1201 1046 1301 1121 adul·

178 1177 284 1235 terata
299 1177 363 1235 est:
381 1187 470 1260 quae
483 1161 647 1233 sonantia
660 1186 701 1234 er
715 1159 806 1233 illius
822 1160 981 1260 temporis
996 1161 1178 1260 disciplina
1189 1177 1300 1236 ortum

177 1275 300 1350 ducere
327 1275 484 1363 videtur,
512 1276 605 1349 iuxta
635 1302 738 1375 quam
771 1275 888 1375 plures
918 1277 1094 1351 christiani
1124 1304 1186 1378 spe
1218 1304 1300 1377 poe-

180 1392 341 1466 nitentiae
358 1390 402 1465 ab
419 1390 570 1464 adultera
596 1392 760 1489 agendae,
780 1417 801 1465 a
819 1393 978 1466 secundis
998 1393 1138 1491 nuptiis¹
1150 1392 1302 1466 abstina-

178 1507 260 1582 bant
271 1510 388 1604 (tt).»
403 1505 469 1578 Alii
487 1530 528 1579 ex
540 1505 672 1580 verbis:
691 1506 786 1592 Quod
801 1509 834 1580 ai
845 1507 1008 1580 dimiserit
1021 1509 1190 1581 moliorem
1205 1533 1302 1581 auom

178 1623 325 1696 etaliom
337 1621 483 1706 donarit,
504 1636 535 1694 et
552 1623 620 1720 ipse
633 1623 837 1705 moechatur,
855 1621 986 1695 nullum
1008 1621 1136 1695 clarum
1162 1646 1301 1696 sensam

180 1737 253 1812 erui
271 1763 374 1837 posse
391 1751 577 1825 autumant,
600 1735 661 1810 sed
680 1736 889 1835 probabilius
915 1737 1046 1838 aliquid
1071 1736 1300 1836 supplendam

179 1878 276 1940 esse,
292 1851 445 1950 adeoque
471 1852 581 1925 locum
600 1852 745 1925 Hermae
763 1851 807 1925 ad
830 1852 1078 1951 perhibendum
1104 1853 1147 1926 do
1168 1851 1236 1925 fide
1255 1853 1304 1923 in-

180 1965 453 2041 dissolubilitatis
478 1967 707 2040 testimonium
733 1967 843 2067 impar
867 1968 1003 2041 omnino
1027 1993 1105 2040 esee
1125 1969 1213 2064 (20).
1234 1965 1302 2038 Alii

181 2098 350 2182 postremo
382 2082 554 2182 ascipiunt
585 2082 743 2155 Hermam
774 2082 976 2155 sententiam
1004 2107 1102 2155 suam
1134 2106 1201 2154 non
1229 2107 1298 2155 sac.

180 2197 386 2297 scripturae,
406 2197 468 2270 ned
486 2212 615 2270 tantum
635 2197 860 2295 poenitentiae
876 2195 936 2268 illa
949 2212 1058 2269 aetate
1074 2196 1220 2269 usitatae
1245 2222 1304 2269 su-

179 2327 387 2414 perstruere,
417 2310 581 2387 dicendo:
611 2326 746 2410 propter
766 2304 1000 2409 poeaitentiam
1024 2304 1221 2404 madebat,
1251 2309 1304 2383 di-

180 2431 282 2501 miscc
307 2429 441 2526 cooiupe
464 2453 538 2513 ceo,
552 2418 620 2500 ¹oir
642 2427 746 2500 oliam
771 2426 886 2499 docem
916 2427 1005 2522 (21).

254 2542 296 2615 Aa
321 2542 405 2616 satis
433 2558 485 2616 cst
509 2539 676 2615 eiusmodi
698 2540 912 2639 exceptiones
939 2564 1096 2613 revocare
1114 2538 1157 2612 ad
1176 2553 1303 2613 textum

182 2657 346 2745 Hermae,
374 2672 412 2730 ut
437 2671 549 2756 pateat
578 2654 713 2729 illarum
738 2654 882 2741 solutio;
914 2653 1024 2728 eidem
1050 2653 1141 2727 enim
1167 2655 1302 2754 penitus

181 2772 413 2845 adversantur.
427 2774 510 2845 Nam
529 2771 653 2845 falsum
666 2787 719 2846 est
731 2764 889 2845 Hermam
908 2794 975 2844 non
993 2795 1116 2867 nogara
1134 2769 1218 2843 solvi
1232 2795 1305 2842 nra-

184 2887 376 2960 trimonium
398 2887 442 2962 ob
464 2888 732 2963 fornicationem.
750 2886 885 2961 Falsum
906 2885 985 2959 item
1003 2900 1055 2958 ast
1072 2910 1150 2957 eum
1167 2911 1234 2958 non
1252 2884 1305 2957 di-

180 3027 262 3075 cere
285 3002 411 3077 Christi
436 3003 511 3101 lege
534 3003 672 3078 vetitum
693 3028 770 3077 esse
791 3000 968 3102 repudiare
983 3001 1161 3099 coniugem
1180 2999 1307 3075 adulte-

183 3142 256 3191 ram
274 3134 308 3192 et
323 3118 426 3192 aliam
443 3120 578 3193 ducere.
593 3117 727 3192 Falsum
741 3118 890 3218 danique
907 3130 959 3191 ast
975 3117 1019 3191 de
1037 3142 1077 3190 aa
1094 3116 1202 3217 loqui,
1218 3142 1306 3217 qaae

182 3234 502 3308 emendationum
520 3235 724 3336 patraverit;
749 3233 954 3308 contrarium
973 3233 1029 3307 his
1047 3232 1205 3307 omnibns
1223 3231 1307 3305 dicit

184 3340 330 3424 llermas
359 3353 450 3447 (tt).

258 3465 586 3564 subintelligendum
604 3481 662 3541 aut
679 3465 907 3567 supplendum
924 3462 1056 3564 aliquid
1071 3487 1149 3536 esse
1161 3477 1198 3534 ut
1209 3488 1307 3535 erna-

184 3596 241 3653 tur
257 3606 393 3668 senens,
409 3607 511 3682 φιθιιι
531 3580 718 3655 adversarii
735 3579 931 3667 intendunt,
952 3594 1043 3651 carte
1059 3576 1222 3662 latemur3
1245 3575 1306 3649 sed

183 3694 216 3767 si
233 3695 387 3768 doctrina
408 3695 553 3770 Hermae
572 3695 618 3769 sit
634 3720 773 3796 prorsus
798 3695 967 3770 contraria
990 3688 1182 3780 doctrinae,
1203 3716 1307 3792 quarn

180 3954 183 3959 ’
256 3928 309 3989 (ιθ)
324 3930 363 3983 re
375 3929 484 3985 eoum
496 3932 578 3984 Brenn
595 3930 622 3981 in
637 3929 681 3981 eit.
693 3932 804 3982 Ducert.
816 3932 912 3981 utrum
928 3927 1092 3979 matrimontt
1107 3924 1248 3976 umectum
1258 3926 1307 3976 cto.

258 4012 308 4075 (to)
326 4013 362 4062 tta
378 4014 466 4063 auctor
485 4025 631 4076 anonymus.
654 4026 696 4076 op.
715 4011 855 4061 Germanic.
876 4010 1014 4074 Dtsoutttt.
1027 4003 1260 4070 roenna-poturae
1277 4003 1310 4056 dc

183 4091 279 4153 potest.
292 4091 383 4142 eccles
394 4095 466 4143 circo
483 4104 525 4142 res
543 4091 735 4143 ototrtmontot
746 4092 810 4155 part.
827 4092 860 4141 11.
873 4087 1027 4139 Francoturti
1047 4089 1115 4137 1791.
1128 4098 1182 4149 pag.
1196 4089 1248 4136 170.

259 4171 310 4234 (tt)
325 4172 369 4222 uo
384 4175 445 4223 Rea.
454 4173 530 4222 Leon.
541 4172 719 4224 wer-traicitur
733 4172 758 4222 la
776 4170 844 4222 tibet.
857 4172 949 4221 Novae
968 4164 1309 4233 cenomannicorum

185 4250 290 4301 amnuit
301 4254 420 4301 motum.
435 4250 546 4303 Bamben
561 4258 630 4302 rtoe
643 4264 700 4314 pag
710 4257 751 4301 aa.

260 4328 311 4391 (aa)
327 4330 366 4381 cf.
385 4328 468 4380 lambi
489 4343 530 4394 op.
545 4330 587 4381 eit
601 4327 832 4382 Indosoluottttos
846 4324 948 4379 otacult
963 4322 1170 4377 matrimonialis
1182 4290 1312 4376 adversm

186 4408 279 4460 Brenn
290 4421 345 4473 oea
357 4412 468 4473 toeeqq
