3234 5084
291 478 358 529 err.
369 474 416 525 ιι.
428 474 468 524 on
481 472 560 525 nine.
572 471 768 536 ernanum,
784 470 848 522 ron
860 467 1021 521 eunoun.
1039 467 1109 519 ιιι.
1123 467 1158 518 ιι.
1214 444 1282 514 mr

669 666 708 765 p.
736 666 779 738 ιι.

184 899 220 949 De
236 893 336 948 illorum
349 892 520 957 theologorum
536 890 627 955 placito
642 889 686 954 qui
703 889 856 940 constituunt
870 887 974 939 dissolri
990 887 1175 938 matrimonium
1188 889 1269 937 ratum

550 970 604 1021 ture
618 970 716 1020 tentem
730 966 904 1019 eoetentantieo.

242 1182 386 1256 Permoti
412 1160 688 1266 difficultatibus,
712 1177 839 1279 quibus
864 1176 973 1277 prima
996 1189 1134 1273 urgetur
1158 1190 1288 1249 senten·

168 1299 241 1385 tia,
268 1323 334 1370 non
356 1296 456 1397 pauoi
482 1293 629 1391 theologi
656 1294 691 1365 io
717 1319 792 1367 eom
818 1306 982 1368 venerunt
1007 1290 1221 1390 opinionem,
1249 1306 1288 1389 pt

169 1414 224 1487 ius
249 1412 314 1487 hoo
336 1409 546 1488 dissolvendi
565 1408 758 1506 coniugium
776 1421 886 1480 retum
904 1404 1107 1479 deducerent
1123 1430 1165 1479 ex
1180 1393 1288 1478 eoele-

168 1529 243 1603 siae
266 1527 482 1613 auctoritate,
501 1550 591 1625 quae
607 1538 745 1624 aoeepta
769 1548 790 1596 a
810 1522 945 1595 Christo
968 1519 1097 1619 ligandi
1118 1519 1288 1595 solvendi·

168 1670 237 1745 que
266 1640 414 1741 generali
446 1636 626 1729 facultate,
654 1638 821 1713 eiusmodi
846 1638 1003 1736 coniugia
1027 1636 1202 1723 dissolvit,
1229 1652 1289 1711 aut

168 1758 285 1833 saltem
311 1758 358 1831 uti
377 1757 542 1858 interpres
569 1755 654 1828 iurie
675 1753 782 1827 dirim
802 1753 837 1826 id
855 1750 1039 1827 constituit.
1060 1751 1218 1825 Eminent
1233 1752 1287 1826 in-

168 1888 218 1947 ter
242 1872 305 1947 hoe
331 1873 454 1946 Suarez
482 1870 572 1967 (40),
599 1867 727 1967 Kugler
753 1869 844 1964 (41),
864 1867 1008 1940 dntoine
1036 1867 1125 1962 (42),
1155 1866 1288 1940 Simen-

168 2003 224 2061 net
255 1989 349 2084 (43),
378 1984 537 2083 Theologi
561 1982 883 2081 Wiroenburgenses
916 1983 1006 2078 (44),
1038 1980 1131 2055 eard.
1163 1983 1287 2056 Lada·

167 2127 267 2176 zerne
286 2100 378 2196 (45),
398 2097 535 2173 Pothier
553 2099 642 2194 (46).
1289 2116 1297 2131 “

239 2216 364 2288 Suarez
389 2212 448 2314 qui
473 2213 613 2286 istorum
643 2212 713 2287 lere
737 2238 857 2311 agmen
883 2211 977 2285 dueit
1000 2211 1045 2285 ad
1070 2210 1176 2285 huius
1208 2236 1287 2285 aen·

166 2330 292 2404 tentiae
314 2326 489 2404 veritatem
507 2326 747 2402 adstruendam
773 2328 882 2401 tribus
904 2326 1060 2401 innititur
1081 2326 1288 2426 probationi·

167 2444 246 2519 bue.
275 2444 420 2518 Primam
445 2442 591 2517 desumit
608 2442 652 2515 ab
670 2443 884 2531 exclusion03
910 2442 1077 2543 quiahoc
1100 2457 1216 2517 votum
1232 2469 1288 2516 eo-

167 2559 277 2633 lemoe
300 2556 473 2656 religionis
494 2555 597 2632 habet
622 2556 714 2630 hune
735 2557 891 2632 effectum
913 2583 981 2631 uon
1003 2584 1044 2630 er
1070 2556 1144 2631 sola
1168 2573 1288 2630 natura

168 2674 236 2762 rei,
266 2698 377 2774 neque
399 2699 441 2746 ex
467 2671 582 2746 divino
607 2672 680 2746 iure
705 2671 919 2759 immediate3
943 2697 1023 2770 ergo
1047 2671 1288 2747 interveniente

167 2790 395 2865 eeclesiastico
419 2790 504 2863 iure.
533 2790 649 2863 Priora
674 2789 743 2862 duo
766 2788 817 2862 uti
842 2787 983 2888 probata
1012 2788 1194 2889 supponit,
1216 2803 1289 2862 ter-

167 2905 251 2977 tium
274 2930 353 2979 vero
369 2904 516 2979 ostendit
535 2930 576 2978 ex
593 2904 730 2979 loannis
750 2904 854 2977 xxtl.
875 2918 1112 3001 extravagante
1128 2903 1288 3002 Antiquae
1321 2932 1323 2937 ¹

167 3017 209 3090 de
228 3032 320 3103 uoto,
346 3020 381 3091 in
406 3046 475 3119 qua
499 3045 653 3094 summus
679 3019 829 3121 pontifex
853 3033 954 3117 negat
980 3034 1094 3094 votum
1120 3018 1287 3094 castitatis

167 3130 297 3206 ordinis
322 3131 447 3206 habere
472 3132 564 3207 hune
589 3133 765 3207 effectum:
789 3134 873 3207 Cum
897 3135 1046 3206 ueniere
1071 3132 1202 3218 diuino,
1230 3160 1287 3206 neo

162 3272 226 3346 per
247 3273 357 3320 eaoroe
377 3249 554 3346 reperimus
572 3273 708 3321 canones
726 3249 782 3320 doe
802 3263 961 3321 statutum
980 3250 1069 3346 (4Ἷ).
1090 3248 1140 3320 Ex
1161 3247 1288 3348 quibus

166 3362 280 3437 verbis
305 3361 434 3459 colligit
458 3362 553 3462 ipee,
581 3361 720 3465 aliquod
745 3389 785 3436 ex
810 3362 866 3436 his
890 3361 999 3437 tribue
1028 3385 1105 3437 esee
1129 3388 1288 3436 neeessa-

168 3477 253 3552 rium
280 3478 324 3554 ed
349 3477 441 3551 huno
461 3478 635 3566 effoetum,
656 3494 690 3553 et
705 3476 881 3579 quodlibet
900 3502 1014 3553 eorum
1037 3476 1190 3578 potuisse
1215 3476 1287 3550 sul·

234 3724 286 3786 (to)
301 3725 361 3776 loe.
374 3724 416 3776 elt.
430 3737 457 3774 ιι.
472 3730 503 3777 to
515 3736 584 3790 neom

234 3803 284 3866 (tt)
300 3805 400 3863 Quueet.
412 3804 490 3855 xxtl.
502 3816 529 3854 n.
547 3808 604 3856 4671
615 3817 686 3870 seqq.

238 3882 288 3943 (tt)
307 3883 395 3935 Theol.
406 3883 493 3949 doum.
504 3886 565 3936 tom.
580 3886 613 3935 tt.

239 3960 290 4025 (te)
301 3964 367 4015 Dtet.
377 3966 420 4015 lv.
431 3967 479 4017 nrt.
490 3972 514 4016 e.
532 3977 602 4030 prop.
620 3971 642 4015 t.
658 3974 681 4017 n.

239 4039 290 4103 (44)
304 4043 334 4092 u.
352 4046 407 4095 roe.
423 4045 504 4096 treet.
525 4047 564 4095 Dr
579 4046 665 4095 matr.

241 4121 292 4184 (tt)
308 4123 640 4177 Imtruet.eurle1tttuel.
655 4138 681 4175 n.
698 4129 754 4177 ett.

237 4199 289 4263 (44)
303 4202 334 4251 n,
347 4203 460 4253 475444·
477 4203 543 4268 apud
556 4204 669 4256 cnrrtere
678 4206 739 4256 tom.
752 4207 771 4255 Ι.
786 4217 811 4256 n.
828 4211 882 4259 eet.

237 4277 289 4342 (47)
304 4280 371 4330 tuter
389 4281 590 4349 extmrugnntee,
608 4296 652 4336 eeu
671 4284 860 4337 oonntttutionee
879 4284 969 4349 vtgioti
985 4298 1001 4336 a
1018 4288 1108 4336 tonnae
1124 4297 1189 4350 papa
1205 4286 1283 4336 xxtt.

163 4358 252 4422 editoe,
264 4359 304 4411 tu.
316 4361 358 4411 vt.
373 4363 411 4411 De
421 4363 580 4414 notoetvott
595 4362 772 4431 redemptione
782 4377 823 4415 an.
841 4370 908 4417 rtet.
922 4362 1055 4417 avenione.
1072 4365 1144 4432 Apud
1155 4366 1286 4418 Pithoeum

166 4440 227 4489 tom.
241 4440 274 4490 11.
288 4441 337 4492 [ιιι
351 4452 445 4492 canon.
458 4453 483 4504 p.
497 4447 550 4492 tet.
