3234 5084
227 502 299 554 cnr.
312 501 335 553 ι.
348 498 467 553 anau.
480 499 521 551 ns
537 496 875 553 mnrssnnrnsrtcr.
887 494 961 554 tom
979 498 1080 554 roarr.
1093 500 1159 555 ιιι.
1214 480 1284 556 tat

175 618 287 718 iugale
310 618 447 720 probari
464 643 504 693 er
521 617 635 695 verbis
652 618 696 694 ab
712 618 841 696 Adamo
857 618 996 722 prolatis
1018 620 1054 695 in
1076 612 1287 699 institutione

174 734 396 824 matrimonii,
424 750 458 808 et
482 735 573 836 quod
597 750 700 836 caput
723 750 791 826 est,
818 735 998 811 concilium
1026 736 1127 817 orion
1157 736 1283 817 triden-

173 851 283 957 tinum
308 850 373 947 hoc
396 852 509 951 ipsum
534 851 716 928 declaravit
739 852 775 925 in
803 853 1013 955 onpositione
1041 842 1217 930 doctrinae*
1240 855 1286 930 de

174 984 385 1045 sacramento
402 968 606 1043 matrimonii
623 969 757 1043 dicens:
774 970 999 1044 «Matrimonii
1017 987 1215 1072 perpetuum
1232 972 1287 1046 in·

174 1083 478 1185 dissolubilemque
494 1111 615 1157 nerum
633 1084 762 1187 primus
780 1082 919 1185 humani
937 1086 1069 1182 generis
1088 1112 1210 1187 parcns
1231 1087 1287 1160 di-

172 1198 244 1276 vini
270 1199 416 1300 Spiritus
441 1200 602 1274 instinctu
625 1198 878 1301 pronunciavit,
897 1224 974 1303 cum
991 1199 1095 1274 dixit:
1114 1202 1184 1307 Hoc
1200 1229 1285 1277 onoc

171 1340 209 1390 os
232 1340 278 1388 cc
301 1313 427 1387 osorius
448 1316 546 1401 meis,
572 1328 605 1410 ct
627 1339 702 1387 coro
726 1311 765 1386 de
790 1340 887 1419 curru
906 1340 997 1401 mco,·
1017 1316 1223 1414 quomobrem
1237 1343 1286 1390 rr·

174 1429 300 1530 linquet
323 1427 413 1499 homo
431 1442 561 1527 patrem
582 1452 677 1499 onum
693 1442 724 1501 et
742 1442 899 1514 matrem,
921 1444 954 1503 tt
974 1426 1163 1504 adhaerebit
1186 1433 1287 1505 omri

171 1568 270 1628 tuoe,
285 1556 316 1616 ct
332 1556 427 1616 mot
449 1541 513 1614 dno
537 1541 573 1613 in
596 1567 693 1615 came
716 1569 784 1615 ooo
803 1545 917 1640 (58).»

245 1656 447 1731 Matrimonii
464 1657 579 1756 itaqua
590 1655 890 1745 indissolubilitas,
905 1684 994 1759 quae
1006 1674 1043 1733 ut
1058 1683 1163 1759 supra
1175 1670 1285 1734 osten·

172 1770 289 1847 dimus
315 1799 335 1845 a
365 1768 565 1846 secundario
593 1788 733 1847 naturae
762 1773 836 1847 iure
865 1773 1032 1862 dimanat,
1057 1774 1202 1876 positiva
1223 1773 1284 1849 Dei

171 1889 383 1964 institutione
400 1886 595 1962 confirmata
612 1903 682 1977 est,
702 1902 804 1989 atque
825 1888 951 1964 idcirco
967 1916 989 1963 a
1004 1890 1075 1964 Deo
1097 1891 1203 1991 repeti
1225 1890 1286 1964 de·

170 2004 231 2079 bet
254 2020 325 2091 tum
349 2018 450 2105 prout
472 2018 526 2076 est
553 2018 694 2076 naturae
721 2018 856 2093 auctor,
883 2018 953 2078 tum
977 2020 1086 2106 prout'
1101 2016 1217 2081 auctor
1232 2020 1286 2080 est

169 2118 303 2196 ordinis
321 2114 599 2219 supernaturalis.
805 2122 810 2131 ’
935 2208 938 2215 ⁴

244 2233 288 2323 At
313 2232 343 2307 si
369 2233 561 2341 coniugium
588 2248 658 2306 tum
684 2231 830 2306 naturali
855 2249 926 2306 tum
958 2232 1103 2334 positivo
1133 2234 1208 2309 iure
1232 2250 1286 2308 est

170 2346 425 2437 indissolubile,
446 2347 528 2448 quid
547 2346 729 2420 dicendum
745 2347 789 2421 de
805 2347 1073 2448 patriarcharum
1091 2349 1213 2447 agendi
1235 2375 1286 2423 ra·

170 2465 282 2554 tione,
299 2490 339 2539 ac
351 2461 547 2537 nominatim
566 2461 609 2535 dc
620 2460 789 2535 Abraham
805 2462 864 2561 qui
875 2460 963 2560 Agar
978 2486 1115 2561 uxorem
1131 2460 1287 2536 dimisit?

172 2580 266 2668 Quid
290 2578 501 2681 potissimum
527 2576 705 2650 dicendum
731 2576 774 2649 do
798 2576 913 2650 libello
937 2577 1070 2676 repudii
1093 2577 1152 2677 qui
1171 2602 1191 2650 a
1212 2576 1285 2674 lege

171 2695 324 2770 mosaica
347 2689 575 2796 permittitur?
591 2691 641 2764 nd
667 2690 814 2793 primum
838 2691 929 2792 qnod
954 2692 1072 2766 attinet
1096 2689 1204 2765 facilis
1232 2703 1286 2764 eat

173 2810 364 2910 responsio.
386 2809 425 2881 ln
442 2807 581 2903 dubium
595 2805 742 2881 reuocari
756 2806 873 2906 nequit
886 2806 969 2905 quin
985 2805 1075 2904 Agar
1087 2804 1187 2879 luerit
1205 2830 1285 2879 vera

173 2953 260 3002 uxor
289 2923 470 3014 Abrahae,
505 2948 604 2997 secus
637 2946 677 2996 ac
707 2920 858 3017 nonnulli
890 2920 1176 3009 existimaverint3
1206 2946 1284 2994 nam

170 3067 334 3144 expresse
358 3064 442 3113 uror
463 3056 601 3113 vocatur
614 3038 745 3133 Ganos.
760 3036 845 3111 xtl.
864 3040 916 3129 3.;
937 3054 972 3112 at
992 3037 1095 3111 relate
1119 3037 1162 3111 ad
1186 3064 1285 3139 repu-

170 3159 288 3247 dium,
317 3157 407 3261 quod
434 3156 579 3258 primum
597 3170 649 3229 cst
668 3152 856 3255 exemplum
873 3154 907 3225 in
924 3153 1105 3253 scripturis
1125 3150 1281 3239 relatum,

170 3275 241 3349 duo
259 3290 339 3348 sunt
357 3270 667 3357 animadvertenda,
690 3270 812 3369 primo,
830 3294 896 3342 non
916 3264 1050 3370 probari
1069 3266 1153 3339 illud
1166 3288 1285 3339 rerum

170 3391 280 3465 inisse
303 3387 482 3463 divortium
506 3386 618 3487 quoad
642 3383 835 3473 uinculum,
863 3408 968 3485 quum
985 3382 1075 3480 Agar
1098 3404 1283 3481 numquam

170 3504 268 3581 alteri
295 3502 462 3605 nupserit3
484 3500 607 3575 deinde
631 3500 723 3602 quod
747 3514 849 3601 capnt
872 3515 944 3587 est,
962 3524 1004 3572 ex
1031 3495 1191 3597 peculiari
1221 3493 1296 3567 Dei'

168 3619 331 3695 mandato
355 3618 477 3692 lactum
502 3615 627 3704 luisse,
652 3630 691 3705 ut
707 3628 837 3709 constat
853 3640 894 3709 or
911 3613 1030 3686 Genea.
1044 3610 1132 3684 lllll.
1154 3608 1279 3681 1t-12.

245 3732 344 3822 Quod
367 3758 447 3807 vero
471 3744 599 3831 spectat
623 3728 667 3803 ad
691 3726 842 3802 libellum
867 3726 998 3829 repudii
1024 3725 1122 3826 plura
1139 3723 1284 3797 dicanda

171 3865 265 3924 sunt.
295 3836 541 3925 Praemitti'm'us
572 3842 675 3921 uerba
708 3858 806 3945 prout
829 3843 865 3916 in
890 3857 1005 3916 nostra
1033 3836 1179 3914 editione
1208 3835 1283 3913 rul-

169 3980 251 4064 gata
267 3964 424 4062 leguntur
440 3963 537 4036 Dent.
554 3960 667 4034 XXIV.
688 3961 764 4032 1-t.
787 3958 872 4032 Sunt
889 3973 1017 4032 autem:
1031 3985 1048 4027 a
1061 3955 1094 4028 Si
1116 3952 1283 4054 acceperit

170 4080 274 4155 homo
297 4104 451 4165 moram,
474 4094 508 4152 ot
527 4076 684 4150 habeant
706 4100 800 4164 eam,
822 4090 856 4148 et
873 4100 941 4149 non
958 4072 1122 4148 invenerit
1140 4068 1282 4168 gratiam

170 4213 251 4270 anta
268 4193 385 4269 oculos
406 4193 481 4267 eius
498 4206 634 4293 propter
652 4190 799 4293 aliquam
825 4189 1027 4290 foeditatem:
1050 4186 1174 4261 scribet
1189 4182 1299 4257 libel-⁵

170 4310 242 4387 lum
275 4309 428 4411 repudii,
455 4322 489 4383 et
511 4306 606 4387 dabit
630 4306 666 4379 in
691 4333 793 4383 manu
825 4303 941 4392 illius,
969 4321 1004 4379 et
1031 4301 1175 4379 dimittat
1206 4325 1280 4373 aam

245 4460 677 4525 (catsmxxrvnoetrtoaetc.
946 4462 950 4467 ·
