3234 5084
295 411 366 483 tre
439 432 502 482 nn.
518 430 568 484 nr.
583 430 670 484 sacr.
685 431 818 485 mmai.
832 428 999 483 munus.
1014 430 1110 483 uara.
1131 428 1258 485 araur.

295 553 426 640 lerunt,
454 550 499 626 ad
527 577 586 625 eas
620 549 853 625 conciliandas
888 574 965 624 cum
997 548 1152 624 doctrina
1176 566 1210 624 et
1234 549 1328 650 praxi
1362 575 1419 627 ec·

296 666 437 755 clesiee,
466 665 525 739 alii
547 664 649 739 aliam
672 664 763 740 riam
790 663 824 736 in
850 662 919 737 illis
944 664 1155 763 exponendis
1180 664 1343 739 inierunt.

368 784 452 855 Nam
471 784 506 854 l.
528 781 680 881 plerique
696 781 931 854 existimarunt
948 780 1119 855 Christum
1132 780 1315 855 Dominum
1335 781 1422 855 llat-

295 896 345 972 th.
365 897 403 969 V.
426 899 484 969 32.
505 895 654 970 libellum
680 895 813 995 repudii
836 923 857 970 a
879 895 971 970 llose
995 894 1200 995 permissum
1226 894 1336 968 solum
1362 922 1421 969 su

295 1011 460 1100 oculisne,
490 1037 532 1085 ao
558 1012 783 1112 separationis
818 1037 956 1086 causam
981 1036 1023 1084 ea
1054 1009 1210 1084 clausula
1241 1009 1285 1084 ad
1316 1035 1421 1083 unam

294 1127 548 1203 fornicationem
575 1154 636 1202 seu
661 1125 864 1200 adulterium
887 1140 1104 1214 coarctasse,
1124 1140 1228 1226 atque
1246 1124 1282 1198 id
1304 1125 1420 1225 ipsum

295 1243 505 1346 praestitisse
523 1243 640 1317 llatth.
661 1243 748 1315 xlx.
771 1246 806 1315 9.
835 1269 912 1316 cum
938 1242 1164 1341 interrogatus
1185 1268 1207 1315 a
1226 1240 1420 1342 pharisaeis

293 1385 375 1433 num
400 1358 515 1433 liceret
541 1359 711 1432 dimittere
736 1383 874 1430 uxorem
899 1383 1114 1458 quacumque
1137 1383 1178 1431 ex
1204 1383 1337 1446 causa,
1366 1383 1421 1430 re-

293 1474 454 1576 spondit,
487 1501 554 1548 non
580 1473 701 1562 licere,
729 1473 797 1546 nisi
825 1472 1001 1548 ubsolam
1030 1473 1303 1562 fornicationem,
1332 1472 1419 1546 nihil

292 1615 373 1666 reru
389 1589 570 1689 protulisse
589 1590 633 1663 de
655 1614 713 1677 eo,
734 1588 845 1690 quod,
866 1614 970 1662 uxore
993 1587 1156 1677 dimissa,
1178 1587 1249 1660 lieri
1269 1605 1407 1688 posset,

294 1706 453 1779 nimirum
480 1705 594 1778 liceret
620 1730 682 1778 nec
712 1731 756 1779 ne
780 1704 883 1778 alium
907 1705 1031 1779 ducere
1060 1706 1149 1800 (et).

367 1824 402 1894 2.
431 1819 496 1892 Alii
523 1820 730 1894 contendunt
753 1846 829 1894 eam
853 1818 1039 1895 clausulam
1057 1846 1078 1892 a
1099 1818 1234 1894 Christo
1251 1818 1418 1893 adiectum

292 1936 400 2010 luisse
429 1949 582 2037 respectu
610 1950 739 2010 tantum
766 1935 883 2010 habito
912 1934 998 2035 legis
1026 1935 1219 2024 mosaicae,
1249 1934 1292 2009 ad
1316 1935 1417 2009 carius

291 2068 438 2127 mentem
462 2051 564 2126 locuti
589 2051 721 2126 luerunt
744 2051 939 2152 pharisaei,
959 2076 1027 2126 non
1049 2068 1162 2125 autem
1179 2050 1224 2123 de
1244 2075 1284 2124 eo
1301 2049 1414 2124 luisse

292 2166 462 2255 locutum,
490 2166 581 2266 quod
607 2165 643 2239 in
667 2166 743 2265 lega
767 2164 962 2264 evangelica
987 2165 1113 2240 serrari
1131 2163 1289 2253 deberet,
1310 2164 1416 2263 idque

291 2298 411 2383 postea
436 2281 647 2383 praestitisse
671 2309 776 2383 quum
802 2297 931 2356 secreto
956 2280 1185 2382 alloqueretur
1206 2277 1414 2387 Apostolos,

291 2397 419 2498 quibus
444 2397 601 2498 patefecit
627 2397 754 2471 nullam
777 2397 941 2497 deinceps
962 2396 1075 2497 quoad
1099 2395 1275 2470 uinculum
1305 2394 1419 2470 matri·

291 2513 395 2589 monii
422 2512 679 2588 dissolutionem
706 2511 778 2587 iore
803 2511 1045 2586 admittendam
1067 2513 1158 2609 (36).

368 2631 402 2702 3.
431 2628 482 2702 ab
508 2629 573 2704 hac
597 2628 765 2704 sententia
789 2656 857 2704 non
884 2627 1066 2703 admodum
1091 2626 1270 2701 discedunt
1288 2626 1347 2728 qui
1364 2624 1417 2700 al-

291 2759 453 2819 terutrum
484 2743 603 2818 saltem
633 2759 758 2818 tentum
783 2744 827 2818 de
851 2743 1075 2818 matrimoniis
1100 2741 1296 2816 iudaeorum
1322 2740 1418 2814 intel·

290 2858 419 2957 ligant,
452 2885 519 2933 non
546 2878 658 2934 autem
689 2860 732 2933 de
751 2859 964 2935 matrimonio
989 2858 1165 2947 fidelium,
1186 2858 1254 2932 nisi
1272 2856 1358 2932 lorte
1374 2884 1417 2931 ex

290 2974 597 3047 accommodatione
610 3000 671 3048 seu
684 2975 832 3074 quadam
845 2989 1059 3075 temporanea
1071 2973 1265 3049 oeconomia
1277 2998 1347 3073 qua
1362 2972 1417 3046 di-

289 3086 434 3161 vortium
460 3086 505 3160 ob
535 3087 739 3162 adulterium
767 3088 811 3162 iis
838 3089 939 3162 etiam
968 3089 1178 3189 permittatur
1206 3088 1266 3189 qui
1296 3114 1338 3161 ex
1362 3088 1418 3161 iu·

289 3201 423 3276 daismo
436 3202 582 3303 primum
595 3204 638 3277 ad
646 3204 772 3278 Christi
788 3203 891 3278 fidem
901 3204 1109 3282 aecedcrent.
1121 3204 1275 3279 Ceterum
1289 3216 1416 3277 utrum·

291 3344 359 3420 que
371 3318 482 3393 locum
496 3319 539 3392 ad
553 3312 768 3394 matrimdnia
781 3320 932 3395 fidelium
947 3320 1115 3421 pertinere
1127 3335 1263 3418 negant3
1275 3334 1310 3393 at
1327 3320 1417 3393 inter

290 3458 350 3508 eos
362 3433 545 3509 essentiale
557 3459 634 3507 esse
646 3434 829 3508 discrimen
843 3434 1067 3523 contendunt,
1084 3460 1189 3535 quum
1202 3432 1288 3507 alter
1303 3448 1415 3508 textus

289 3547 450 3638 iudaeos,
475 3550 657 3624 alternare
682 3549 801 3624 lideles
825 3550 987 3648 coniuges
1012 3548 1182 3651 respiciat.
1210 3549 1332 3623 Verum
1352 3548 1413 3649 qui

290 3662 338 3737 ita
364 3665 513 3740 sentiunt
537 3666 625 3739 inter
643 3692 681 3740 se
706 3692 773 3739 non
799 3665 1003 3740 conveniunt
1021 3664 1112 3739 circa
1135 3663 1329 3738 altemtrius
1346 3664 1412 3738 loci

289 3779 474 3875 genuinum
492 3805 644 3855 sensum.
665 3780 797 3854 Etenim
820 3779 897 3878 ling
914 3794 1066 3854 autumat
1081 3779 1172 3879 apud
1189 3778 1306 3854 llatth.
1320 3779 1409 3852 xlx.

292 3892 435 3967 «lesum
460 3919 528 3968 non
546 3894 656 3969 solum
677 3920 804 3969 morem
822 3894 1045 3985 divertendi,
1069 3898 1129 3993 (ut
1147 3895 1223 3996 ipse
1239 3894 1409 3997 loquitur)

366 4148 472 4214 (15101.
487 4150 684 4204 aeternnm
704 4155 821 4204 mntrtne
834 4166 889 4218 cup.
905 4156 970 4206 xvt.
986 4168 1012 4205 n.
1031 4162 1067 4207 18.

364 4227 415 4291 (tt)
429 4232 468 4283 ru
490 4233 527 4282 ro.
549 4233 627 4285 notra
647 4232 674 4284 in
694 4233 819 4286 Dtntrttn
836 4232 870 4286 do
887 4234 1065 4287 dtoorttorum
1081 4237 1141 4286 ture
1161 4247 1192 4287 uc
1211 4234 1276 4287 Lud.
1292 4231 1369 4287 ttsrhl
1384 4231 1414 4282 tu

186 4273 190 4281 ’
287 4311 496 4443 naseepmp
505 4311 573 4457 prpe
585 4317 652 4367 arca.
668 4313 707 4365 cr.
722 4314 851 4368 aruerat.
867 4314 1158 4380 cneocaesarea.
1178 4326 1232 4380 ap.
1244 4316 1277 4366 rr.
1296 4326 1366 4380 prop.
1378 4315 1411 4363 v.

284 4402 310 4440 1.
328 4395 380 4441 lid.
438 4403 471 4441 no
522 4399 555 4442 l.
