3234 5084
293 484 362 534 ιιι.
380 482 428 536 ιιι
446 482 485 533 ιι
502 481 702 539 sumerum.
720 481 783 539 ιιι
800 480 914 537 rmus.-
930 483 1025 537 ulra
1041 483 1112 537 ιιι.
1130 484 1166 537 ιι.
1232 464 1299 539 369

196 624 263 700 qne
287 614 377 677 recte
405 597 506 675 statui
533 599 666 697 potuit,
694 613 796 671 ntea
822 612 1018 737 potestatam
1043 597 1182 739 liaberet
1206 600 1310 675 alium
1406 606 1408 617 ’

197 714 386 814 accipiendi
410 713 580 787 maritum
653 774 655 783 .

269 829 304 900 2
321 829 489 927 seponere
505 825 667 901 debemm
684 852 761 901 can.
776 826 945 957 v11.,quo
961 821 1097 903 nullam
1108 768 1234 927 pariter
1249 827 1310 903 de·

195 942 341 1017 claratur
364 942 510 1040 primum
536 942 783 1017 matrimonium
809 941 844 1015 iu
870 943 979 1042 primo
1003 943 1178 1019 affinitatis
1203 943 1312 1041 gradu

194 1072 418 1131 contractum:
445 1056 598 1155 adeoque
621 1057 670 1131 uti
696 1056 882 1155 legitimum
907 1057 1092 1132 secundum
1117 1057 1311 1155 coniugium

196 1170 357 1257 hebetum
387 1170 462 1244 ideo
486 1195 566 1243 vero
591 1168 720 1243 nullum
746 1170 934 1244 declaratur
955 1171 1114 1259 tertium,
1143 1172 1225 1271 quia
1247 1172 1311 1245 inr-

196 1284 424 1382 pedimentum
450 1284 686 1356 intercesserat
710 1283 894 1381 ligaminis,
925 1304 928 1309 '

271 1399 305 1467 3.
333 1395 416 1469 Can.
437 1397 524 1468 Vlll.
550 1400 661 1494 potest
685 1396 826 1494 intelligi
851 1398 894 1471 de
918 1397 1075 1472 facultate
1098 1423 1187 1499 quae
1212 1398 1310 1475 inno-

69 1560 71 1562 ·
196 1512 283 1587 centi
309 1512 466 1585 tribuitur
490 1511 590 1585 sliam
616 1511 759 1585 ducendi
785 1538 922 1587 uxorem
939 1527 1017 1613 post
1033 1513 1204 1588 adulterae
1225 1538 1311 1589 mor·

197 1642 283 1714 tsm;
312 1653 399 1725 quae
425 1626 566 1701 facultas
591 1640 732 1724 negatur
756 1627 918 1701 adulteris
941 1626 1122 1715 ambobus,
1146 1627 1308 1729 quamdiu

196 1743 322 1816 vivunt.
344 1742 382 1815 ld
401 1743 529 1816 eruitur
552 1769 592 1816 ex
618 1741 775 1816 antithesi
802 1744 890 1817 inter
914 1742 1083 1819 adulteros
1099 1759 1133 1819 et
1149 1743 1309 1818 innocen·

195 1873 279 1944 tem,
302 1872 335 1931 et
354 1884 395 1932 ar
416 1857 493 1931 aliis
513 1884 574 1956 per
598 1858 633 1929 id
659 1858 819 1957 temporis
843 1858 1158 1947 constitutionibus,
1179 1857 1309 1957 pracci-

194 1998 260 2071 pue
276 1997 355 2047 vero
373 1970 507 2046 concilii
525 1969 770 2057 loroiulieusis‚
786 1996 888 2071 quam
907 1970 1009 2071 paulo
1026 1988 1104 2049 antc
1119 1972 1304 2049 attulimus.

268 2088 300 2158 l,
330 2086 413 2161 Can.
434 2087 475 2158 X.
496 2087 567 2184 agit
583 2086 625 2160 de
642 2086 864 2163 dissolutione
880 2087 1049 2184 coniugii,
1068 2087 1161 2186 quod
1179 2086 1310 2163 nullum
1332 2183 1334 2187 ι

192 2200 301 2281 extitit
322 2201 366 2275 ob
391 2200 667 2300 impedimentum
692 2201 866 2281 affinitatis
892 2202 928 2273 in
953 2202 1061 2299 primo
1084 2200 1208 2299 gradu3
1229 2201 1310 2277 hinc

194 2315 312 2390 meritc
340 2316 418 2397 data
442 2330 494 2390 est
517 2315 654 2389 libertas
680 2316 750 2390 filio
774 2315 878 2389 aliam
902 2312 1045 2393 ducendi
1071 2341 1220 2391 uxorem.

268 2433 302 2501 5.
324 2429 406 2503 Gan.
420 2431 510 2502 lllll.
523 2456 590 2504 non
607 2431 678 2529 agit
693 2430 737 2505 dc
753 2431 900 2528 coniugii
920 2429 1141 2505 dissolutione
1156 2431 1200 2505 cb
1217 2430 1310 2505 adul·

195 2544 269 2619 terii
290 2545 474 2643 flagitium,
492 2545 614 2645 deque
627 2545 684 2620 hic
701 2571 888 2619 sermonem
906 2546 1006 2619 unice
1023 2545 1201 2621 habemus.
1218 2545 1310 2632 Qua-

194 2687 270 2735 nam
291 2688 370 2736 vero
391 2661 519 2737 notione
544 2688 650 2735 canon
676 2661 741 2735 iste
765 2658 907 2757 intelligi
931 2660 1053 2743 debeat
1078 2658 1306 2751 definiendum

195 2775 416 2879 relinquimus
442 2777 526 2851 iuris
551 2776 704 2851 canonici
730 2776 847 2875 peritia
864 2777 977 2872 (2152).
1235 2856 1239 2863 ,

269 2893 303 2961 6.
331 2891 414 2963 Can„
440 2892 524 2964 xlv.
552 2908 620 2965 tum
648 2905 802 2991 respectu
819 2889 883 2965 viri
902 2891 1093 2967 incestuoso
1110 2890 1316 2983 commercio

196 3000 331 3101 polluti,
361 3020 429 3077 tum
459 3021 612 3104 respectu
643 3004 795 3094 illarum,
824 3031 911 3106 quae
936 3004 1092 3097 consciae
1116 3003 1229 3093 huius¹
1243 3003 1309 3093 cri-

195 3117 298 3191 minis
318 3117 458 3207 luserint,
478 3135 511 3192 et
528 3120 716 3194 incestuoso
742 3121 943 3194 commercio
967 3120 1225 3211 consensum„
1246 3120 1308 3191 im-

193 3232 425 3331 pedimentum
444 3233 606 3309 dirimens
627 3261 687 3308 scu
709 3235 822 3334 potius
848 3232 1044 3309 inhabilitas
1061 3234 1105 3307 ad
1123 3230 1308 3307 ineundum

193 3348 387 3446 coniugium
405 3363 473 3422 toto
489 3348 577 3422 vitae
593 3363 741 3447 tempore
759 3350 859 3422 statui
877 3347 1021 3422 uidetur.
1038 3348 1127 3420 llinc
1143 3352 1232 3421 enim
1250 3345 1308 3421 dc-

194 3459 340 3535 claratur
363 3462 493 3535 irritum
511 3488 587 3535 esse
604 3462 810 3537 connubium
837 3463 880 3536 ab
899 3489 940 3538 ec
957 3463 1150 3536 incestuoso
1172 3460 1305 3547 initum,

194 3575 347 3677 adeoque
357 3602 434 3650 cum
448 3577 552 3651 teneri
566 3575 609 3651 ad
622 3577 907 3677 separationema
924 3577 1025 3651 ducta
1044 3575 1200 3663 muliere,
1221 3600 1309 3675 quae

194 3688 299 3763 libera
314 3707 383 3778 est,
404 3718 444 3766 ac
459 3691 517 3765 alii
535 3691 607 3765 viro
624 3690 750 3765 nubere
771 3708 893 3791 potest.
906 3691 1025 3779 Quoad
1042 3705 1179 3764 matrem
1198 3704 1308 3765 autem

195 3829 235 3877 ac
248 3805 351 3877 [iliam
364 3805 553 3881 decernitur
564 3834 641 3896 aas,
658 3805 822 3905 quamdiu
840 3807 969 3883 insciae
986 3806 1109 3880 luerint
1126 3804 1306 3881 incestuosi

195 3922 404 4027 commercii,
427 3949 527 4023 posse
550 3923 640 3999 bena
666 3922 733 3996 fide
758 3923 793 3994 in
818 3923 912 3999 initis
938 3923 1066 4023 nuptiis
1093 3946 1304 4022 permancrc;

265 4167 333 4231 (ιιι)
349 4168 412 4218 Huic
430 4170 516 4221 canoni
533 4171 647 4223 cohaeret
663 4170 788 4235 responsio
807 4169 905 4220 loannis
919 4168 1084 4221 cnttcnsisad
1094 4166 1308 4230 interrogationem

193 4252 219 4295 3.
233 4247 386 4297 comtantiut
405 4249 544 4314 cubadus,
563 4252 589 4301 in
613 4253 666 4301 iure
686 4250 862 4316 graeco-latino
878 4249 921 4300 lib.
936 4252 964 4298 V.
977 4262 1032 4313 pag.
1045 4252 1110 4311 att„
1122 4260 1186 4311 quae
1199 4246 1309 4297 declarat

192 4336 266 4388 ιιοιιι
277 4338 378 4376 uxorem
387 4326 583 4380 stremcerdotis
599 4332 651 4380 sive
671 4329 769 4381 discant
785 4329 839 4380 sire
859 4328 977 4391 lectoris,
994 4328 1039 4391 qut
1054 4327 1131 4377 vitam
1149 4326 1307 4378 monasticam

193 4403 296 4467 professi
317 4406 423 4479 tuerint,
436 4408 508 4461 altori
526 4410 626 4462 nubere.
639 4411 684 4463 His
692 4410 767 4463 enam
775 4409 900 4463 onorat
911 4408 1040 4463 lutbertus
1051 4408 1076 4459 in
1089 4408 1159 4473 epist.
1167 4413 1207 4458 ιι.

271 4512 312 4567 ΙΙΙ
1224 4516 1258 4567 nt
