3234 5084
1164 278 1173 325 l

313 444 490 507 clauos
507 444 585 495 nass.
597 444 693 501 mm.
706 446 794 510 mni,
808 445 873 497 nou
892 443 1054 498 consen.
1067 448 1140 499 mr.
1154 448 1177 499 ι.
1238 427 1306 498 {bh

189 590 251 639 seu
277 563 388 650 lactis,
418 587 508 662 quae
532 561 631 637 nobis
656 562 793 662 praehet
810 562 953 639 historia
969 564 1212 640 ecclesiastica.
1234 567 1306 643 Non

189 695 289 754 erunt
311 704 353 753 ea
377 677 534 777 quidem,
558 678 588 750 si
611 676 810 775 singillatim
829 705 869 753 ac
886 704 1039 754 seorsum
1055 680 1304 781 expendantur,

189 793 378 892 apodictica
395 792 437 865 ad
457 819 525 865 rem
540 791 783 867 conficiendam
796 819 899 893 mam
913 793 1137 885 intendimus;
1159 810 1307 871 attamen

188 907 322 981 illorum
347 906 501 983 collectio
525 907 703 981 manifeste
724 908 886 1007 patefacit
905 908 1079 1007 spiritum,
1101 911 1160 1010 qui
1183 910 1308 1008 iugiter

188 1023 223 1095 in
253 1022 399 1097 ecclesia
426 1023 545 1119 uiguit.
568 1021 661 1095 llaec
684 1022 799 1123 itaque
826 1022 1006 1097 subiiciam
1029 1049 1107 1098 cum
1133 1024 1305 1101 nonnullis

187 1137 539 1213 animadversionibus
556 1137 695 1225 criticis,
717 1138 844 1238 quibus
860 1139 985 1214 verius
1002 1165 1066 1215 suo
1082 1138 1210 1217 lumine
1227 1141 1305 1215 illu·

188 1268 324 1327 stratur.

261 1368 409 1440 Primum
427 1369 617 1468 exemplum
635 1367 800 1443 habemus
819 1369 855 1442 in
872 1395 902 1444 s.
924 1369 1049 1445 Thecla
1066 1370 1150 1445 adeo
1167 1369 1211 1444 ab
1228 1371 1305 1444 uni·

187 1508 285 1556 versa
311 1482 510 1582 antiquitate
533 1482 779 1558 commendata.
800 1484 851 1557 De
874 1510 914 1558 ea
932 1483 1036 1582 igitur
1051 1510 1082 1558 s.
1103 1483 1303 1560 Ambrosius

187 1597 324 1671 scribit:
341 1597 489 1673 «Thecla
505 1597 662 1697 copulam
680 1598 815 1696 lugiens
833 1597 1034 1700 nuptialem,
1056 1615 1089 1673 et
1111 1600 1228 1700 sponsi
1251 1600 1305 1674 lu·

186 1740 261 1789 rore
284 1713 459 1802 damnata,
486 1730 641 1788 naturam
659 1714 759 1788 etiam
778 1713 963 1789 bestiarum
985 1714 1190 1813 virginitatis
1206 1740 1305 1789 vene-

185 1829 313 1905 ratione
338 1830 479 1903 mutauit
498 1831 589 1925 (8).»
604 1829 648 1902 Et
669 1855 698 1903 s.
715 1829 949 1930 Epiphanius:
972 1829 1141 1917 «Thecla,
1169 1831 1300 1931 inquit,

184 1970 262 2018 cum
288 1946 324 2018 in
343 1944 482 2019 Paulum
509 1944 703 2035 incidisset,
725 1960 843 2045 pactas
863 1945 998 2046 nuptias
1022 1943 1200 2033 dissolvit,
1226 1969 1304 2018 cum

185 2060 349 2159 primario
373 2058 509 2134 cuidam
533 2060 677 2135 civitatis
704 2060 823 2148 totius,
857 2085 898 2133 ac
928 2060 1029 2158 longe
1052 2059 1174 2149 diviti,
1206 2058 1303 2134 nobi·

186 2171 338 2262 lissimo,
368 2172 714 2274 splendidissimnque
737 2173 909 2272 desponsa
934 2174 1003 2247 iam
1029 2173 1162 2248 fuisset.
1182 2173 1303 2246 Verum

184 2303 316 2362 terrena
340 2287 416 2362 ideo
441 2303 557 2362 sancta
575 2287 634 2360 illa
650 2290 874 2387 contempsit,
894 2304 933 2362 ut
949 2286 1146 2362 caelestium
1163 2313 1302 2388 compos

183 2429 262 2478 esse
279 2418 395 2502 posset
414 2405 504 2500 (a).»
520 2401 563 2477 ht
578 2429 645 2476 non
664 2402 849 2476 diffitemur
865 2403 1002 2477 excitari
1020 2402 1162 2476 dubium
1183 2402 1303 2478 merito

184 2543 304 2620 posse,
319 2535 432 2592 utrum
449 2517 493 2592 de
510 2518 745 2618 sponsalibus,
762 2545 805 2593 an
823 2518 867 2593 de
883 2518 1043 2617 coniugio
1056 2533 1194 2617 agatur,
1211 2517 1303 2618 quod

182 2660 213 2709 s.
235 2632 359 2709 Thecla
383 2634 603 2722 contraxerit,
630 2649 669 2707 ut
693 2632 807 2734 plures
832 2632 1026 2707 existimant
1045 2636 1135 2730 (tu).

256 2748 405 2822 Alterum
431 2747 523 2848 quod
549 2746 662 2821 afferri
687 2748 864 2821 consuevit
889 2747 1080 2846 exemplum
1113 2745 1304 2819 desumitur

183 2889 225 2938 ex
249 2862 383 2938 duobus
410 2862 480 2937 illis
504 2861 651 2951 aulicis,
689 2863 774 2963 qui,
801 2876 840 2936 ut
865 2862 984 2937 scribit
1016 2889 1046 2937 s.
1072 2861 1300 2960 Augustinus,

184 2974 325 3051 lectione
358 2977 500 3076 permoti
528 2977 620 3051 uitae
652 3004 682 3051 s.
707 2976 863 3065 Antonii,
887 2976 1002 3053 relicto
1034 2976 1148 3050 seculo
1172 2976 1303 3050 «hlau-

184 3106 302 3165 serunt
325 3091 361 3161 in
386 3116 486 3164 casa:
508 3106 541 3164 et
565 3089 664 3164 ambo
686 3089 858 3164 habebant
882 3117 1045 3192 sponsas:
1066 3116 1155 3190 quae
1171 3105 1303 3189 postea·

171 3231 288 3305 ,quam
311 3205 377 3278 hoc
401 3204 599 3292 audierunt,
626 3204 823 3279 dicaverunt
839 3205 940 3279 etiam
963 3205 1059 3305 ipsae
1075 3204 1302 3302 virginitatem

183 3320 257 3394 Tibi
280 3320 384 3418 (Dec)
408 3322 523 3417 (11).»
538 3319 657 3393 Verum
676 3318 822 3393 dubitari
848 3336 881 3392 et
901 3320 958 3393 hic
978 3334 1103 3421 potest,
1125 3344 1205 3391 num
1224 3317 1303 3392 illae

183 3435 308 3511 luerint
332 3435 445 3538 potius
471 3460 618 3536 sponsae
642 3461 745 3535 quam
770 3462 905 3510 uxores.
929 3435 1026 3521 Quod
1053 3449 1164 3509 autem
1188 3433 1302 3543 aqui-

183 3549 328 3626 busdam
358 3550 483 3625 dicitur
516 3551 680 3624 incertum
708 3576 806 3639 esse,
844 3575 976 3638 annon,
1009 3550 1039 3624 si
1066 3549 1201 3624 luerunt
1226 3575 1304 3623 rere

184 3691 324 3755 uxores,
347 3664 599 3740 matrimonium
623 3663 725 3738 luerit
743 3664 843 3738 etiam
871 3680 1161 3753 consummatum,
1190 3662 1303 3739 exclu-

258 3915 293 3979 (8)
308 3915 365 3967 stt.
374 3918 413 3967 De
424 3916 551 3981 utrotmb.
563 3928 618 3981 cap.
629 3917 698 3967 vlu.
708 3928 735 3967 n.
752 3923 788 3968 tu.
800 3918 864 3980 opp.
876 3915 908 3967 ed
922 3917 1001 3966 Maur.
1015 3918 1078 3967 tora.
1090 3916 1123 3966 ΙΙ.
1135 3914 1185 3965 ool.
1198 3917 1250 3965 167.

256 3994 292 4057 (a)
307 3997 415 4046 licem.
427 3997 560 4047 Lxxvlll.
572 4007 598 4046 o.
610 3997 676 4046 xvl.
687 3993 727 4046 ed.
740 3996 826 4047 Peter.
838 3997 899 4045 tom.
909 3996 929 4046 1.
940 4008 995 4059 pag.
1008 3999 1076 4047 tete.
1084 3994 1125 4046 ct.
1135 4006 1201 4057 quae
1211 3993 1244 4044 de
1256 3994 1302 4044 tue

184 4085 207 4122 n.
218 4073 281 4136 urg.
293 4075 319 4124 et
332 4075 433 4138 martyr.
449 4076 549 4141 serlpslt
563 4075 751 4138 Tilleuontlus,
767 4076 879 4126 Mernotr
893 4079 942 4126 etc.
955 4077 1017 4133 tom.
1030 4077 1062 4125 ΙΙ.
1074 4088 1129 4139 pag.
1138 4080 1168 4126 ue
1179 4086 1249 4137 seqq.

256 4153 307 4217 (ιο)
321 4153 361 4204 ct.
373 4154 505 4207 Baroulum
514 4156 541 4207 tu
551 4156 616 4208 notia
625 4155 657 4207 ad
668 4154 886 4220 untyrsoncu
900 4163 936 4207 tt.
948 4157 1015 4219 sant.
1027 4167 1072 4205 nec
1084 4168 1134 4205 non
1148 4152 1303 4205 hollandiae.
1321 4151 1323 4153 '

182 4232 216 4284 ad
226 4232 307 4284 eamd.
321 4232 397 4285 utem.
408 4237 535 4287 Tomvl.
547 4239 614 4288 Aeto
623 4239 708 4289 cunct.
720 4249 775 4302 pag.
789 4243 837 4289 55⁰
847 4248 917 4302 seqq.
928 4235 971 4287 ubl
984 4236 1070 4287 crittoe
1080 4233 1231 4299 expendunt,
1240 4247 1305 4299 quae

182 4310 215 4362 ad
226 4312 290 4364 hanc
300 4326 322 4364 s.
331 4312 451 4377 virginem
460 4327 491 4366 ac
503 4319 605 4380 martyr.
617 4317 766 4369 racanato.

255 4391 306 4455 (11)
322 4389 438 4454 cculm.
453 4391 571 4444 uuum.
584 4407 609 4445 u.
620 4402 658 4446 tt.

265 4496 306 4552 lll
1203 4506 1239 4557 ³0
