3234 5084
390 462 460 515 cur.
477 463 510 512 v.
526 464 566 515 on
579 461 686 515 emur.
702 463 829 517 tannae.
846 465 941 517 aare.
957 465 1028 521 aar.
1044 467 1080 519 n.
1215 447 1284 521 tte

174 609 262 684 quae
274 596 401 657 ceteras
411 608 479 657 non
488 582 635 658 excludit
646 582 852 658 extrinsecas
865 585 1285 687 coniugie,temporanaas

173 714 272 799 atque
296 723 514 787 communes,
542 698 589 770 nti
614 698 714 771 modo
737 697 863 771 dictum
887 713 949 771 cst.

245 814 343 900 Quod
363 834 443 889 vero
467 815 587 887 attinet
606 814 650 891 ad
674 813 844 913 pericula,
872 813 916 887 ob
940 839 1029 914 quae
1053 814 1208 891 Christus
1232 818 1286 892 di-

170 929 368 1003 missionem
394 953 456 1002 seu
478 928 724 1027 separationem
749 927 970 1026 improbavit,
999 930 1100 1004 etiam
1128 930 1285 1007 catholici

170 1043 215 1117 de
226 1044 269 1118 iis
283 1061 364 1117 sunt
374 1043 527 1116 solliciti:
545 1042 697 1142 adeoque
710 1069 753 1115 ne
765 1044 926 1141 coniuges
940 1046 1188 1143 periclitentur,
1206 1074 1286 1149 pos·

173 1174 252 1232 aunt
277 1158 459 1257 poenitenti
484 1159 596 1256 ipsum
622 1157 852 1233 fornicationis
877 1159 1005 1234 crimen
1031 1160 1220 1237 condonare
1244 1189 1285 1238 ac

173 1272 381 1347 reconciliari
399 1301 406 1344 :
431 1272 465 1345 in
489 1272 565 1345 aliis
582 1296 661 1347 vero
679 1271 816 1346 casibus
842 1300 909 1348 non
927 1274 1026 1348 modo
1046 1291 1206 1375 possunt,
1224 1278 1284 1351 sed

172 1388 272 1461 etiarn
298 1388 438 1476 debent,
459 1412 562 1488 quum
587 1389 695 1461 iustae
713 1388 906 1487 ceteroquin
925 1391 1149 1490 separationis
1163 1416 1285 1465 causae

174 1502 297 1576 luerint
320 1502 483 1577 sublatae.
518 1503 630 1589 Quare
655 1502 685 1575 si
715 1502 800 1575 istae
828 1520 1057 1601 perseverent,
1082 1504 1133 1577 lac
1158 1506 1285 1605 pericu

172 1617 242 1691 lum
259 1620 504 1719 perversionis,
526 1618 740 1695 vellabendi
764 1618 799 1690 in
820 1618 1007 1708 baeresim,
1033 1619 1199 1695 tunc'eibi
1225 1621 1285 1695 im-

172 1750 290 1832 putare
317 1735 439 1811 debent
465 1752 627 1836 peccata,
660 1760 803 1836 quorum
829 1736 979 1836 periculo
1003 1736 1208 1811 obiiciantur
1242 1748 1283 1811 cx

171 1852 324 1949 coniugis
342 1851 515 1942 absentia,
543 1854 601 1953 qui
623 1851 821 1954 pugnaciter
841 1853 875 1924 in
896 1854 1192 1952 perversitate-sua
1208 1878 1285 1952 pen·

170 1966 291 2043 sistere
304 1967 454 2055 malunt,
465 1995 572 2069 ‚quam
586 1995 723 2043 causam
736 1969 853 2043 tollere
868 1966 1104 2068 separationis.
1126 1966 1286 2067 Adeoque

168 2082 329 2168 ecelesia,
349 2083 431 2155 dum
453 2100 585 2182 praeter
608 2084 838 2159 fornicationis
860 2109 979 2158 casum
999 2083 1113 2183 plures
1130 2082 1217 2157 alias
1240 2081 1285 2156 le-

169 2196 307 2292 gitimae
335 2199 558 2295 separationis
579 2226 702 2274 causas
729 2199 897 2286 decernit,
925 2199 1118 2298 prospicere
1143 2196 1286 2271 intendit

170 2310 276 2410 partis
290 2311 477 2387 innocentie
490 2313 608 2401 saluti,
624 2315 686 2388 etsi
701 2330 818 2387 matra
834 2314 909 2388 cius
921 2312 1123 2386 voluntatem
1136 2313 1194 2412 qui
1209 2338 1285 2412 per·

169 2427 257 2499 versi
272 2445 369 2515 sunt,
389 2429 509 2503 exinde
530 2453 647 2503 ansam
668 2445 804 2501 sumant
816 2454 855 2500 se
869 2427 904 2499 in
917 2427 1077 2515 ustionis,
1098 2426 1285 2501 fornicatio-

171 2542 246 2630 nis,
263 2559 296 2618 et
308 2543 464 2618 adulterii
479 2544 675 2618 barathrum
696 2541 879 2616 iniiciendi.
901 2541 1036 2615 Falsum
1053 2543 1167 2641 itaquo
1183 2556 1236 2615 est
1250 2557 1285 2616 et

168 2657 415 2733 calumniosum
439 2660 607 2733 affirmare
633 2658 818 2733 catholicos
843 2656 935 2731 baud
962 2656 1125 2731 sollicitos
1144 2682 1221 2731 esse
1240 2657 1284 2730 de

169 2772 266 2848 hisee
289 2775 468 2876 periculis,
494 2775 556 2850 sed
576 2776 664 2849 inter
687 2775 757 2849 duo
773 2772 864 2847 mala
882 2773 996 2846 minus
1020 2772 1167 2870 eligunt,
1187 2799 1231 2846 ne
1246 2773 1283 2845 in

171 2890 269 2988 peius
287 2908 396 2965 ruant.
416 2891 544 2991 Ecquis
560 2891 732 2990 negaverit
756 2888 856 2989 longe
879 2888 976 2988 peius
994 2896 1076 2962 esse'
1097 2887 1283 2987 pericnlum

170 3005 373 3099 amittendae
396 3006 498 3094 fidei,
523 3033 625 3107 quam
649 3006 827 3082 violandae
852 3003 1123 3104 pudicitiaelllt
1145 3004 1283 3104 quidem

168 3145 247 3192 oum
272 3118 354 3192 illud
374 3120 477 3194 instat
503 3122 590 3220 parti
612 3121 803 3208 innocenti,
835 3120 900 3194 boc
927 3145 1007 3194 rere
1034 3119 1121 3219 parti
1150 3120 1280 3194 nocenti

170 3249 273 3333 atque
296 3232 500 3333 perversae?
524 3234 687 3309 ldemdic
709 3235 753 3308 de
776 3235 930 3308 caeteris.

240 3350 383 3423 Domum
413 3348 530 3423 subdit
557 3348 787 3424 Chemnitius:
815 3349 1060 3424 «contendunt
1085 3347 1279 3446 (catholici)

169 3479 248 3539 tunc
272 3465 396 3539 debere
420 3490 498 3539 esse
522 3463 704 3539 divortium
727 3464 762 3536 in
786 3491 855 3565 qno
879 3463 1051 3538 vinculum
1077 3461 1282 3537 matrimonii

169 3580 300 3655 salvum
324 3595 470 3655 maneat.
492 3578 593 3682 Atqui
619 3580 790 3681 pontificia
806 3579 866 3653 illa
883 3579 1095 3679 separatione
1103 3578 1282 3654 uinculum

167 3696 316 3795 coniugii
333 3695 448 3773 multis
462 3710 496 3770 et
506 3696 612 3770 variis
629 3697 739 3770 modis
754 3695 906 3770 solvitur.
919 3697 1003 3768 Nam
1016 3694 1100 3795 quid
1112 3696 1158 3770 sit
1169 3694 1284 3769 vinon-

169 3809 238 3882 lum
260 3811 463 3885 matrimonii
483 3811 605 3885 docent
620 3811 687 3884 hae
699 3811 903 3885 sententiae:
918 3811 964 3885 Et
980 3810 1168 3883 Mbocrcbt't
1183 3811 1285 3885 oceri

165 3950 265 3997 tuoe:
288 3926 462 3999 Faciamus
478 3929 512 4000 ei
527 3926 727 4000 adiutorium
747 3926 834 4026 quod
855 3942 902 3999 ert
922 3950 1032 3999 corum
1051 3927 1142 4024 ipso:
1160 3925 1283 3998 Mulier·

34 4066 36 4073 ·
166 4066 232 4111 ooo
258 4040 353 4112 babet
372 4058 563 4140 potestatem
585 4044 641 4116 eui
662 4042 805 4142 eorporis
834 4043 891 4116 sed
919 4044 1142 4117 cirrium
1169 4066 1282 4114 corree-

167 4157 234 4228 πίω
259 4182 298 4226 nc
323 4159 757 4233 teotcteeesctcrtoe1Noc
773 4174 852 4231 sunt
867 4157 949 4246 due,
971 4156 1028 4231 sed
1044 4183 1111 4229 unu
1134 4156 1226 4240 eutero,¹
1247 4169 1282 4230 et

168 4270 281 4369 ipsum
305 4272 553 4347 matrimonium
582 4275 742 4349 definitur
766 4273 941 4347 individue
964 4275 1051 4346 citae
1072 4272 1276 4346 corruamdo.

167 4384 209 4457 At
238 4385 460 4463 haecomnia
484 4389 619 4465 vincula
643 4388 949 4467 solvitdivortium
975 4389 1087 4490 quoad
1112 4405 1220 4466 torum
1245 4404 1281 4462 et
