3234 5084
348 443 416 513 lli
491 465 552 515 ms.
569 462 617 514 ιιι.
634 463 720 514 srcr.
737 463 867 514 ιιιιιι.
883 463 924 514 ιι
937 461 1050 514 tantm.
1070 462 1165 514 ιιιιι.
1181 461 1304 513 osum.

343 580 505 681 praehere
520 579 647 669 soleat,
668 606 735 655 non
761 581 892 680 privata
909 578 1120 668 auctoritate,
1146 579 1206 654 sod
1228 578 1392 654 ecclesiae
1409 580 1459 652 in·

343 696 433 771 dicio
464 696 537 769 fieri
568 696 688 784 debet,
719 712 819 796 prout
851 697 1019 771 sancitum
1048 710 1101 771 est
1130 696 1166 768 in
1194 697 1268 770 iuro
1293 695 1461 769 canonico

342 837 417 912 cap.
447 813 551 885 Porro
574 812 613 885 dc
637 812 787 886 divortiis
817 815 881 909 (3).
908 811 992 885 (lum
1017 827 1129 887 autem
1154 811 1322 911 separatio
1345 810 1458 910 quoad

342 925 623 1001 cohabitationem
661 928 852 1002 necessario
887 925 1037 1001 includat
1072 924 1173 999 stiam
1205 925 1458 1025 separationem

341 1041 454 1142 quoad
478 1056 608 1129 torum,
633 1066 777 1141 cumque
803 1067 840 1116 re
859 1041 927 1115 duo
951 1041 1040 1115 huoo'
1060 1040 1324 1138 coniunganmr,
1347 1053 1381 1112 et
1399 1037 1461 1111 iis-

340 1155 417 1230 dem
444 1148 531 1257 pone
554 1152 761 1254 argumentis
784 1158 1022 1243 adstrnsntur,
1043 1155 1174 1256 passim
1192 1155 1293 1228 etiam
1314 1179 1383 1227 una
1398 1178 1460 1227 ea·

338 1270 484 1372 demque
507 1273 693 1371 composita
718 1270 861 1345 iormuln
887 1268 1124 1346 enunciantur.

410 1386 564 1463 Ceterum
589 1387 633 1462 oh
657 1389 771 1463 varias
790 1413 914 1462 causas
930 1386 1099 1462 eiusmodi
1117 1383 1363 1484 separationem
1379 1382 1456 1456 lieri

337 1492 429 1576 licite
453 1528 555 1602 posse
572 1502 717 1578 sancivit
732 1528 828 1579 cono.
849 1501 1069 1578 tridentinum
1093 1500 1257 1574 adversus
1279 1514 1460 1573 novatores

337 1643 413 1691 can.
429 1618 516 1692 lllll.
535 1619 596 1690 «Si
615 1619 693 1719 quis
710 1618 853 1709 dixerit,
873 1618 1050 1693 eeclesiam
1067 1642 1199 1705 errare,
1220 1639 1298 1689 cum
1311 1613 1355 1688 oh
1372 1613 1459 1687 mul·

337 1749 390 1807 tas
407 1756 529 1809 causas
546 1735 791 1834 separationem
816 1735 904 1810 inter
928 1733 1088 1832 coniuges
1111 1732 1225 1833 quoad
1242 1732 1370 1818 torum,
1392 1756 1456 1804 seu

336 1848 448 1948 quoad
473 1849 772 1938 oohsbitotionem‚
805 1849 849 1923 ad
878 1865 1023 1937 certum,
1055 1846 1291 1947 incertumque
1320 1861 1456 1946 tempus

336 1963 408 2036 llari
435 1989 537 2063 posse
560 1964 731 2053 decernit3
755 1964 937 2040 anathema
959 1964 1052 2039 sit.»
1306 1964 1310 1971 '

372 2070 374 2075 ’
407 2075 592 2150 Concilium
616 2078 754 2178 quidem
777 2079 900 2152 maltos
924 2078 1028 2154 hasce
1052 2101 1196 2164 caum,
1218 2072 1263 2149 oh
1286 2080 1376 2175 quas
1398 2072 1453 2145 di-

334 2192 479 2265 vortium
503 2188 670 2267 eiusmodi
698 2194 771 2267 fieri
796 2208 905 2294 potest
933 2220 974 2266 ex
1004 2191 1168 2267 ecclesiae
1198 2189 1351 2263 ἀοοιιιιιι
1383 2212 1452 2262 non

334 2308 562 2395 onumeravit,
582 2332 698 2381 rerum
723 2304 875 2381 unanimi
897 2306 1127 2405 theologorum
1146 2326 1315 2379 consensu
1339 2328 1381 2375 ex
1394 2326 1453 2375 co-

333 2419 458 2495 olesiao
478 2420 623 2498 decretis
649 2438 681 2498 et
707 2423 801 2523 praxi
829 2422 1043 2525 potissimum
1068 2420 1211 2495 deducto
1246 2417 1362 2492 romae
1386 2416 1452 2491 hoe

332 2560 456 2611 causae
485 2536 527 2611 ad
558 2537 644 2612 duas
675 2536 824 2613 revocari
857 2536 966 2612 solent
994 2536 1192 2634 genericas,
1222 2530 1452 2633 quasplures

333 2649 419 2725 alias
437 2651 502 2726 suh
519 2678 558 2726 se
569 2652 846 2755 complectuntur.
867 2654 952 2728 Sunt
969 2668 1079 2725 nutem
1096 2674 1283 2725 consensus
1296 2662 1447 2733 mutuus,

330 2781 364 2839 et
379 2768 505 2841 crimen
518 2797 527 2855 ;
547 2784 581 2843 et
595 2785 739 2868 utraque
756 2794 826 2842 sao.
851 2769 1102 2867 scripturarum
1120 2765 1316 2840 auctoritate
1330 2776 1364 2836 et
1378 2778 1449 2836 tra-

333 2877 460 2953 ditione
484 2881 651 2955 innititur.

402 2994 453 3066 lix
477 3010 592 3070 mutuo
618 3021 786 3072 consensu
811 3015 955 3099 possunt
983 2998 1148 3096 coniuges
1177 3009 1312 3096 propter
1342 2990 1447 3064 maio·

329 3133 399 3181 rem
425 3108 662 3209 perlectionem
695 3129 730 3186 ct
754 3113 904 3189 altiorem
931 3130 1054 3189 statum
1081 3136 1119 3186 sc
1150 3110 1195 3184 ah
1226 3110 1370 3182 invicem
1394 3131 1446 3180 se·

330 3250 451 3325 parare
475 3225 520 3300 ad
545 3227 746 3305 coelibatum
772 3231 996 3330 profitendum
1013 3245 1091 3304 voto
1108 3238 1286 3330 perpetuo,
1307 3249 1348 3297 ao
1367 3248 1447 3325 pro·

327 3340 475 3416 lessione
507 3340 679 3441 religiosa.
709 3342 803 3431 Quae
837 3346 975 3445 quidem
999 3340 1120 3443 agendi
1152 3344 1238 3416 ratio
1263 3337 1447 3414 conlormis

325 3472 378 3530 est
401 3457 527 3531 Christi
554 3458 728 3534 doctrinae
753 3461 845 3560 apud
872 3460 988 3533 llatth.
1015 3461 1102 3533 xlx.
1122 3461 1180 3531 tt.
1213 3456 1356 3532 «Omnis
1384 3451 1444 3552 qui

325 3569 498 3671 reliquerit
522 3572 687 3648 domum.
713 3634 719 3647 .
744 3632 752 3646 .
778 3592 839 3649 aut
866 3601 1003 3649 uxorem
1025 3589 1083 3647 aut
1116 3571 1205 3647 lilios
1233 3587 1298 3645 stc.
1333 3581 1446 3641 cantu·

324 3683 417 3785 plum
443 3687 587 3788 accipiet
610 3704 644 3761 et
659 3689 763 3762 vitam
781 3704 950 3762 aeternam
968 3687 1200 3789 possidebit.»
1229 3687 1302 3760 Non
1320 3698 1444 3757 temere

401 3853 436 3918 (t)
452 3855 494 3905 stc
511 3856 579 3906 unm
600 3869 627 3907 sc
646 3856 721 3908 hahet
740 3858 788 3908 hoc
814 3857 958 3908 dsuetum:
981 3860 1079 3908 «Porro
1099 3856 1130 3911 ds
1148 3854 1240 3907 comita
1258 3851 1377 3912 Pontini,
1396 3849 1441 3914 qui

325 3934 352 3984 Β.
371 3947 473 3986 unorum
493 3948 564 3988 suam
585 3937 678 4002 obsum
698 3939 792 3990 iudicio
810 3939 927 3990 coeloeloc
947 3938 1057 4001 dimisit,
1069 3937 1129 4002 qut·
1149 3948 1204 3988 m
1223 3932 1441 3999 mgnoumtours

322 4015 407 4067 uxoris
428 4014 558 4069 defunctae
576 4019 708 4083 proponit3
724 4019 853 4083 prudentia
871 4022 915 4069 tus
934 4021 1080 4083 costroscm,
1096 4017 1163 4083 qnod
1182 4016 1297 4068 stetim
1316 4011 1442 4079 parentele

321 4097 387 4146 auct
403 4096 502 4160 puhllto
522 4100 550 4149 ot
568 4099 680 4162 notorio,
691 4099 784 4163 absquo
805 4099 896 4149 indicto
916 4098 1033 4149 crumas
1051 4098 1085 4148 nb
1102 4110 1132 4147 aa
1144 4096 1254 4160 asperari
1266 4107 1317 4146 nor
1332 4091 1439 4158 potnit»

322 4173 368 4224 nu.
382 4174 477 4226 nimos
495 4179 598 4229 meres
613 4180 731 4243 cruam
752 4181 804 4229 ιιι.
818 4178 888 4228 mm
908 4183 976 4230 ross.
988 4180 1050 4229 tom
1064 4180 1096 4228 ιι.
1109 4190 1135 4245 p.
1150 4184 1204 4228 sm.

396 4254 436 4306 Ol.
452 4257 535 4308 mma·
546 4259 655 4310 Ferreus
669 4258 695 4309 tn
708 4257 835 4309 Bttttotlt.
858 4270 953 4309 eccon.
968 4257 1001 4309 ad
1015 4257 1065 4309 litt.
1089 4261 1128 4309 nc
1144 4256 1269 4308 atomio
1284 4269 1310 4306 n
1324 4260 1354 4309 tt
1365 4265 1437 4316 sets·

322 4332 361 4384 ct.
371 4333 447 4425 mun
466 4335 567 4389 titutum
587 4337 717 4391 narrant.
730 4335 763 4388 dc
779 4336 903 4389 atuortttc
918 4336 961 4389 uhi
976 4335 1108 4389 mnuuhos
1122 4348 1194 4388 orsus
1206 4331 1388 4401 exceptiontloe
1397 4333 1438 4383 ln·

321 4426 412 4466 rennes
