3234 5084
326 414 394 487 494
457 435 518 487 nn.
534 431 582 484 ιιι.
600 432 686 487 enar.
703 431 835 484 ursan.
854 430 893 481 nr
909 429 1022 485 meres.
1041 430 1136 485 nra.
1154 431 1277 487 cnmsr.

323 553 427 629 mmet
452 553 622 640 admissa,
650 566 687 625 ut
711 551 913 627 recentiores
938 549 974 623 hi
1002 551 1198 652 interpretes
1224 552 1434 653 profitentur,

324 669 416 743 nulla
441 669 577 744 omnino
598 668 782 747 antaret‘in
806 665 877 741 illis
901 664 1014 743 verbis
1038 666 1231 767 difficultas.
1351 699 1355 707 ·

398 784 679 885 Quandoquidem
705 804 784 858 vero
816 781 953 856 unicum
982 799 1215 880 argumentum
1239 783 1284 859 ad
1317 810 1437 861 nouam

324 900 412 974 hana
429 900 735 999 interpretationem
753 897 1023 998 persuadendam
1039 898 1163 998 petitur
1178 924 1219 973 ex
1236 899 1434 999 philologia,

323 1015 421 1115 quia,
452 1013 629 1115 inquiunt,
655 1012 758 1087 rerba
780 1011 840 1086 illa
863 1028 999 1111 occepta
1023 1037 1125 1085 cansa
1148 1012 1434 1112 fornicationis...

322 1131 392 1204 nisi
410 1130 450 1203 ob
470 1129 715 1230 fornicationem
738 1154 800 1201 nee
824 1127 1038 1225 significant,
1063 1154 1126 1202 nec
1148 1128 1343 1227 significare
1360 1156 1439 1229 pos·

323 1262 403 1320 sunt
425 1244 591 1343 flagitium
616 1243 660 1319 ab
685 1243 845 1318 alterutra
869 1243 1096 1342 legitimorum
1120 1243 1312 1341 coniugum·
1327 1260 1439 1343 patra·

324 1376 394 1435 tum
413 1386 491 1435 aum
508 1376 686 1448 extrane03
711 1359 776 1435 ho'a
795 1358 888 1433 enim
912 1382 980 1433 nan
1002 1359 1087 1433 leret
1110 1344 1269 1455 πορνεία
1294 1358 1439 1458 [nnnc-

324 1478 392 1562 tio,
421 1476 595 1577 inquiunt,
621 1474 681 1548 sed
706 1459 874 1569 μοιχεία
897 1473 1122 1563 adulterium,
1158 1501 1227 1575 qua
1259 1499 1341 1550 voce
1371 1474 1440 1549 tale

322 1591 488 1691 flagitium
516 1590 672 1665 Christus
700 1606 891 1667 constanter
915 1590 1138 1688 designarit
1129 1617 1166 1662 m
1188 1589 1259 1664 illis
1278 1591 1440 1665 sermoni·

322 1706 406 1795 bus;
434 1721 582 1808 praestat
605 1705 730 1794 modo,
758 1722 797 1783 ut
821 1723 863 1781 ex
886 1705 964 1805 ipsa
988 1705 1176 1805 philologia
1207 1722 1438 1853 argumentum

323 1820 416 1920 quod
445 1821 586 1895 allertur
609 1836 811 1899 cremamus.

396 1938 468 2009 lam
491 1961 571 2010 reru
594 1961 709 2011 vocem
726 1920 903 2034 πορνείαν
920 1939 1113 2036 genoricum
1135 1960 1236 2027 esse,
1264 1954 1300 2015 et
1323 1937 1420 2012 ad
1392 1963 1439 2021 st-

322 2051 552 2150 gniliaandnm
578 2052 771 2150 promiscue
796 2053 1009 2129 scortationis
1034 2053 1162 2129 crimen
1188 2053 1261 2127 sive
1287 2078 1362 2127 eum
1388 2078 1440 2127 su

324 2164 416 2254 luta,
443 2166 517 2240 eive
540 2192 616 2239 erm
643 2164 784 2245 muliere
808 2167 1022 2247 matrimonio
1046 2166 1204 2267 copulata
1228 2166 1364 2245 tradunt
1386 2164 1438 2240 vel

324 2280 390 2382 ipsi
408 2281 519 2379 graeci
539 2293 705 2357 auctores.
722 2281 810 2357 Sane
823 2281 945 2357 Svidas
957 2309 1048 2356 unus
1065 2304 1106 2356 er
1123 2283 1210 2384 ipsis
1230 2306 1248 2353 a
1268 2267 1438 2382 πορνεία,

323 2395 452 2496 inquit,
475 2396 577 2473 etiam
600 2399 944 2497 est'intenpcrantia,
965 2398 1057 2497 quad
1078 2400 1330 2494 (scortatores)
1350 2422 1440 2470 men·

323 2527 390 2585 tem
415 2510 562 2586 habeant
591 2510 842 2600 induratam»
871 2511 907 2585 in
909 2539 1007 2643 qua
1038 2513 1285 2611 significatione
1314 2512 1440 2612 pariter

296 2684 300 2709 .
323 2653 352 2701 s.
369 2625 575 2702 Athanasius
596 2625 734 2702 scribit:
755 2613 947 2726 «nepesin
972 2628 1117 2716 dieitur,
1137 2629 1227 2733 quod
1238 2643 1315 2705 arat
1331 2630 1440 2703 innan·

324 2757 443 2830 tntem,·
458 2742 605 2844 etqnod
611 2743 773 2870 depravet
790 2740 844 2817 rel
889 2769 965 2817 naar
986 2760 1140 2821 excaecet
1160 2758 1305 2821 mentun
1321 2745 1436 2840 (80).»

323 2855 385 2931 Est
403 2872 515 2932 autem
539 2883 561 2932 a
585 2841 729 2957 captain
754 2857 808 2931 rel
831 2768 1007 2956 πῗρνννμν,
1032 2858 1124 2960 qued
1140 2872 1194 2933 est
1209 2856 1325 2933 9444444.
1341 2858 1439 2935 Scar-

323 2986 411 3045 tatar
433 2971 523 3044 enim
549 2997 674 3071 eorpus
699 2997 798 3045 suum
824 2972 1013 3070 prostituit,
1038 2989 1073 3049 et
1089 2972 1191 3051 ueluti
1218 2971 1334 3047 vendit
1349 2988 1383 3046 et
1398 2997 1438 3045 ex

323 3111 364 3160 eo
382 3101 559 3186 praestum
578 3087 669 3160 lacit.
690 3086 869 3187 Adeoque,
885 3103 923 3163 ut
935 3088 1103 3176 diximus,
1121 3115 1185 3165 ror
1199 3087 1435 3186 genericaest,

323 3226 412 3301 quae
434 3201 604 3299 signifieat
622 3204 883 3302 prostitutionem
906 3219 941 3278 et
964 3205 1201 3281 scortationum.
1218 3202 1270 3279 Ex
1285 3202 1439 3279 subiecta

323 3333 435 3391 autem
452 3316 593 3390 materia
616 3316 876 3405 determinatur,
903 3318 1041 3395 ubinam
1067 3304 1224 3414 πορνεία
1249 3318 1293 3392 de
1318 3321 1440 3418 praeti-

323 3432 451 3507 tutiona
470 3458 548 3509 eum
568 3431 680 3507 saluta
697 3458 740 3506 an
758 3459 838 3509 vero
859 3459 937 3509 cum
958 3436 1170 3511 matrimonio
1193 3435 1310 3514 inacta
1330 3435 1438 3534 accipi

321 3548 463 3637 debeat,
493 3573 612 3649 nempe
636 3547 680 3623 de
704 3549 852 3649 simplici
873 3550 1095 3626 fornicatione
1118 3551 1236 3626 autde
1258 3549 1434 3629 adulterio.

395 3665 483 3738 Sane
515 3663 669 3737 ridemus
701 3663 837 3739 notione
868 3663 1027 3740 adulterii
1056 3651 1231 3767 πορνείαν
1257 3693 1279 3741 a
1308 3668 1438 3765 graecis

324 3780 501 3881 usurpari3
531 3779 582 3853 sic
606 3776 762 3854 Clemens
788 3778 875 3855 alex.
899 3779 983 3854 dicit
1006 3768 1181 3879 πορνιίαν
1206 3808 1284 3861 esse
1308 3783 1350 3861 ab
1376 3809 1439 3859 urta

321 3896 528 3970 matrimonio
561 3893 607 3967 ad
636 3894 738 3993 plura
768 3895 1011 3995 prolapsionem
1032 3899 1148 3993 (81).»
1165 3899 1203 3972 ln
1232 3899 1297 3975 hae
1322 3898 1439 3974 eadem

395 4151 689 4216 wwssmu

394 4232 445 4293 (st)
459 4233 584 4282 stromat
606 4230 649 4282 lib.
672 4233 717 4282 ΙΙΙ.
738 4246 793 4297 pag.
813 4237 868 4285 tet.
887 4235 931 4299 qn
953 4238 1081 4300 pmeterea
1099 4237 1142 4289 un.
1158 4240 1225 4290 vlu.
1242 4250 1297 4302 pag.
1310 4242 1365 4291 744
1377 4238 1439 4288 tuter

320 4322 407 4377 πννρει
411 4324 504 4365 nesea
526 4312 696 4364 lcmlmtionls
714 4314 807 4377 species
826 4315 901 4366 ettam
918 4319 1032 4368 namnet
1049 4309 1193 4382 annornm
1194 4318 1367 4382 scamnum
1385 4319 1446 4368 441··

323 4388 412 4451 dnm,
431 4390 589 4454 tncnnan,
605 4393 907 4449 ammoneantur
926 4400 997 4450 Ram
1010 4400 1029 4449 1
1045 4404 1095 4458 49.,
1109 4400 1137 4449 ut
1151 4397 1442 4464 npomreopmtnnn
