3234 5084
339 352 382 421 ld
503 372 565 421 ΗΒ.
587 373 635 422 ΙΙΙ.
656 370 743 420 SECT.
763 372 788 421 1.
810 371 850 419 Μ
867 369 962 419 utta.
981 367 1104 417 eumer.
1127 365 1269 415 UNlTffl.

410 491 535 565 Eodem
554 489 665 564 modio
682 514 775 574 aevo,
803 514 844 561 ac
860 486 977 561 eadem
996 486 1099 557 lerme
1116 500 1223 559 aetate
1240 486 1348 558 extitit
1363 487 1449 559 Tan·

337 606 489 680 cholinus
516 607 574 705 qni
593 632 630 678 se
647 605 759 704 ipsum
782 605 889 675 Deum
910 600 1055 675 faciebat
1075 627 1114 674 ac
1136 602 1213 674 lesu
1234 600 1368 674 Christo
1385 630 1446 702 pa-

337 750 427 809 rom,
456 723 514 822 qui
541 749 607 796 non
634 720 700 793 alia
725 723 768 794 de
794 746 896 793 causa
926 720 1017 790 Deus
1046 717 1239 804 dicebatur,
1268 718 1335 791 nisi
1365 721 1446 819 qnia

336 853 506 936 receperat
519 835 678 935 Spiritum
695 836 854 907 Sanctum
875 832 972 906 cuins
992 831 1235 931 plenitudinem
1256 858 1293 904 se
1310 859 1446 932 quoque

335 952 509 1052 accepisse
531 950 764 1050 profitebatur,
785 977 826 1022 ox
842 976 909 1050 quo
927 948 1089 1021 inlerebat
1106 973 1143 1021 so
1158 973 1223 1020 non
1245 946 1351 1019 luisse
1368 948 1446 1021 lesu

334 1066 469 1139 Christo
489 1065 558 1139 ullo
580 1064 679 1139 modo
701 1064 904 1137 inferiorem.
930 1064 967 1134 ln
992 1089 1091 1136 omno
1116 1077 1226 1134 autem
1252 1060 1369 1134 vitium
1396 1062 1445 1135 el-

334 1180 429 1254 lusus
462 1181 651 1278 promiscue
684 1195 846 1278 quotquot
876 1194 1004 1276 poterat
1033 1177 1187 1250 foeminis
1217 1174 1440 1263 abutebatur,

333 1322 432 1395 quem
459 1296 583 1395 pariter
607 1294 681 1367 eius
707 1291 867 1392 discipuli
894 1293 1012 1365 imitati
1038 1308 1118 1365 sunt
1138 1294 1226 1387 (23).
1243 1291 1312 1363 llos
1338 1293 1444 1365 secuti

333 1427 411 1485 sunt
425 1411 599 1509 Turlupini
626 1410 661 1482 in
681 1434 813 1483 omnem
831 1424 863 1481 et
881 1408 947 1507 ipsi
966 1407 1206 1507 turpitudinem
1223 1406 1321 1480 ellusi
1348 1408 1445 1507 cyni-

333 1553 390 1601 cos
416 1526 623 1600 aemulantes
643 1528 732 1621 (30).
770 1524 774 1535 ’

405 1642 483 1713 Post
508 1640 591 1713 baec
618 1640 772 1739 persequi
798 1665 865 1711 non
889 1654 986 1711 vacat
1010 1638 1151 1711 docendi
1177 1664 1217 1711 ac
1233 1639 1367 1712 vivendi
1390 1667 1442 1713 ra·

331 1757 455 1829 tionem
472 1780 575 1854 quam
593 1753 709 1826 sectati
727 1768 807 1826 sunt
825 1753 1111 1851 pseudo-mystici
1129 1752 1278 1827 cuiusvis
1300 1755 1439 1841 aetatis,

332 1871 380 1944 uti
398 1868 595 1942 massaliani
608 1870 697 1963 (31),
715 1867 888 1966 apostolici
901 1870 990 1962 (32),
1004 1866 1135 1941 lollardi
1151 1870 1240 1963 (33),
1252 1869 1311 1968 qui
1324 1895 1441 1942 omnes

333 1985 468 2083 nuptias
485 1983 719 2081 deprimebant
730 2000 788 2055 aut
804 1982 1009 2055 damnabant
1021 1982 1085 2056 sub
1098 1984 1321 2057 continentiae
1334 1984 1438 2070 larva,

331 2116 364 2173 et
377 2098 508 2171 interim
522 2123 560 2170 se
571 2097 774 2171 libidinosae
789 2098 1081 2197 concupiscentiae
1098 2125 1235 2197 prorsus
1251 2098 1438 2171 tradebant.

333 2215 424 2286 ldom
449 2213 589 2310 contigit
622 2212 799 2287 thaboritis
836 2215 931 2307 (34),
968 2213 1189 2312 anabaptistis
1223 2216 1315 2309 (33),
1344 2214 1441 2314 quie·

332 2327 419 2401 tistis
440 2330 537 2424 (36),
564 2329 623 2428 qui
650 2329 791 2401 summis
816 2326 974 2401 laudibus
1007 2328 1202 2427 pudicitiam
1233 2329 1436 2413 efferebant,

330 2443 478 2542 dumque
503 2469 542 2515 se
566 2444 600 2514 in
625 2442 780 2517 vitiorum
799 2441 870 2516 luto
887 2442 1094 2531 volutabant,
1115 2443 1295 2543 quamdam
1320 2446 1441 2545 impec-

329 2692 369 2742 od.
390 2694 473 2742 Peter.
491 2690 561 2741 noble
580 2692 692 2753 expauit3
713 2691 812 2740 illorum
832 2693 917 2741 coetus
936 2690 1043 2752 appellat
1062 2690 1214 2753 speluncam
1233 2703 1276 2741 seu
1295 2702 1437 2741 cavernam

328 2774 506 2821 transtrorum
515 2770 568 2820 sine
578 2770 723 2819 verecundia
733 2770 880 2833 degentium.
887 2770 1004 2820 creatu
1015 2771 1132 2820 Clamant.
1139 2771 1337 2822 Aleustroarut.
1345 2771 1387 2821 lib.
1394 2774 1438 2822 ru.

331 2866 356 2914 p.
368 2854 412 2901 437
431 2863 501 2913 seqq.
513 2863 535 2900 a.
545 2851 673 2912 Augustln.
691 2854 727 2900 De
741 2850 869 2901 haeresib.
884 2854 990 2901 Haeret.
1005 2853 1109 2901 XXXI.
1120 2852 1276 2902 Philostrluut
1292 2852 1439 2903 brixiensem

328 2943 382 2994 cap.
403 2932 488 2980 xllx.
510 2930 597 2987 Quoad
622 2931 766 2981 recentiores
786 2932 818 2981 ct.
834 2926 940 2995 Plnquet
961 2934 1071 2982 Dtettoa.
1095 2930 1140 2982 des
1163 2932 1244 2983 lueres.
1267 2935 1345 2984 Paria.
1369 2938 1438 2984 tate.

329 3012 375 3059 art.
389 3008 531 3059 Aelamites.

402 3088 452 3151 (aa)
466 3089 505 3138 ct.
518 3088 624 3151 Plaqnet
639 3102 679 3152 op.
696 3090 739 3139 cit.
757 3092 804 3141 art.
819 3089 969 3141 rocchetta.
987 3092 1038 3140 Hos
1054 3091 1128 3141 etiem
1146 3090 1207 3142 diris
1223 3093 1347 3143 caloribus
1362 3092 1439 3157 plagit

328 3167 442 3217 tlicbelet
457 3168 482 3216 ln
502 3180 547 3218 aaa
563 3171 632 3218 arsa.
643 3168 676 3219 de
686 3171 802 3230 Fraace,
812 3173 873 3219 tom.
886 3173 919 3221 11.
930 3184 955 3233 p.
968 3177 1012 3221 333
1022 3183 1092 3234 seqq.

402 3248 451 3310 (33)
465 3248 504 3297 ct.
517 3249 657 3299 Prateolum
676 3253 713 3299 De
727 3252 804 3313 uitta,
822 3253 898 3300 sectis
912 3253 938 3299 et
953 3249 1095 3314 doamatttr.
1108 3252 1207 3303 haeret.
1222 3251 1329 3303 Eteocle.
1345 3254 1435 3317 alplra·

328 3328 434 3378 beticus.
447 3327 564 3377 Coloniae
577 3335 643 3379 1581.
657 3328 700 3379 tio.
712 3330 798 3379 xvlll.
811 3341 866 3391 pag.
878 3333 932 3379 tat.

399 3406 449 3468 (tt)
464 3406 661 3471 cl.a.Epipban.
671 3411 708 3457 De
722 3408 822 3458 haeres.
840 3411 944 3458 Haerec.
958 3411 1053 3459 Lxxx.

399 3486 450 3548 (aa)
466 3486 530 3536 cla.
539 3485 687 3536 {temerata
696 3489 797 3537 Caattc.
806 3490 935 3537 sermm(
942 3488 1187 3552 V.etea1.lttabillon.
1196 3489 1380 3542 Arruteottam.
1390 3494 1434 3543 ru.

329 3581 351 3629 p.
365 3566 577 3629 respargente
589 3566 695 3617 collect.
704 3565 787 3617 tuate.
798 3569 859 3616 tom.
871 3569 891 3617 1.
906 3581 929 3631 p.
943 3574 981 3618 tt.
992 3566 1125 3618 Nat‘tlex.
1140 3572 1199 3620 sect.
1212 3572 1267 3620 ΧΗ.
1279 3574 1326 3621 art.
1338 3574 1379 3621 xl.
1399 3576 1435 3622 De

327 3646 401 3695 variis
412 3645 614 3710 apostaticarum
625 3648 699 3698 sectis
708 3647 758 3697 late
768 3647 866 3698 disserit
877 3648 1004 3699 prateolus
1014 3662 1054 3713 op.
1064 3650 1106 3698 eit.
1115 3649 1157 3700 tib.
1167 3652 1435 3717 1.cap.59.p.5tseqq.

399 3727 448 3789 (33)
464 3725 502 3777 cl.
518 3728 600 3791 Dupin
616 3731 686 3779 litat.
697 3727 742 3777 des
754 3732 875 3779 contrua.
886 3732 996 3792 quaten.
1009 3729 1082 3780 siecle
1095 3744 1119 3794 p.
1130 3734 1183 3782 433.
1193 3731 1335 3795 d’rtrgenue
1343 3746 1382 3797 op.
1391 3734 1434 3783 cit.

327 3810 386 3855 tora.
400 3807 418 3854 l.
431 3818 485 3868 pag.
501 3813 553 3857 282.

397 3883 448 3946 (33)
464 3883 502 3934 Gl.
513 3886 652 3936 Pratoolum
665 3887 756 3950 apoll.
769 3887 812 3937 lib.
822 3890 909 3937 xvlll.
918 3902 972 3953 pag.
986 3893 1040 3941 tat.

397 3965 447 4028 (33)
463 3966 501 4015 Ol.
514 3966 592 4017 Sudro
609 3967 767 4018 mataledo
784 3972 982 4032 communicate,
994 3972 1034 4022 ed.
1046 3972 1088 4023 eit.
1100 3986 1125 4037 p.
1138 3977 1168 4022 79
1178 3986 1247 4036 seqq.

397 4044 447 4107 (33)
463 4045 501 4094 ct.
510 4044 614 4099 constit.
624 4049 848 4098 innocxlrontra
858 4063 952 4101 errores
962 4050 1074 4102 Michael.
1085 4053 1189 4103 Mollnoa
1199 4053 1256 4104 date
1264 4054 1305 4106 dio
1319 4062 1354 4105 13.
1360 4055 1431 4105 Febr.

328 4128 394 4174 1337.
405 4137 470 4186 quae
480 4123 579 4188 lncipll:
594 4126 716 4177 Caeleetta
732 4130 828 4178 Pastor
841 4129 906 4193 apud
917 4129 1059 4194 d'Argentrt
1068 4134 1430 4198 op.cit.tom.lll.p.ttaaeqq.

324 4206 362 4254 ct.
371 4204 430 4254 item
442 4204 540 4267 Bergier
552 4206 705 4257 atellanae
715 4207 824 4272 tatotop.
835 4208 867 4258 ad
878 4223 963 4261 rocem
973 4211 1149 4263 Moltnostsrae
1160 4214 1201 4264 ubi
1213 4214 1330 4266 adversas
1342 4215 1432 4267 Mache

326 4285 403 4335 mium
414 4284 534 4336 eiusmodi
546 4285 728 4338 damnationem
746 4288 862 4340 vindicat.
