3234 5084
337 352 406 423 tlt
492 373 554 424 nn.
565 371 613 424 111.
630 370 716 422 seer.
733 371 863 423 mrrnr.
880 372 920 423 nr
937 371 1049 423 inuras
1066 372 1160 423 urna.
1176 371 1299 425 eruar.

339 516 421 563 num
445 515 548 589 opera
572 504 605 562 et
629 504 716 573 arte;
736 514 777 563 ea
793 490 828 562 in
846 488 970 589 quibus
986 489 1069 564 uitia
1086 487 1315 588 praevalerent
1331 491 1454 591 ingur-

337 605 529 703 gitationis,
549 604 637 691 irae,
658 629 746 704 quae
763 620 906 692 temere,
922 630 1010 705 quae
1023 619 1131 677 aetate
1145 604 1342 693 immatura,
1358 632 1453 705 quae

337 723 424 794 inter
440 720 560 794 stultos
579 720 703 794 luerint
715 720 816 809 inita;
832 720 983 795 eaetiam
996 720 1032 793 in
1044 721 1169 821 quibus
1181 722 1280 795 timor
1297 722 1452 798 inesses-

338 836 383 908 rit
404 836 544 923 veneni,
572 835 705 923 caedis,
734 835 869 936 aliaque
899 834 1065 934 permulta
1092 836 1306 911 inoommnda
1335 837 1452 910 immi-

337 965 465 1025 nerent.
494 950 564 1024 lam
593 951 623 1024 si
654 949 709 1024 his
738 948 885 1051 aliisque
915 973 1018 1051 pmpe
1047 950 1232 1025 innumeris
1259 951 1304 1025 de
1332 952 1450 1027 musis

336 1066 503 1139 connubia
528 1081 666 1167 possent
689 1067 840 1165 seiungi,
864 1067 980 1167 ecquis
1004 1093 1072 1142 non
1095 1067 1190 1142 uidet
1203 1068 1260 1142 uix
1276 1067 1348 1142 ulla
1368 1063 1468 1142 sub'

337 1179 457 1254 sistere
482 1179 579 1254 firma
602 1179 783 1277 coniugia?
799 1181 932 1255 Fatetur
956 1179 1010 1254 uel
1034 1180 1109 1281 ipse
1132 1180 1295 1255 Erasmus
1324 1180 1448 1256 horum

336 1294 567 1393 coniugiorum
594 1293 728 1396 plenum
745 1295 907 1369 mundum
930 1320 1023 1383 esse,
1044 1321 1085 1370 ao
1102 1295 1234 1369 infinita
1255 1296 1449 1371 mortalium

332 1408 443 1485 millia
468 1409 522 1485 his
548 1410 654 1484 teneri
681 1409 877 1511 illaqueata,
905 1409 1057 1511 adeoque
1082 1411 1112 1485 si
1136 1410 1210 1486 eius
1231 1410 1362 1486 theoria
1386 1410 1450 1486 ad-

338 1525 543 1614 mitteretur,
571 1524 722 1600 visulla
747 1526 961 1600 matrimonia
986 1526 1113 1614 forent,
1140 1550 1229 1626 quae
1252 1551 1321 1600 non
1345 1525 1450 1602 deba-

336 1655 426 1727 rent,
453 1638 506 1715 vel
537 1655 677 1740 possent
699 1640 853 1714 dissolui.
873 1641 916 1714 Et
939 1639 1004 1714 hae
1027 1640 1064 1712 in
1085 1639 1264 1740 hypothesi
1283 1640 1447 1742 quidnam

339 1753 434 1828 fieret
449 1754 492 1828 de
509 1754 668 1828 societate
685 1753 881 1852 eoniugalil
898 1753 988 1842 Quid
1001 1754 1045 1829 de
1056 1753 1173 1855 prole?
1185 1754 1275 1842 Quid
1286 1755 1330 1830 de
1342 1756 1447 1831 soeie·

338 1882 406 1943 tate
429 1867 612 1943 universal
1167 1925 1169 1928 -

410 1983 445 2054 Si
463 2008 584 2057 causae
605 1983 789 2057 recensitae
811 1982 1002 2059 sulfieerent
1022 1984 1067 2058 ad
1084 1983 1254 2059 uinculum
1269 1982 1446 2082 ooniugale

338 2096 486 2172 emedio
502 2095 705 2185 tollendum,
725 2095 969 2171 conclamatum
986 2097 1086 2199 plane
1103 2114 1195 2174 esset
1209 2099 1252 2174 de
1268 2124 1348 2176 uero
1365 2125 1448 2175 eon-

337 2212 453 2309 iugum
483 2212 669 2300 consortio,
702 2212 793 2314 quod
825 2230 1035 2288 revoearetur
1058 2214 1094 2286 in
1119 2213 1287 2315 plerisque
1316 2213 1361 2289 ad
1388 2238 1447 2289 eo-

335 2325 563 2401 honestandas
588 2327 808 2427 cupiditates,
836 2352 925 2429 quae
948 2352 1025 2401 eum
1049 2326 1199 2428 expletae
1222 2346 1356 2417 essem,
1382 2328 1445 2430 qui

336 2442 481 2543 pertaesi
506 2442 620 2518 uxoris
644 2441 786 2531 luerint,
814 2458 953 2542 possent
978 2441 1022 2516 ad
1047 2442 1149 2516 aliam
1174 2469 1212 2517 se
1232 2460 1443 2529 eonvmtere,

337 2571 371 2631 et
393 2557 442 2631 ita
466 2583 577 2658 porro.
598 2556 681 2631 (lum
706 2558 864 2632 deessent
887 2583 987 2632 uerae
1011 2582 1153 2645 causae,
1181 2558 1318 2633 fictitiae
1346 2584 1446 2633 exeo-

336 2672 522 2770 gitarentur
546 2672 589 2747 ad
615 2673 715 2747 finem
745 2672 977 2747 obtinendum.
998 2672 1207 2772 cupiditates
1235 2674 1324 2751 eninr
1349 2673 1448 2748 iudo·

337 2786 440 2860 mitae
464 2787 508 2860 ad
533 2787 640 2860 instar
664 2787 843 2861 furentium
868 2812 1030 2889 equorum
1055 2787 1209 2863 homines
1224 2790 1261 2861 in
1282 2812 1446 2888 praeoeps

337 2912 491 2996 agerent,
519 2914 553 2973 et
577 2899 612 2971 in
637 2899 774 2973 exitium
800 2927 841 2974 ex
870 2927 938 3002 quo
963 2926 1000 2976 se
1023 2901 1170 3002 amplius
1198 2902 1349 3002 recipere
1377 2928 1445 2977 non

337 3028 489 3114 possent.

409 3125 504 3213 Quae
533 3150 609 3200 eum
641 3127 688 3201 ita
718 3154 755 3203 se
783 3127 956 3218 habeant,
989 3130 1136 3229 prolecto
1164 3129 1345 3229 Apostolus
1375 3146 1445 3203 arm

336 3239 493 3317 Fabiolae
517 3259 587 3316 tum
612 3242 689 3317 aliis
714 3243 1004 3346 quibuscumque,
1034 3245 1093 3345 qui
1119 3244 1154 3317 in
1180 3244 1301 3318 iisdem
1317 3243 1445 3344 reperi·

337 3373 451 3432 rentur
475 3384 587 3432 rerum
605 3357 793 3447 adiunctis,
813 3384 881 3434 non
897 3357 992 3432 aliud
1016 3358 1208 3447 renalium,
1230 3359 1335 3433 immo
1354 3384 1448 3457 prae-

335 3488 469 3572 ceptum
494 3471 606 3558 dmet,
627 3498 729 3571 quam
746 3470 838 3573 quod
855 3472 950 3545 dedit
966 3471 1165 3561 Corinthiis,
1186 3462 1323 3572 quodsi
1341 3471 1448 3545 diea-

334 3592 434 3675 aert't,
462 3617 590 3663 munere
619 3592 810 3689 innuptum,
843 3604 901 3663 out
928 3590 999 3662 airu
1027 3615 1085 3662 eam
1112 3587 1334 3671 meoneiliuri,
1362 3586 1447 3687 quia

337 3718 551 3804 praeceptum
576 3705 710 3778 Domini
736 3719 804 3792 est,
823 3729 960 3777 usumin
976 3729 997 3777 o
1013 3705 1083 3776 niro
1099 3730 1164 3775 uon
1180 3702 1351 3776 discedere.
1372 3702 1447 3776 Non

336 3817 413 3892 ideo
428 3844 508 3892 vero
525 3817 662 3893 Fabiola
678 3818 882 3918 poenitentia
894 3818 1033 3893 multata
1044 3833 1113 3906 est,
1128 3843 1190 3891 seu
1201 3817 1314 3918 potius
1326 3835 1449 3917 sponte

337 3959 375 4007 se
398 3933 429 4007 ei
455 3934 616 4021 subiecit,
644 3935 735 4036 quod
761 3962 781 4007 a
805 3934 974 4032 flagitioso
1003 3960 1041 4008 se
1069 3933 1190 4007 marito
1218 3934 1443 4032 separaverit:

337 4047 402 4122 hoo
427 4049 516 4121 enim
546 4047 640 4122 nulla
669 4050 743 4123 iura
766 4049 943 4136 vetabant3
965 4048 1025 4124 sed
1055 4049 1146 4149 quod
1176 4065 1291 4123 eontra
1319 4048 1445 4123 Christi

337 4180 551 4265 praeceptum
578 4163 672 4238 alteri
698 4164 869 4264 nupserit,
895 4165 1027 4239 uiuente
1043 4163 1147 4263 priori
1166 4163 1325 4261 coniuge,
1351 4163 1447 4260 igne·

338 4303 430 4366 rans,
450 4295 489 4353 ut
505 4279 623 4373 scribit
639 4306 669 4353 s.
680 4279 925 4380 hieronymus,
941 4279 1104 4379 euangelii
1122 4279 1277 4378 rigorem.
1289 4281 1372 4354 Nam
1389 4301 1446 4352 ve-
