3234 5084
398 447 468 499 car.
484 448 517 497 v.
534 447 574 499 nt
587 447 696 499 sotor.
713 448 840 500 trram.
857 448 955 501 nra.
972 447 1043 500 mr.
1064 449 1087 500 r.
1239 430 1308 502 111

193 566 292 654 serit,
311 579 346 639 et
369 580 450 638 tuno
465 562 604 638 alteram
618 563 774 638 duxerit?
789 567 864 639 Non
880 566 963 666 quia
978 582 1012 640 et
1027 564 1093 641 hoc
1108 564 1309 642 adulterium

192 707 259 755 non
276 695 345 767 est3
367 679 428 754 sed
445 680 527 779 qnia
543 679 657 753 minus
682 694 754 767 est,
784 678 844 752 ubi
869 680 1053 756 fornicante
1076 680 1239 771 dimissa,
1260 683 1311 757 al·

190 810 261 869 tera
279 793 414 869 ducitur
433 796 560 891 (10).s
588 794 687 882 Quod
716 794 792 868 lues
810 794 934 869 deinde
959 795 1185 897 prosequitur.
1276 892 1278 895 ι

274 910 357 982 Item
382 935 412 983 s.
441 908 668 1009 Hieronymus
693 908 729 982 in
754 908 873 984 llatth.
904 909 992 982 XIX.
1026 910 1061 983 in
1086 909 1147 983 ills
1176 909 1305 986 verba:

191 1024 392 1124 Quicmce
416 1038 481 1098 etc.
509 1023 648 1098 scribit:
676 1026 757 1098 Solo
784 1025 960 1125 [minotio
988 1039 1055 1110 est,
1084 1030 1172 1126 quac
1194 1028 1310 1101 uxoris

188 1139 302 1213 vincat
326 1139 502 1214 affectum:
537 1138 639 1214 immo
664 1165 741 1213 cum
767 1138 826 1212 illa
847 1166 950 1213 unam
982 1165 1116 1214 carnem
1140 1140 1178 1213 in
1206 1140 1308 1215 aliam

187 1255 362 1342 diviserit,
381 1270 416 1328 et
431 1280 468 1329 so
484 1254 705 1330 fornicatione
729 1256 937 1356 separaverit
952 1280 973 1328 a
989 1256 1129 1344 marito,
1158 1281 1225 1330 non
1250 1256 1309 1330 de·

188 1369 246 1444 bet
270 1369 400 1458 tenem;
432 1396 475 1444 ne
502 1369 613 1445 virum
636 1395 774 1471 quoque
809 1369 874 1444 sub
900 1369 1081 1444 maledicto
1106 1369 1227 1459 faciat,
1255 1370 1310 1444 di·

188 1501 285 1560 cente
312 1483 507 1586 Scriptura:
543 1485 612 1573 Qut
634 1484 820 1560 auctorum
844 1499 951 1571 emt,
986 1485 1108 1558 stolae
1132 1500 1163 1559 et
1186 1488 1307 1585 impius

188 1602 248 1673 cst.
270 1598 507 1700 Ubiquumque
521 1613 574 1673 est
590 1600 693 1697 igitur
717 1600 911 1688 lomicatio,
930 1615 965 1675 et
988 1599 1220 1673 seminationis
1245 1626 1304 1675 su·
1401 1642 1405 1651 ⁴

189 1715 317 1815 spicio,
346 1714 450 1790 libere
472 1741 557 1789 uxor
580 1713 771 1789 dimittitur.
806 1715 851 1789 -Et
870 1715 952 1816 quia
977 1729 1107 1813 poterat
1131 1713 1301 1803 accidere,

186 1847 225 1904 ut
248 1828 373 1930 aliquis
394 1829 597 1905 calumniam
621 1829 747 1904 laceret
771 1830 961 1918 innocenti,
989 1845 1023 1903 et
1051 1829 1095 1903 ob
1121 1829 1305 1903 secundam

186 1944 343 2045 copulam
363 1946 578 2046 nuptiarum,
597 1946 700 2021 veteri
714 1946 840 2019 crimen
853 1945 1073 2045 impingeret,
1093 1943 1144 2018 sic
1161 1942 1305 2043 priorem

185 2061 354 2137 dimittere
378 2062 512 2137 iubetur
530 2087 684 2150 uxorem,
712 2078 750 2136 ut
774 2061 985 2148 secundam,
1013 2061 1125 2160 prima
1148 2059 1302 2148 vivente,

185 2202 253 2252 non
277 2175 401 2251 habeat
420 2178 539 2274 (11).n
559 2174 636 2249 Alia
652 2175 817 2249 eiusmodi
836 2175 1028 2252 testimonia
1044 2200 1120 2249 cum
1141 2190 1220 2249 nota
1237 2173 1307 2250 sint

186 2292 425 2391 praetermitto.
568 2294 571 2301 '

258 2407 322 2481 llis
347 2406 503 2482 addenda
527 2424 580 2482 est
602 2405 767 2480 ccclesiae
790 2422 825 2480 et
844 2403 1065 2481 ecclesiastici
1082 2403 1144 2479 lori
1161 2428 1305 2478 consue·

185 2522 286 2609 tudo,
316 2549 500 2624 numquam
531 2522 622 2597 enim
653 2521 697 2595 ad
728 2519 945 2594 obtinendam
977 2519 1226 2620 separationem
1259 2516 1303 2591 ad

184 2639 293 2713 lorum
306 2636 573 2714 ecclesiasticum
587 2635 820 2712 accusationes
833 2634 1029 2709 deferuntur
1040 2647 1227 2707 oeterorum-
1237 2630 1303 2705 cri-

184 2754 334 2843 minum,
356 2770 456 2852 prout
471 2752 593 2827 deferri
611 2753 734 2852 iugiter
754 2750 864 2826 solent
879 2748 1114 2824 accusationes
1131 2746 1300 2834 adulterii,

185 2892 262 2940 oum
287 2867 340 2942 vel
365 2885 454 2943 cena
478 2884 674 2967 emumenta
705 2867 758 2943 vel
784 2865 1006 2965 gravissimae
1030 2862 1242 2963 suspiciones
1270 2878 1305 2937 et

185 2981 397 3056 coniecturae
420 2984 463 3057 ad
486 2982 707 3059 evincendum
731 2980 962 3058 [emicationis
991 2979 1156 3078 flagitium
1178 2977 1303 3079 alteru·

184 3096 270 3171 trine
281 3097 433 3195 coniugis
453 3097 910 3199 suppetunt'Concludamus
923 3095 1049 3171 idcirco
1065 3110 1196 3195 oportet
1206 3091 1303 3168 adul·

185 3212 259 3285 terii
278 3213 414 3287 nomine
431 3212 465 3285 in
491 3239 527 3287 re
552 3238 620 3314 qua
643 3213 687 3285 de
711 3212 821 3311 agitur
845 3237 965 3314 pressa
981 3211 1228 3310 significatione
1242 3234 1301 3283 ve-

182 3327 256 3400 nire
279 3327 468 3425 coniugalis
493 3327 633 3401 thalami
657 3326 871 3401 violationem
896 3352 956 3429 per
979 3350 1198 3424 congressum
1222 3348 1300 3397 cum
1334 3351 1336 3355 ’

182 3458 339 3517 extraneo
363 3442 416 3516 vel
444 3459 629 3530 extranea,
665 3467 809 3541 eamque
840 3442 874 3513 in
905 3466 1025 3540 genere
1054 3464 1118 3513 suo
1149 3436 1298 3538 comple-

180 3573 247 3632 tam
266 3560 355 3654 (12).
371 3556 480 3659 Atque
495 3585 537 3633 es
554 3556 609 3632 his
627 3583 785 3655 germana
806 3583 902 3633 mens
915 3556 1114 3655 intelligitur
1126 3571 1294 3643 'textum

182 3674 241 3773 qui
266 3673 358 3748 allati
382 3689 482 3748 antea
507 3688 588 3748 sunt
610 3699 652 3748 ex
669 3698 718 3747 ss.
738 3670 949 3770 Augustino,
970 3672 1174 3772 Hieronymo
1191 3684 1224 3745 et
1241 3671 1300 3744 lsi·

182 3786 285 3877 doro,
313 3789 371 3889 qui
397 3806 486 3864 certe
510 3789 690 3864 noluerunt
710 3787 874 3869 adulterio
894 3787 990 3887 paria
1009 3787 1119 3862 lacere
1136 3786 1300 3861 recensita

180 3902 329 4000 flagitia,
356 3905 404 3979 uti
429 3931 471 3980 ex
494 3904 650 3980 adductis
670 3922 787 3981 eorum
812 3902 925 3979 verbis
951 3901 1091 4003 planum
1112 3903 1162 3977 lit.

255 4162 307 4225 (1ο)
321 4165 384 4228 opp.
396 4164 437 4215 ed.
448 4167 528 4216 Maur.
539 4170 601 4217 toni.
614 4169 656 4217 vt
668 4167 716 4218 col.
733 4172 776 4218 ³91
789 4178 842 4230 seu.

254 4241 306 4302 (11)
322 4243 463 4294 cossam.
473 4244 500 4296 tn
510 4258 564 4310 cap.
575 4247 640 4297 xlx.
649 4247 736 4297 Matth.
745 4259 770 4295 v.
781 4253 805 4298 s.
818 4243 858 4296 ed.
867 4244 974 4296 vallars.
985 4247 1044 4296 tom.
1054 4246 1110 4296 vlt.
1127 4244 1176 4295 cot.
1188 4249 1233 4296 tte
1244 4256 1297 4308 seo.

178 4400 230 4452 m
253 4321 305 4451 ((1)
320 4322 359 4372 cf·
372 4324 554 4452 ⁴Trotuttslliutu
573 4328 611 4378 lte
631 4330 713 4379 matr.
738 4325 835 4379 distem
858 4327 902 4376 Vt.
920 4338 943 4377 c.
958 4330 988 4377 x.
1018 4338 1044 4390 q.
1068 4328 1087 4377 1.
1114 4327 1209 4378 Boron.
1228 4329 1295 4378 t7st.

232 4436 238 4450 .
280 4413 358 4467 pag.
388 4408 411 4454 s.
