3234 5084
298 429 367 481 eur.
384 428 432 479 nt.
446 427 487 478 nr
499 426 595 479 suasu
609 427 700 478 rann.
714 424 796 478 amc.
815 424 928 480 morse.
945 427 1041 479 aura.
1058 429 1128 479 aas.
1141 412 1179 480 tr.
1232 407 1302 479 385

190 546 282 622 nulla
306 570 447 649 prorsus
463 544 659 619 auctoritate
677 544 818 631 fruitur3
840 546 919 619 item
936 545 1106 619 decretum
1124 546 1303 623 Zachariae

190 688 272 737 rom.
293 660 443 763 pontifici
469 659 696 760 adscriptum,
724 660 821 734 cuius
842 674 1014 760 praeterea
1035 687 1157 735 sensus
1179 686 1303 762 anceps

188 791 258 865 est;
274 802 336 850 nec
352 800 420 850 non
439 773 608 848 decretum
621 773 845 860 doudecim,
863 774 955 875 quod
966 776 1068 875 uulgo
1084 775 1150 851 sub
1167 776 1304 851 nomine

187 892 368 969 Clementis
394 889 455 962 tlt.
476 889 612 987 allegari
643 890 836 979 consuevit;
858 890 948 964 idem
976 891 1032 965 dic
1060 891 1103 965 de
1132 891 1304 966 Poeniten·

187 1007 258 1081 tiali
277 1005 441 1081 Theodori
459 1004 704 1106 archiepiscopi
726 1005 989 1093 cantuariensis,
1009 1021 1124 1106 utpote
1141 1007 1304 1081 referente

187 1121 373 1196 doctrinam
398 1146 417 1193 e
441 1118 603 1195 diametm
628 1120 816 1219 oppositam
840 1119 1029 1209 doctrinae,
1058 1147 1160 1221 wem
1184 1122 1302 1196 doctus

187 1236 244 1309 hic
267 1232 498 1335 archipraesul
522 1233 694 1333 professus
712 1249 814 1308 estet
835 1234 1059 1334 promulgavit
1074 1235 1118 1309 ad
1136 1236 1301 1310 tramitem

186 1351 402 1451 antiquorum
415 1364 546 1449 patrum
560 1349 595 1422 in
608 1348 805 1449 provinciali
824 1349 984 1437 concilio,
1005 1349 1162 1425 omnibus
1183 1376 1302 1423 assen-

187 1466 350 1540 tientibus
367 1464 553 1564 episcopis,
569 1464 628 1564 qui
646 1461 789 1538 concilio
806 1461 855 1537 ifli
874 1464 1104 1539 interfuerant.
1126 1466 1194 1538 Nec
1206 1464 1300 1538 eliud

187 1578 361 1654 ferendum
374 1576 536 1653 iudicium
552 1577 596 1649 de
611 1576 768 1652 omnibus
786 1576 855 1652 iffis
873 1578 1013 1677 privatis
1030 1577 1296 1664 collectionibus,

185 1719 274 1794 quae
290 1691 610 1767 circumferebantur
626 1690 691 1766 sub
708 1691 862 1766 eiusdem
880 1692 1044 1768 Theodori
1063 1693 1216 1779 nomine,
1237 1717 1300 1766 nec

187 1823 297 1883 amen
319 1808 494 1909 quidpiam
512 1833 689 1882 commune
706 1806 877 1881 habebant
893 1834 969 1882 aum
987 1808 1179 1895 Theodoro,
1200 1832 1301 1908 quae-

183 1948 251 2024 que
273 1923 375 1997 etiam
401 1948 517 1997 secum
543 1922 628 2023 ipsis
645 1923 841 2023 pugnabant
860 1926 973 2020 (283).
994 1922 1044 1996 Ex
1061 1923 1186 2025 quibus
1203 1920 1300 1996 lucu-

183 2034 307 2111 lentius
331 2036 595 2138 deprehenditur
618 2035 704 2111 falso
728 2062 875 2112 canones
900 2037 975 2112 illos
1000 2037 1107 2112 fuisse
1124 2036 1298 2112 Theodoro

181 2151 389 2252 adscriptos,
418 2149 479 2224 sed
503 2176 525 2223 a
549 2150 724 2251 posteriori
750 2177 854 2225 manu
876 2150 979 2225 veteri
996 2151 1097 2225 etiam
1121 2150 1299 2231 Paeniten-

181 2265 254 2338 tiali
272 2267 421 2341 adiectos
437 2266 551 2361 (284).
565 2263 663 2351 Quod
680 2264 806 2338 dictum
824 2280 877 2340 est
893 2264 936 2341 de
948 2266 1179 2340 Poeuitentiafi
1194 2266 1298 2340 Thec-

182 2378 255 2454 dori
285 2380 401 2454 eadem
431 2379 534 2479 plane
563 2380 692 2454 ratione
722 2380 879 2454 convenit
909 2380 1004 2455 afteri
1037 2381 1294 2467 Poeniteutiali,

181 2502 340 2577 nimirum
358 2530 496 2578 romano
513 2502 558 2576 ab
575 2502 652 2578 Ant.
669 2504 856 2601 Augustino
869 2505 1013 2604 primum
1027 2505 1182 2604 vulgato,
1197 2505 1294 2578 cuius

180 2634 413 2720 praeterquam
431 2618 523 2720 quod
541 2620 745 2720 aequivocus
758 2634 811 2693 est
824 2646 965 2707 seusus,
982 2635 1109 2693 eertum
1123 2637 1175 2695 est
1188 2619 1296 2693 fuisse

181 2734 417 2833 interpolatum
442 2750 557 2836 utpote
581 2735 719 2809 omnino
735 2734 920 2809 adversans
937 2735 1085 2831 genuino
1102 2750 1136 2809 et
1155 2735 1296 2834 antiquo

182 2848 424 2937 Poenitentiafi‚
445 2850 536 2950 quod
550 2850 584 2922 in
597 2849 740 2925 ecclesia
757 2877 896 2925 romana
913 2849 1102 2939 obtinebat;
1118 2849 1211 2951 quod
1223 2875 1297 2950 pro

182 2963 261 3036 inde
286 2962 330 3036 ad
355 2965 563 3063 probandum
589 2979 642 3040 est
667 2966 805 3041 omuino
831 2965 999 3040 inefficax.

253 3078 315 3151 His
333 3078 435 3176 igitur
450 3079 622 3178 sepositis,
644 3096 817 3154 remanent
833 3079 917 3167 alia,
938 3105 1026 3180 quae
1042 3105 1120 3153 vere
1137 3079 1242 3153 dubia
1260 3080 1296 3151 in

180 3217 218 3267 se
241 3193 412 3267 vocaveris
437 3218 477 3266 eo
496 3194 585 3294 quod
603 3195 646 3266 de
663 3194 812 3295 ipsorum
832 3219 935 3268 sensu
953 3194 1037 3268 satis
1055 3192 1185 3293 liquide
1202 3192 1295 3267 haud

178 3323 324 3383 constet.
352 3308 437 3380 Sunt
460 3323 570 3381 autem
596 3334 670 3382 can.
694 3307 875 3381 Lxxxvtt.
902 3307 1035 3383 concilii
1062 3307 1196 3382 truffani
1226 3331 1295 3407 qao

249 3593 315 3654 (²8³)
330 3594 371 3645 stc
386 3607 424 3644 ex.
440 3595 509 3657 gnie
522 3606 576 3644 cao.
590 3595 745 3657 xft’.aperte
761 3592 964 3645 indissefubifiias
978 3593 1128 3644 matrimonii
1143 3590 1225 3656 quoad
1242 3591 1295 3641 rin·

175 3672 259 3723 urium
277 3674 392 3724 mseritur
407 3673 446 3724 fris
462 3672 558 3723 rabis:
573 3672 636 3731 «Qui
655 3672 777 3723 dimiserit
791 3686 892 3724 uxorem
908 3686 979 3724 susm
995 3672 1067 3724 atteri
1084 3684 1112 3723 se
1129 3669 1293 3734 coniungens,

177 3754 270 3815 septem
288 3754 359 3804 aunis
378 3753 524 3818 poeniteat·
542 3756 567 3803 ct
577 3766 632 3802 can.
643 3755 748 3803 (ἴων.
763 3772 776 3797 «
787 3755 824 3803 De
834 3753 960 3803 meretrice
975 3751 1124 3815 confugeris
1136 3749 1202 3801 idem
1220 3749 1293 3799 inter·

178 3835 275 3893 rogatus
289 3836 338 3884 est:
360 3833 418 3897 quia
439 3835 552 3884 meretrix
569 3833 616 3883 erit
631 3832 735 3882 decusso
751 3832 843 3896 proprii
864 3833 946 3882 mariti
963 3833 1038 3895 fugo,
1055 3834 1080 3881 et
1092 3830 1194 3882 secund
1210 3829 1293 3880 mariti

177 3909 262 3961 funeta
277 3914 315 3963 vet
331 3915 395 3964 tertii
408 3916 477 3976 (stc).
491 3914 569 3965 cuius
584 3913 689 3963 maritus
703 3911 756 3963 rua
770 3914 876 3964 visente
891 3912 1006 3963 atteram
1021 3924 1072 3963 non
1088 3912 1237 3975 suscipiet.»

251 3993 316 4054 (tet)
331 3994 425 4044 Etenim
439 3994 479 4044 hic
491 3995 613 4058 posterior
623 4005 704 4044 canon
718 3992 743 4042 in
756 3992 867 4056 praeced.
878 3996 935 4043 nota
949 3992 1038 4044 uirtus
1047 4004 1090 4043 seu
1101 3993 1207 4042 (fixit.
1219 4004 1235 4041 a
1246 3991 1293 4041 Da·

177 4067 261 4119 cherio
274 4069 336 4120 inter
349 4072 423 4135 sapit.
435 4073 557 4123 Theodori
576 4072 657 4123 editus
672 4073 725 4134 cst3
745 4071 849 4122 habetur
864 4084 951 4136 nempe
964 4072 990 4121 tn
1007 4070 1062 4122 ced.
1074 4070 1201 4134 parisiensi
1222 4077 1291 4121 ttsu.

175 4150 201 4199 et
211 4152 407 4212 sangermanensi
423 4157 475 4203 tat.
489 4153 630 4203 immediate
641 4155 697 4216 post
711 4152 819 4214 capitula
827 4150 949 4202 Theodori
960 4164 1017 4202 cum
1028 4151 1083 4202 aliis
1093 4163 1158 4214 quse
1169 4150 1198 4200 tn
1208 4146 1294 4201 codice

174 4241 296 4292 uagam.
309 4242 422 4293 expresse
432 4245 537 4283 canones
547 4233 694 4283 adommsui
708 4231 892 4294 inscribuntur;
904 4232 1015 4296 adeoque
1028 4232 1091 4283 false
1106 4230 1236 4283 Theodoro
1248 4230 1291 4281 tri·

175 4309 269 4360 buitur.
283 4309 404 4362 cfetiam
415 4311 502 4361 hacde
513 4326 538 4361 re
549 4312 660 4363 Botfand.
671 4312 697 4362 fn
714 4311 766 4361 rita
780 4325 801 4360 s.
812 4310 934 4361 Theodori
950 4314 1060 4362 cantuar.
1075 4312 1099 4360 in
1112 4310 1213 4363 atsere
1222 4322 1289 4375 prta·

173 4389 253 4441 limfa.

255 4471 296 4526 ΙΙΙ
1174 4475 1209 4526 tt
