3234 5084
308 499 378 549 car.
391 498 436 548 rr.
453 498 494 549 nr
506 497 619 549 amsa.
636 498 779 565 aarum
791 499 864 551 can.
880 499 1025 553 runem.
1043 502 1113 552 aar.
1125 502 1148 553 ι.
1228 482 1295 552 891

184 617 353 719 siquidem
374 615 470 691 factis
495 616 684 692 manifestis
709 618 936 707 refelleretur,
956 646 1032 693 cum
1058 636 1188 695 censet
1204 622 1298 723 ipses

183 734 364 832 confugere
388 748 423 806 et
450 730 494 805 ad
523 748 631 807 textus
659 734 839 820 Matthaei,
866 750 901 808 et
924 734 966 807 ad
996 761 1133 833 graecos
1160 751 1299 835 patres,

182 874 326 949 quorum
351 847 542 921 testimonia
567 847 631 948 ipsi
656 865 796 947 urgent,
824 849 916 923 haud
946 877 1044 925 secus
1071 867 1171 952 atque
1195 868 1303 951 prote-

183 980 312 1036 stantes
333 964 397 1059 (2).
426 962 474 1035 hc
499 963 614 1062 reipsa
638 964 710 1038 fieri
737 992 804 1040 non
825 980 977 1066 poterat,
1005 967 1090 1067 quin
1114 967 1229 1065 graeci
1254 968 1303 1040 ni·

185 1093 334 1152 teruntur
358 1078 488 1176 praxim
514 1077 597 1152 adeo
620 1081 820 1154 contrariam
842 1082 1013 1155 doctrinae
1036 1097 1070 1155 et
1089 1083 1184 1181 praxi
1201 1081 1304 1156 eccle·

186 1192 260 1265 siae
285 1216 442 1266 romanae
469 1194 666 1294 opportunis
691 1195 945 1269 auctoritatibus
974 1210 1007 1268 et
1031 1196 1236 1292 argumentis
1261 1222 1303 1270 ex

186 1305 305 1381 Bibliis
330 1308 416 1407 ipsis
440 1325 474 1383 et
496 1332 537 1382 ex
563 1309 716 1411 patribus
735 1327 807 1384 arte
832 1311 1040 1412 depromptis
1065 1311 1194 1385 fulcire.
1214 1312 1302 1385 Dum

186 1423 290 1521 igitur
313 1424 496 1500 asserimus
521 1450 660 1523 gmecos
682 1427 829 1526 practice
853 1428 966 1528 potius
992 1424 1095 1528 quam
1125 1427 1305 1502 theoretice

184 1538 367 1613 dissentire
390 1539 434 1614 ah
458 1541 603 1616 ecclesia
626 1542 751 1632 latina,
784 1544 1045 1631 contendimus,
1077 1569 1137 1617 eos
1162 1569 1231 1616 ncn
1258 1542 1304 1616 ita

186 1654 384 1727 sententiam
402 1681 499 1729 suam
518 1658 621 1745 tueri,
645 1673 684 1732 ut
706 1659 830 1733 emeris
851 1658 1007 1732 inessent
1023 1656 1147 1731 latinos
1164 1656 1207 1731 oh
1224 1682 1305 1730 con-

187 1769 323 1841 trariam
353 1769 539 1845 doctrinam
568 1788 602 1871 et
627 1773 784 1873 praxim,
815 1773 954 1872 perinde
984 1798 1023 1846 ac
1048 1773 1077 1846 si
1103 1799 1144 1845 ea
1173 1772 1307 1845 recedat

184 1882 229 1957 ah
245 1884 440 1983 evangelica
463 1902 498 1960 et
522 1887 706 1987 apostolica
729 1887 934 1988 disciplina,
961 1888 1042 1960 dum
1061 1887 1306 1962 indissolubili·

186 2016 287 2074 tatem
310 2018 421 2080 tuetur
437 2003 605 2100 coniugii,
626 2004 866 2078 interveniente
883 2003 1064 2089 adulterio,
1085 2003 1171 2077 adeo
1187 2021 1226 2076 ut
1243 2002 1306 2077 hoc

185 2141 290 2187 unum
321 2140 363 2189 ex
389 2116 558 2216 capitibus
590 2118 770 2192 constituat
798 2118 977 2193 divisionis
1010 2117 1097 2192 inter
1130 2133 1305 2217 utramque

184 2229 377 2303 ecclesiam.
598 2324 603 2332 .

257 2345 306 2418 llo
330 2346 430 2419 etiam
455 2372 497 2419 er
516 2344 626 2448 capite
646 2348 713 2424 diei
738 2366 850 2450 potest
869 2376 1008 2448 graecos
1028 2346 1174 2451 practice
1192 2349 1304 2450 potius

184 2485 289 2560 quam
315 2461 495 2537 theoretice
511 2462 556 2537 ah
572 2463 715 2538 ecclesia
732 2464 838 2538 latina
855 2465 1059 2553 dissentire,
1082 2465 1173 2566 quod
1191 2465 1305 2564 praxis

183 2576 322 2650 aliunde
347 2604 450 2678 quam
472 2605 516 2651 ex
539 2578 729 2678 dogmatico
753 2607 866 2654 errore
891 2582 1105 2680 profluxerit3
1122 2580 1190 2653 imo
1213 2604 1306 2652 error
1342 2586 1344 2589 ’

184 2692 390 2794 quicumque
413 2694 443 2767 is
464 2709 535 2783 est,
563 2722 604 2769 ex
629 2696 724 2795 praxi
743 2697 856 2797 potius
873 2697 1044 2796 provexit,
1073 2722 1176 2795 quum
1194 2695 1305 2793 gruem

186 2810 315 2906 praxim
331 2836 427 2884 suam
441 2811 579 2885 aliunde
594 2829 701 2888 ortam
718 2813 939 2888 cohonestare
952 2813 1155 2888 manserint·
1166 2836 1306 2886 erronea

185 2922 361 2995 decenne:
389 2952 477 3026 quae
499 2928 645 3029 profecto
670 2928 855 3003 cohaerens
874 2955 940 3003 non
967 2945 1020 3003 est
1044 2954 1122 3002 cum
1151 2927 1306 3002 doctrina

186 3037 230 3111 de
255 3037 550 3139 indissolubilitate
573 3043 748 3118 christiani
773 3044 997 3132 matrimonii,
1025 3071 1127 3145 quam
1152 3044 1305 3144 alioquin

184 3154 297 3251 graeci
323 3156 387 3255 ipsi
407 3154 588 3232 formaliter
606 3161 813 3259 profitentur.
834 3162 921 3235 Hinc
938 3163 1058 3236 iterum
1076 3175 1216 3261 apparet
1232 3186 1306 3259 pra·

150 3310 157 3321 ·
185 3270 307 3343 aticum
328 3270 441 3345 venus
459 3298 561 3371 quam
579 3272 797 3350 theoreticam
814 3302 891 3350 esse
908 3276 1121 3363 dissensum,
1146 3271 1198 3348 vel
1216 3288 1305 3348 certe

185 3383 285 3458 talem
311 3384 442 3473 fuisse,
473 3386 591 3459 saltem
623 3390 800 3488 usquead
826 3391 1056 3465 definitionem
1087 3388 1304 3464 tridentinam

184 3516 424 3601 contraquam
446 3500 546 3576 modo
569 3503 681 3599 graeci
705 3503 865 3578 dirimere
888 3505 1102 3581 matrimonia
1117 3504 1162 3578 ch
1178 3503 1305 3578 adulte·

260 3723 298 3787 (2)
313 3725 380 3775 llaec
397 3724 482 3776 omnia
500 3724 754 3790 profertetexpendit
770 3726 928 3793 Arcadiusln
948 3741 994 3779 suc
1015 3739 1089 3791 opere
1107 3728 1147 3777 De
1163 3722 1303 3778 ecmcrdto

184 3802 310 3855 occident.
325 3807 351 3855 et
369 3807 462 3857 emeat.
483 3805 606 3857 aethnae
616 3805 659 3855 lib.
674 3807 730 3856 vu.
745 3808 781 3857 De
796 3810 964 3859 miramonte
983 3820 998 3857 a
1017 3820 1071 3871 cap.
1085 3808 1140 3857 vn.
1153 3805 1183 3857 ad
1201 3806 1301 3883 fxvss.

184 3880 224 3931 ct.
239 3884 362 3945 praeterea
380 3886 458 3937 Manu
480 3886 586 3937 collect.
609 3885 702 3937 conell.
714 3890 776 3937 tem.
791 3889 844 3938 xx.
867 3887 914 3939 ecl.
932 3890 985 3939 147.
999 3886 1041 3937 ubl
1061 3886 1134 3937 effert
1156 3887 1211 3936 aeta
1230 3894 1301 3934 eone.

183 3960 433 4017 masenceium
453 3960 564 4017 &metu
574 3955 723 4018 mthodcee
740 3970 833 4018 nomae
853 3974 921 4021 test.
934 3970 995 4019 tom
1010 3964 1041 4021 ll.
1053 3981 1078 4031 p.
1092 3965 1313 4023 a7e.snss1mnm·

183 4040 403 4104 havelbergensem
414 4058 455 4110 op.
469 4046 570 4111 melon.
586 4046 715 4098 adversm
727 4061 814 4111 praee.
825 4047 918 4098 lihlll.
931 4045 997 4111 apud
1008 4045 1173 4098 n’schertam
1181 4044 1301 4110 spissa.

182 4121 244 4170 tom.
258 4122 325 4170 xlll.
338 4136 392 4186 pag.
407 4130 446 4174 ss.
459 4138 528 4189 seqq.
541 4138 636 4176 amaon
652 4127 759 4177 Samuel.
785 4126 857 4177 Klein
873 4126 904 4178 de
915 4126 981 4177 Gzld
999 4126 1104 4177 dlceces.
1122 4123 1301 4189 Fogarasleusls

183 4196 210 4247 in
229 4198 398 4250 Transilranls
417 4203 497 4265 presb.
519 4206 544 4254 et
560 4203 586 4254 ln
605 4205 691 4256 semla.
713 4218 794 4268 gene.
814 4206 1010 4269 cemmoreglc
1026 4203 1300 4270 graecomthclicomm

182 4275 366 4330 vhoobonens.
379 4278 412 4329 ed
431 4294 453 4332 e.
475 4282 608 4334 sunnam
626 4282 693 4334 stud.
714 4284 829 4347 prater.
844 4284 871 4334 ln
890 4286 1031 4337 metunt.
1052 4287 1180 4337 montes
1194 4282 1228 4335 de
1244 4294 1300 4333 aaa·

183 4358 307 4489 empto
319 4359 400 4410 texta
412 4358 580 4427 mitam
590 4375 701 4427 maaca
712 4363 837 4417 crteatal.
847 4363 980 4417 aelatae.
998 4364 1105 4421 vindob.
1121 4368 1190 4417 1181.
1201 4366 1239 4415 De
1248 4375 1300 4426 mro

181 4450 191 4486 ι
277 4450 317 4490 sm
338 4450 447 4504 mans.
