3234 5084
348 414 417 486 itt
467 435 528 485 ιιι
568 432 617 483 ιιι.
637 430 723 482 srcr.
744 429 1315 483 rnrrm.nrmurss.usru.cse1sr.

344 554 438 626 nium
455 577 522 626 non
538 577 616 625 esse
627 575 804 624 censemus
826 551 948 645 (62).»
969 548 1034 634 Qui
1061 548 1204 648 proinde
1229 566 1307 622 ante
1325 549 1360 622 id
1380 566 1467 624 tem-

343 666 436 768 poris
461 679 537 766 post
561 680 754 764 nuncupata
771 680 849 738 vota
865 664 1001 764 nuptias
1023 663 1167 752 inirent,
1190 663 1225 735 id
1238 664 1377 763 quidem
1398 666 1466 738 illi-

344 781 410 854 cite
421 780 647 867 attentabant,
664 805 704 852 ac
717 780 835 879 poeuis
854 780 902 852 ita
919 778 1154 853 contrahentes
1172 779 1460 868 subiiciebantur;

344 910 489 968 attamen
503 895 640 993 nuptiae
657 895 752 994 ipsae
769 892 902 968 validae
919 892 1146 979 habebantur,
1167 909 1266 994 prout
1282 895 1462 994 multiplici

345 1008 541 1084 auctoritate
552 1024 586 1082 et
597 1008 761 1107 exemplis
774 1008 916 1082 adstruit
928 1007 1074 1081 Basilius
1088 1009 1226 1081 Pontius
1243 1011 1332 1103 (63).
1350 1009 1461 1094 Quum

345 1123 448 1221 igitur
472 1138 623 1196 votorum
650 1122 844 1197 solemnitas
876 1123 1122 1197 ecclesiasticae
1149 1123 1193 1196 sit
1217 1125 1459 1212 institutionis,

343 1255 490 1338 votaque
514 1236 682 1337 simplicia
705 1238 953 1312 matrimonium
972 1237 1155 1311 invalidum
1173 1263 1239 1312 non
1260 1239 1458 1326 redderent,

343 1352 485 1450 intelligi
510 1353 566 1425 rix
590 1369 648 1425 aut
672 1379 715 1426 uc
738 1354 794 1426 vix
819 1353 956 1452 quidem
983 1368 1092 1452 potest
1116 1379 1184 1450 qua
1210 1353 1339 1427 ratione
1356 1379 1395 1425 ex
1414 1355 1464 1426 di·

342 1469 422 1544 rino
442 1468 515 1540 iure
535 1468 680 1566 positivo
697 1468 807 1566 possit
825 1467 953 1541 adstmi
979 1493 1040 1566 per
1059 1468 1301 1569 professionem
1325 1468 1462 1567 religio·

341 1608 416 1656 sam
429 1581 540 1654 dirimi
554 1581 666 1680 quoad
679 1580 849 1654 vinculum
863 1581 1056 1678 coniugium
1075 1598 1195 1656 ratum.
1217 1585 1265 1656 llo
1281 1583 1332 1657 vel
1352 1584 1462 1680 magis

343 1696 452 1797 quod,
473 1713 509 1769 ut
520 1695 688 1783 vidimus,
710 1723 730 1769 a
748 1695 908 1794 Gregorio
925 1697 1015 1768 Xlll.
1032 1698 1249 1771 constitutum
1267 1697 1366 1771 luerit
1385 1714 1463 1773 vota

344 1811 514 1913 simplicia
531 1810 807 1885 scholasticorum
826 1812 997 1885 societatis
1017 1812 1094 1886 lesu
1111 1813 1179 1885 vim
1197 1811 1321 1887 babere
1337 1813 1461 1887 dissol-

343 1926 443 2002 vendi
470 1927 718 2000 matrimonium
738 1943 869 2010 ratum,
894 1954 993 2026 quem
1020 1927 1183 2001 ellectum
1199 1943 1276 2000 ante
1295 1928 1458 2003 eiusmodi

344 2042 616 2117 constitutionem
642 2041 780 2114 minime
805 2042 1048 2142 producebant.
1078 2040 1174 2128 Quae
1193 2043 1330 2142 quidam
1346 2045 1461 2117 omnia

344 2155 582 2256 explanantur,
601 2156 631 2229 si
649 2154 752 2229 semel
770 2156 965 2230 admittatur
990 2157 1061 2230 iure
1086 2173 1213 2231 tantum
1231 2158 1460 2233 ecclesiastico

343 2270 434 2344 hunc
461 2272 616 2345 ellectum
641 2298 662 2344 a
687 2269 849 2369 religiosa
875 2272 1084 2370 professione
1114 2273 1294 2372 proficisci.

415 2387 477 2461 Ast
501 2387 599 2462 lacile
623 2387 706 2461 baec
732 2389 846 2462 omnia
866 2388 1040 2462 diluuntur
1057 2389 1087 2462 si
1104 2390 1139 2462 in
1157 2389 1313 2486 religiosa
1332 2391 1460 2490 proies-

342 2504 439 2578 sione
460 2504 494 2576 id
519 2502 611 2604 quod
635 2504 678 2577 ad
704 2504 778 2577 eius
805 2503 1028 2577 substantiam
1055 2522 1185 2604 spectat
1208 2504 1252 2578 ab
1276 2506 1342 2599 iis,
1372 2533 1460 2607 quae

342 2618 564 2693 accidentalia
587 2636 682 2706 sunt,
706 2637 911 2693 secernatur.
933 2618 1108 2693 adsutus
1129 2618 1275 2717 religiosi
1302 2620 1462 2695 substan·

342 2732 424 2806 tiam
449 2734 593 2832 pertinet
617 2733 783 2832 prolessio
809 2735 909 2806 trium
934 2733 1203 2830 evangelicorum
1220 2734 1456 2819 consiliorum,

341 2873 410 2947 qua
434 2849 513 2946 quis
538 2874 576 2922 se
600 2850 771 2947 mancipat
787 2850 859 2922 Deo
876 2848 910 2921 in
928 2850 1134 2923 coutinentia
1152 2868 1330 2950 perpetua,
1351 2852 1385 2922 in
1403 2851 1459 2924 ab

341 2960 509 3036 dicatione
540 2962 710 3049 dominii,
744 2979 802 3037 aut
831 2965 949 3038 saltam
985 2976 1069 3039 usus
1099 2966 1261 3041 bonorum
1293 2983 1459 3065 tempora-
1555 3020 1560 3030 -

342 3074 425 3147 lium
446 3078 538 3172 (tt),
556 3093 590 3149 et
607 3075 797 3151 obedientia
814 3078 962 3176 legitimo
980 3081 1149 3178 spirituali
1168 3081 1347 3180 superiori.
1370 3081 1459 3155 lnter

341 3214 382 3262 ea
394 3216 483 3302 quae
494 3190 714 3264 accidentalia
728 3195 997 3292 nuncupavimus
1012 3195 1224 3269 adnumerari
1237 3195 1359 3269 debent
1369 3222 1456 3296 quas

342 3286 489 3363 diximus
516 3287 745 3364 solemnitates
771 3318 832 3365 seu
858 3291 1095 3379 formaticos,
1125 3308 1162 3366 ut
1186 3320 1269 3367 usus
1298 3293 1457 3392 loquendi

341 3400 486 3489 obtinet,
514 3419 548 3475 ct
573 3402 697 3500 legales
722 3405 861 3480 allectus
887 3407 945 3505 qui
974 3433 1012 3480 ex
1040 3408 1159 3482 iisdem
1186 3412 1398 3507 proveniunt.

415 3518 484 3591 lam
498 3543 577 3592 vero
595 3518 784 3593 observatio
801 3519 1014 3618 evangelicae
1026 3522 1259 3621 perlectioniS,
1277 3551 1338 3598 seu
1355 3551 1458 3599 evan·

373 3768 377 3775 ‚
412 3707 462 3769 (tt)
475 3706 536 3771 cap.
550 3710 605 3758 vii.
624 3707 647 3772 ς.
666 3711 706 3760 vt.
724 3712 790 3772 Lex,
802 3713 828 3761 et
838 3710 1023 3762 referturcausa
1032 3715 1070 3763 27.
1084 3724 1136 3776 cap.
1150 3717 1189 3765 to.
1201 3712 1227 3763 in
1241 3715 1349 3764 Decrctc
1358 3713 1455 3777 etapud

340 3787 462 3839 {luduin
477 3791 539 3839 tom.
559 3792 602 3842 vl.
620 3803 672 3853 par.
689 3793 722 3842 ll.
736 3791 785 3843 ccl.
806 3799 873 3845 rios.

411 3869 462 3931 (tt)
478 3870 532 3920 Lib.
545 3872 598 3920 vu.
612 3884 683 3935 capp.
700 3876 820 3924 ibit-16.

413 3947 462 4010 (oi)
478 3947 534 3998 Dixi
544 3984 553 4009 ,
565 3951 593 3999 in
606 3949 770 4001 abdicatione
782 3952 877 4003 saltem
893 3967 975 4017 usum
986 3955 1108 4019 siquidem
1126 3968 1176 4005 non
1196 3954 1285 4006 desunt
1294 3955 1338 4019 qui
1355 3958 1454 4006 conten·

339 4026 400 4077 daut
411 4025 496 4091 primis
512 4028 601 4079 scorrlis
622 4029 748 4092 religiosos
758 4036 874 4083 voventes
890 4037 1056 4098 paupertatem
1072 4034 1200 4085 retinuisse
1216 4035 1337 4085 bonorum
1354 4048 1457 4086 suorum

339 4104 486 4157 dominium.
507 4105 547 4156 ci.
559 4107 674 4157 Pontium
694 4108 738 4158 lib.
753 4112 808 4159 vit.
820 4124 875 4174 cap.
891 4120 927 4162 tt.
943 4115 1013 4163 ltunc
1034 4116 1115 4163 autem
1135 4115 1289 4179 exploratum
1309 4115 1346 4165 est
1364 4114 1389 4163 id
1399 4127 1455 4178 pro·

339 4184 424 4237 butum
443 4200 496 4239 esse
516 4186 542 4236 in
562 4200 611 4238 non
633 4188 718 4251 paucis
737 4189 858 4253 religiosis
876 4191 1004 4245 ordinibus
1021 4196 1046 4244 st
1064 4195 1292 4258 congregationibus
1307 4195 1339 4246 ab
1359 4197 1456 4260 aposto·

338 4264 386 4316 lica
404 4266 481 4329 sede,
500 4267 536 4317 lta
555 4269 584 4317 ut
603 4267 646 4332 qui
665 4271 751 4319 votum
772 4270 896 4322 emiserint
916 4273 1081 4338 paupertatis,
1103 4275 1198 4340 possint
1215 4275 1336 4326 bonorum
1355 4288 1455 4327 suorum

340 4342 443 4396 retinere
463 4344 601 4396 dominium
624 4360 668 4397 seu
688 4350 859 4413 proprietatem
881 4352 965 4403 velud
984 4356 1092 4419 tempus,
1113 4356 1151 4406 rei
1166 4356 1239 4406 etiarn
1261 4355 1285 4406 in
1304 4357 1457 4422 perpetuum
