3234 5084
402 94 485 249 s

289 447 358 497 cnr.
376 446 424 495 ιιι.
442 446 481 495 ue
493 446 589 499 seusu
604 447 695 498 rann.
711 446 794 497 crac.
811 447 923 499 mures.
937 448 1031 497 ιιιιιι.
1045 448 1116 498 aar.
1134 448 1168 499 ιι.
1224 426 1293 498 tat

250 564 370 637 Verum
397 562 459 636 etsi
487 562 644 638 daremus
677 564 884 666 provinciale
914 565 979 638 hoe
1008 588 1193 664 paucorum
1223 567 1296 664 epi-

178 706 357 780 scoporum
383 679 565 754 concilium
587 679 724 753 modum
750 680 955 767 excessisse,
975 680 1058 780 quid
1082 678 1186 753 inde?
1206 679 1294 777 Ergo

96 837 99 841 .
179 822 222 869 ne
253 795 421 869 catholica
449 794 574 868 veritas
605 811 723 868 nutare
748 789 885 868 debebit
909 820 950 868 ex
981 793 1082 867 unius
1114 792 1294 869 alteriusve

179 910 313 985 concilii
333 907 551 1012 provincialis
569 909 731 1008 peculiari
749 909 919 997 doctrina,
937 934 1025 1010 quae
1037 909 1208 984 adversari
1225 910 1295 982 evi-

178 1025 297 1099 denter
320 1022 586 1124 deprehenditur
614 1024 791 1099 universae
821 1023 1070 1099 ecclesiasticae
1097 1023 1296 1098 traditioni?

179 1140 229 1213 llo
253 1139 307 1212 vel
332 1139 440 1236 magis
465 1137 557 1239 quod
582 1137 646 1211 boc
672 1138 784 1239 ipsum
801 1137 982 1213 concilium
1005 1163 1079 1211 can.
1101 1138 1158 1209 lx.
1179 1153 1296 1237 aperte

179 1255 355 1328 averitate
373 1253 529 1340 abludat,
550 1251 630 1325 dum
649 1254 783 1327 statuit:
798 1254 858 1324 uSi
876 1253 955 1352 quis
973 1252 1173 1331 necessitate
1189 1254 1296 1328 inevi-

179 1368 276 1442 tabili
302 1384 438 1466 cogente
463 1370 498 1441 in
524 1368 627 1442 alium
649 1369 808 1443 ducatum
833 1395 895 1444 seu
918 1370 1124 1467 provinciam
1151 1370 1292 1469 fugerit,

180 1502 241 1559 aut
264 1484 427 1560 seniorem
448 1486 661 1583 (dominum)
683 1512 780 1559 suum
798 1487 855 1560 cui
873 1485 974 1559 fidem
993 1485 1125 1559 mentiri
1145 1512 1212 1561 non
1234 1512 1295 1586 po-

182 1616 282 1688 terat,
310 1616 444 1674 secutus
469 1600 588 1690 luerit3
607 1617 641 1676 et
663 1626 748 1675 uxor
771 1602 865 1690 eius,
895 1627 972 1676 cnm
995 1601 1084 1675 valet
1107 1617 1141 1676 et
1162 1616 1290 1701 potest,

181 1741 294 1790 amore
318 1731 493 1814 parentum
518 1732 576 1791 aut
601 1743 711 1790 rerum
733 1742 892 1803 suarum,
913 1742 990 1789 eum
1007 1716 1104 1816 sequi
1127 1715 1290 1790 noluerit:

182 1831 259 1930 ipsa
275 1832 367 1905 omni
386 1847 556 1931 tempore,
584 1831 747 1932 quamdiu
767 1832 819 1904 vir
835 1832 931 1919 eius,
952 1857 1052 1931 quem
1069 1846 1212 1930 sequuta
1228 1855 1295 1905 non

180 1948 259 2033 luit,
278 1947 385 2036 vivit,
409 1973 543 2047 semper
567 1947 706 2048 innupta
733 1964 940 2047 permaneat.
962 1948 1045 2020 Nam
1063 1945 1121 2020 ille
1137 1945 1189 2018 vir
1205 1946 1292 2034 eius,

179 2063 238 2163 qui
262 2063 461 2138 necessitate
485 2079 626 2160 cogente
642 2064 678 2135 in
695 2063 798 2136 alium
826 2062 935 2137 locum
960 2061 1066 2159 fugit,
1087 2061 1116 2135 si
1135 2087 1174 2136 se
1190 2061 1297 2135 absti-

179 2205 259 2252 nere
284 2206 351 2254 non
377 2160 506 2279 polest,
527 2179 631 2251 oliam
654 2204 790 2251 onmem
814 2204 887 2251 cum
907 2179 1107 2276 poenitentia
1119 2192 1225 2276 potest
1240 2203 1298 2249 cc-

177 2298 284 2393 cipere
305 2295 559 2388 (286).»Porro
583 2295 661 2394 quis
687 2294 752 2367 boc
776 2294 880 2380 lerat,
910 2320 986 2367 cum
1011 2307 1126 2392 aperte
1144 2292 1295 2393 Apostoli

181 2409 352 2485 doctrinae
377 2411 590 2498 adversetur,
618 2410 711 2483 iuxta
736 2435 838 2509 quarn
864 2409 1025 2509 quamdiu
1050 2410 1102 2483 vir
1127 2424 1185 2482 aut
1212 2406 1297 2482 uror

181 2530 217 2598 in
236 2527 324 2601 vivis
342 2542 434 2617 sunt,
451 2526 599 2625 coniugii
616 2525 752 2601 vinculo
768 2525 921 2599 obstricti
938 2540 1098 2611 manent,
1119 2524 1210 2625 quod
1229 2549 1296 2598 non

180 2642 322 2716 solvitur
347 2642 414 2715 nisi
440 2669 501 2742 per
525 2641 716 2716 alterutrius
732 2639 914 2713 'morteml
932 2640 1049 2738 ltaque
1078 2640 1297 2740 quemadmo-

180 2758 261 2831 dum
287 2759 322 2830 in
348 2758 433 2847 boc,
463 2758 510 2832 ita
534 2759 568 2830 in
595 2757 661 2831 alio
687 2757 859 2831 doctrinae
876 2757 986 2855 capite
1004 2780 1024 2828 a
1040 2780 1119 2829 vero
1136 2754 1297 2829 abludere

180 2873 289 2972 potuit
310 2873 393 2947 haec
419 2874 589 2974 synodus,
610 2900 719 2973 neque
740 2872 826 2946 ratio
851 2872 925 2945 eius
950 2869 1021 2944 nlla
1045 2869 1203 2944 habenda
1228 2886 1291 2944 est.

256 2988 354 3074 Quod
378 2989 421 3062 de
446 2989 510 3063 bac
534 2990 703 3075 diximus,
732 2988 822 3061 idem
847 2988 890 3060 de
915 2985 982 3060 alia
1012 2985 1206 3084 particulari
1238 3011 1296 3086 sy-

182 3104 292 3192 nodo,
313 3106 343 3179 si
362 3130 430 3203 qua
448 3104 492 3178 sit
510 3131 596 3205 quae
612 3105 817 3178 contrarium
835 3103 972 3190 doceat,
987 3102 1055 3176 dici
1068 3100 1185 3187 debet;
1202 3127 1296 3201 prae-

182 3219 298 3293 sertim
324 3244 430 3317 quum
456 3245 497 3291 ea
514 3234 621 3291 aetate
637 3219 682 3291 ob
699 3219 918 3291 barbarorum
937 3216 1147 3290 incursiones
1164 3216 1220 3289 vix
1242 3240 1298 3288 ec·

181 3334 372 3407 clesiastica
396 3333 596 3407 documenta
621 3333 758 3432 reperiri
785 3347 940 3431 possent,
969 3357 1009 3405 ac
1026 3331 1117 3428 leges
1139 3355 1298 3403 romanae

180 3475 222 3524 ac
244 3449 444 3524 barbaricae
468 3447 611 3522 divortio
629 3447 730 3521 nimis
747 3447 897 3522 lavantes
916 3447 1014 3544 longe
1033 3445 1167 3545 lateque
1188 3444 1300 3517 domi-⁴

183 3583 353 3640 narentur.

255 3683 392 3755 luterim
417 3708 458 3755 er
483 3681 547 3768 iis,
578 3705 666 3781 quae
690 3680 724 3752 in
750 3679 883 3754 duobus
908 3677 1187 3778 praecedentibus
1216 3675 1298 3748 arti-

180 3795 269 3870 culis
294 3798 336 3871 de
360 3796 525 3872 ecclesiae
542 3794 747 3869 traditionali
766 3820 870 3868 sensu
887 3793 1130 3879 dissernimus,
1153 3817 1295 3891 pronum

181 3927 233 3985 est
244 3911 399 4010 colligere
416 3913 578 3987 adversus
592 3911 775 3985 launoium
792 3910 935 4009 eiusque
948 3908 1053 3982 exseri
1059 3922 1172 4006 ptores
1191 3920 1224 3979 et
1241 3931 1297 3978 as·

181 4025 292 4100 saclas
318 4043 446 4101 mutum
470 4028 592 4102 abesse
617 4044 655 4101 ut
679 4025 843 4100 ccclesiae
867 4024 1020 4099 doctrina
1037 4038 1070 4096 et
1087 4022 1200 4123 praxis
1218 4046 1297 4093 sen·

184 4142 307 4217 tentiae
331 4142 374 4215 de
396 4143 521 4217 vinculi
555 4141 742 4241 coniugalis
776 4140 1001 4216 dissolutione
1025 4136 1069 4212 ob
1093 4134 1294 4210 adulterium

257 4338 322 4402 (tto)
338 4341 403 4391 Acta
419 4353 490 4391 conc.
503 4340 622 4391 Harduin.
635 4344 695 4392 torn.
707 4342 751 4390 ur.
764 4340 811 4389 col.
824 4345 891 4389 test.
904 4340 1015 4388 Necnon
1027 4337 1102 4385 Cone,
1114 4336 1227 4399 (ιιιιόᾳιια
1238 4330 1296 4382 Gol-

183 4417 237 4469 {loc
253 4419 302 4470 tac.
313 4418 438 4469 sirmundi
452 4420 512 4469 tour.
524 4421 618 4481 rrpag.
630 4427 652 4469 t.
1177 4493 1198 4536 ᾖ
