3234 5084
326 402 928 489 usarii.nnmsorasuernnnrss.
943 432 1158 490 urrannei.
1244 412 1314 487 art

192 554 285 657 quod
303 580 371 631 non
390 555 453 629 rite
472 554 677 655 diremptum
691 571 755 631 est.
769 557 925 630 llanente
941 554 1154 629 matrimonio
1174 554 1312 645 nubere,

191 668 394 745 adulterium
407 686 471 744 est.
485 671 535 742 lta
548 671 577 744 si
593 670 862 745 conditionaliter
874 668 1047 770 prohibuit
1059 669 1228 775 dimittere
1238 695 1317 744 uxo

193 814 282 876 rem,
303 814 370 861 non
389 787 424 858 in
442 802 547 860 totum
566 787 759 885 prohibuit,
779 803 814 860 et
830 786 922 887 quod
940 813 1006 861 non
1025 786 1200 887 prohibuit
1217 787 1252 859 in
1270 803 1317 860 to·

192 921 276 989 tum,
291 902 445 1003 permisit
462 902 559 988 alias,
575 902 634 975 uhi
654 927 756 976 causa
773 918 881 976 cessat
895 902 938 975 ob
951 928 1054 1001 quam
1073 901 1260 1002 prohibuit.
1274 902 1317 976 Et

192 1019 262 1092 iam
280 1043 347 1091 non
365 1017 569 1091 contrarium
590 1018 695 1117 Moysi
713 1017 827 1104 docet,
843 1017 939 1091 cuius
958 1032 1172 1116 praeceptum
1191 1015 1314 1090 alicubi

191 1149 389 1207 conservat:
420 1132 570 1207 nondum
595 1132 674 1206 dico
705 1133 895 1207 confirmat.
917 1132 983 1206 Aut
1000 1134 1029 1207 si
1046 1134 1187 1206 omnino
1211 1158 1316 1231 negas

193 1249 340 1348 permitti
360 1248 540 1322 divortium
554 1276 574 1321 a
587 1249 737 1335 Christo,
753 1249 924 1349 quomodo
942 1265 978 1322 tu
997 1249 1134 1347 nuptias
1158 1246 1315 1324 dirimis?

190 1363 259 1436 Nec
287 1364 494 1461 coniungens
519 1389 646 1437 marem
664 1379 697 1437 et
714 1363 915 1451 foeminam,
937 1388 999 1437 neo
1016 1356 1098 1437 alibi
1115 1362 1314 1436 coniunctos

190 1480 236 1552 ad
254 1494 501 1553 sacramentum
514 1478 730 1578 baptismatis
744 1496 777 1553 et
789 1480 1017 1554 eucharistiae
1029 1478 1230 1567 admittens,
1248 1479 1313 1553 nisi

195 1596 282 1669 inter
309 1622 348 1668 se
379 1595 628 1669 coniuraverint
657 1594 821 1670 adversus
853 1596 996 1669 fructum
1028 1595 1244 1695 nuptiarum,
1277 1611 1315 1668 ut

192 1710 357 1784 adversus
383 1710 497 1809 ipsum
527 1708 743 1783 Creatorem?
766 1706 863 1784 Certe
879 1710 964 1812 quid
982 1712 1062 1784 lacit
1079 1709 1169 1809 apud
1187 1725 1220 1783 te
1242 1736 1314 1783 ma-

190 1826 300 1913 ritus,
333 1825 363 1898 si
396 1850 481 1898 uxor
509 1824 583 1898 eius
617 1825 824 1900 commiserit
856 1824 1095 1899 adulterium?
1124 1822 1313 1898 flubebitne

195 1940 313 2015 illam?
330 1940 395 2013 Sed
421 1967 483 2014 neo
508 1958 601 2014 tuum
620 1940 818 2040 Apostolum
841 1942 953 2015 sinere
970 1941 1039 2015 scis
1058 1940 1215 2038 coniungi
1233 1932 1316 2040 pross

63 2122 66 2129 .
193 2058 330 2131 stitutae
354 2056 504 2130 membra
518 2050 660 2130 Christi.
682 2057 791 2130 Habet
818 2058 931 2158 itaque
950 2073 985 2130 et
1006 2056 1177 2130 Christum
1200 2082 1313 2131 asser·

191 2180 297 2245 torem
325 2170 454 2245 iustitia
479 2171 627 2245 divortii.
650 2174 719 2245 lam
739 2172 819 2245 hinc
836 2172 1052 2245 conlirmatur
1076 2171 1120 2245 ab
1142 2171 1202 2245 illo
1219 2173 1312 2270 bloy-

192 2313 265 2374 ses,
286 2314 326 2361 ex
344 2287 463 2361 codem
483 2287 579 2361 titulo
596 2287 782 2387 prohibens
796 2286 992 2386 repudium,
1008 2310 1076 2387 quo
1088 2303 1121 2360 et
1133 2286 1306 2370 Christus,

192 2404 221 2476 si
249 2404 420 2476 inventum
447 2403 605 2477 fueritin
624 2402 764 2476 muliere
782 2404 950 2500 negotium
978 2403 1200 2502 impudicum.
1227 2403 1312 2475 Nam

191 2534 225 2591 at
248 2518 283 2590 in
310 2516 485 2614 evangelio
510 2517 690 2590 Matthaei:
710 2516 777 2603 Qui
807 2517 988 2602 dimiserit,
1013 2518 1144 2617 inquit,
1175 2543 1313 2590 acorem

188 2661 284 2706 suum
305 2648 437 2732 praeter
453 2660 586 2706 musam
603 2633 779 2706 adulterii:
798 2633 881 2733 [ecit
898 2657 970 2706 eom
990 2632 1192 2717 adulterari,
1215 2648 1312 2731 utque

193 2752 241 2844 ito
266 2749 398 2821 adulter
421 2764 567 2821 censetur
591 2763 622 2821 et
646 2749 721 2833 illc,
751 2751 811 2847 qui
834 2746 1004 2819 dimtsscm
1027 2749 1139 2819 uviro
1161 2746 1308 2819 duceret.

190 2862 365 2947 Ceterum,
392 2880 524 2965 praeter
548 2892 588 2937 ex
615 2891 720 2938 causa
743 2863 920 2950 adulterii,
948 2889 1009 2936 nec
1026 2863 1163 2937 Creator
1182 2861 1311 2935 disiun⁶

189 2979 259 3076 git,
275 2979 364 3078 quod
378 2980 452 3080 ipse
466 2980 593 3053 seilicet
606 2980 798 3066 coniunxit;
820 2980 937 3053 eodem
956 2978 1037 3052 alibi
1055 2980 1171 3079 Moyse
1187 2978 1310 3053 consti·

188 3110 304 3167 tuente
321 3120 397 3167 eum
416 3095 474 3195 qui
493 3120 533 3166 ex
551 3096 802 3195 compressione
819 3094 1070 3167 matrimonium
1089 3093 1224 3179 lecerat,
1242 3119 1310 3167 non

190 3234 290 3307 possa
315 3207 482 3282 dimittere
508 3235 645 3283 uxorem
664 3211 698 3280 in
717 3235 816 3282 omne
835 3226 979 3308 tempus.
1002 3206 1099 3294 Quod
1120 3209 1149 3280 si
1177 3234 1216 3279 ex
1239 3207 1311 3280 vio-

190 3315 295 3398 lentia
320 3341 471 3399 coactum
489 3325 739 3399 matrimonium
759 3324 881 3411 stabit,
902 3340 1028 3423 quanto
1046 3323 1154 3420 magis
1171 3349 1212 3395 ei
1229 3348 1311 3395 con-

188 3441 357 3514 venientia
389 3440 647 3514 voluntarium?
672 3441 764 3512 Siout
793 3456 826 3513 et
860 3439 1058 3538 prophetiae
1087 3437 1307 3521 auctoritate,

193 3557 335 3629 Umorem
361 3560 537 3629 iuventutis
564 3571 635 3629 tuoe
661 3583 725 3628 cca
750 3555 905 3627 dimittes.
928 3553 1041 3625 Habes
1071 3553 1185 3651 itaque
1215 3549 1312 3622 Chri-

186 3689 276 3758 stum
302 3672 391 3746 ultro
408 3674 551 3770 vestigia
569 3671 696 3771 ubique
714 3670 881 3744 Crantoris
900 3670 1069 3743 ineuntem
1090 3683 1157 3739 tom
1181 3670 1217 3738 in
1239 3692 1311 3764 per-

55 3803 60 3811 ’
185 3788 340 3861 mittendo
358 3789 506 3888 repudio,
528 3816 627 3887 quom
644 3791 679 3859 in
693 3785 905 3885 prohibendo.
922 3783 1036 3858 Habes
1054 3785 1154 3858 etiam
1180 3783 1311 3882 nuptia

188 3931 261 3976 rum
287 3931 423 4005 quoquo
449 3906 532 3979 velis
558 3905 661 3979 latere
683 3919 953 4005 prospectorem,
976 3928 1062 4002 quas
1081 3926 1142 3974 nec
1160 3899 1309 4000 separari

147 4032 150 4037 '
186 4018 273 4107 vult,
295 4020 504 4120 prohibendo
531 4020 726 4120 repudium,
749 4045 810 4091 nee
828 4045 903 4091 cum
923 4015 1055 4090 macula
1073 4015 1209 4100 baberi,
1231 4030 1310 4086 tune

188 4136 411 4234 permittendo
424 4136 617 4210 divortium.
631 4135 802 4209 Erubesce
817 4160 883 4207 non
897 4134 1118 4230 coniungens,
1131 4156 1217 4230 quos
1232 4144 1309 4202 tuus

183 4276 322 4351 quoque
340 4250 497 4325 Christus
516 4251 700 4325 coniunxit.
723 4249 893 4324 Erubesce
911 4248 1011 4321 otiam
1026 4246 1227 4343 disiungens
1240 4247 1309 4317 siae

182 4394 219 4436 eo
244 4368 377 4452 nerito,
407 4394 469 4466 quo
495 4367 648 4461 disiunpi
672 4368 775 4439 coluit
800 4382 831 4439 et
849 4381 923 4437 tuus
944 4365 1093 4436 Christus
1114 4364 1229 4456 (39).»

260 4520 310 4579 (rot
329 4519 391 4570 thid.
404 4524 509 4579 tesan.
1192 4532 1212 4574 a
