3234 5084
306 415 375 488 3⁰2
452 437 515 488 sm.
532 434 888 487 111.sscr.strsst.ns
906 436 1019 487 inens.
1036 436 1131 488 snrs.
1148 437 1272 489 osmer.

299 553 494 652 evangelica
517 553 614 628 docet
638 579 698 654 per
721 553 963 628 revocationem
981 554 1129 652 coniugii
1153 555 1198 630 ad
1214 556 1414 657 primordie·

221 759 222 762 Ἴ
302 668 368 742 lem
385 669 446 742 Ilei
464 668 572 767 legem
602 669 645 742 de
677 668 973 744 indissolubilitate
993 670 1154 769 coniugii;
1181 676 1216 744 t.
1236 672 1339 772 idque
1356 675 1417 748 de-

302 810 394 857 mum
419 784 618 858 confirmare
643 798 713 856 tum
740 782 897 857 absolute
923 783 1047 858 Christi
1073 785 1165 885 apud
1190 788 1312 860 Lucam
1344 813 1420 862 sen·

302 897 420 986 tentia,
441 916 509 972 tum
524 897 676 999 Apostoli
690 898 791 973 elfato
805 898 849 971 de
861 898 1107 997 significatione
1118 928 1220 1002 mam
1235 904 1419 1002 praesefert

301 1011 496 1110 coniugium
513 1013 649 1087 unionis
668 1011 793 1086 Christi
820 1015 896 1086 eum
913 1013 1068 1102 ecclesia,
1089 1041 1178 1116 quae
1201 1032 1254 1089 est
1279 1042 1417 1115 prorsus

303 1126 564 1204 indissolubilis.
586 1128 623 1199 ln
641 1126 729 1200 libro
752 1152 831 1201 vero
856 1125 900 1199 de
925 1126 1094 1201 Abraham
1119 1129 1272 1203 eamdem
1296 1133 1419 1205 confir-

301 1261 372 1320 mat
388 1271 418 1318 s.
440 1247 538 1319 Pater
553 1243 759 1332 doctrinam,
786 1242 847 1317 ubi
871 1242 1053 1318 insolubile
1078 1245 1112 1318 in
1138 1247 1230 1320 omni
1254 1273 1338 1321 casu
1363 1247 1419 1322 de

304 1360 409 1435 clarat
429 1360 641 1459 coniugium,
669 1359 855 1460 statuitque
879 1375 995 1432 contra
1019 1360 1188 1436 humanas
1213 1388 1273 1437 seu
1301 1364 1419 1437 civiles

304 1475 416 1576 leges,
440 1476 535 1576 paria
560 1475 635 1550 iura
660 1476 733 1550 sive
758 1475 792 1547 in
809 1475 883 1549 viro
899 1475 972 1549 sive
996 1476 1031 1548 in
1057 1474 1208 1551 muliere.
1238 1479 1321 1552 Eius
1346 1504 1419 1578 pro

295 1590 382 1667 ‚inde
413 1617 511 1666 mens
540 1616 608 1664 non
637 1605 767 1691 poterat
797 1590 997 1665 clarioribus
1025 1592 1138 1668 verbis
1169 1594 1302 1692 exponi.
1331 1593 1418 1667 Hinc

305 1721 399 1806 patet
416 1730 519 1805 quarn
545 1703 734 1803 improvide
759 1705 942 1794 Erasmus,
963 1707 1154 1795 Leunoius,
1176 1709 1345 1808 ceterique
1365 1708 1418 1781 di·

301 1822 398 1898 vortii
430 1836 613 1895 assertores
634 1845 695 1919 pro
722 1844 827 1894 causa
853 1847 916 1894 sua
934 1821 1149 1897 Ambrosium
1172 1822 1322 1898 laudent.

375 1937 495 2011 Verum
515 1933 597 2035 quid
614 1934 795 2008 dicendum
817 1935 859 2009 de
877 1935 1005 2011 Hilario
1021 1937 1170 2011 Diacono
1194 1937 1414 2027 luciferiano,

304 2051 364 2154 qui
388 2049 630 2124 Ambrosianus
655 2065 870 2148 nuncupatur
897 2050 1026 2146 (ttttt
1043 2051 1126 2126 Eius
1148 2052 1252 2125 verba
1276 2053 1311 2125 in
1328 2079 1420 2126 com·

305 2180 408 2240 ment.
432 2166 512 2237 inl.
533 2162 575 2236 ad
595 2163 672 2238 Cor.
689 2163 759 2235 llll.
778 2162 863 2237 haec
875 2182 967 2238 sunt:
982 2195 999 2234 α
1014 2167 1194 2265 Postquam
1210 2167 1363 2266 innuptis
1387 2186 1421 2240 et

303 2281 418 2356 viduis
432 2279 592 2381 loquutus
605 2294 657 2352 est
665 2276 887 2377 (Apostolus),
905 2279 968 2353 hos
981 2278 1174 2380 alloquitur,
1182 2281 1241 2380 qui
1254 2281 1420 2354 matrimo-

303 2398 360 2471 nio
378 2396 481 2470 iuneti
495 2409 592 2482 sunt,
608 2420 666 2469 ore
681 2393 863 2468 dominico:
881 2394 1023 2467 Umorem
1042 2421 1064 2468 o
1084 2397 1156 2468 viro
1167 2421 1231 2468 oon
1243 2395 1417 2483 camdem

304 2511 446 2613 quodsi
477 2509 682 2595 decesserit,
709 2535 839 2583 monere
863 2512 1046 2609 innuptam.
1075 2509 1147 2584 Hoc
1170 2510 1319 2610 Apostoli
1344 2537 1421 2586 con·

304 2626 419 2703 silium
435 2641 500 2717 est,
516 2641 553 2699 ut
570 2626 600 2699 si
614 2625 809 2701 discesserit
826 2642 960 2726 propter
983 2625 1107 2700 malam
1134 2626 1419 2700 conversationem

301 2743 384 2832 viri,
414 2743 482 2816 iam
508 2741 650 2842 innupta
666 2755 812 2815 maneat.
832 2741 896 2813 Aut
911 2742 983 2814 viro
999 2766 1057 2814 ato
1079 2741 1297 2814 reconciliari.
1319 2740 1416 2828 Quod

303 2857 334 2932 si
359 2857 531 2931 continere
548 2882 598 2944 se,
611 2856 739 2955 inquit,
755 2881 823 2929 non
849 2871 975 2956 potest,
1000 2856 1080 2956 quia
1098 2882 1248 2955 pugnare
1264 2882 1331 2931 non
1347 2855 1421 2930 vult

304 2984 421 3044 contra
446 2967 597 3057 earnem,
624 2968 697 3043 viro
730 2969 983 3057 reconcilietur;
1011 2970 1192 3045 nonenim
1218 2971 1420 3069 permittitur

303 3080 453 3171 mulieri,
473 3099 512 3156 ut
537 3082 660 3170 nubat,
681 3083 710 3157 si
736 3083 845 3158 virum
871 3111 971 3158 suum
989 3110 1093 3158 causa
1118 3084 1349 3159 fornicationis
1366 3084 1419 3157 di·

304 3198 453 3286 miserit,
474 3214 532 3271 aut
556 3200 765 3298 apostasiae,
787 3216 845 3274 aut
862 3201 892 3274 si
911 3198 1028 3274 illicita
1052 3199 1244 3299 impellente
1263 3199 1415 3286 lascivia,

304 3338 404 3388 usum
431 3328 571 3413 quaerat
588 3312 719 3400 uxoris;
737 3314 819 3413 quia
846 3314 983 3388 inferior
1008 3340 1076 3388 non
1101 3315 1238 3388 omnino
1264 3314 1328 3388 hac
1344 3313 1418 3412 lege

304 3429 409 3503 utitur
435 3455 503 3528 qua
533 3428 655 3529 potiorss
686 3430 721 3501 Si
749 3445 860 3504 tamen
881 3431 1120 3530 apostataverit
1141 3432 1211 3516 vir,
1239 3447 1297 3504 aut
1317 3456 1418 3505 usum

304 3559 446 3644 quaeret
469 3543 584 3619 uxoris
609 3545 792 3635 invertere,
820 3573 882 3620 nec
908 3546 966 3619 elii
992 3562 1101 3646 potest
1124 3545 1251 3619 nubere
1275 3545 1413 3632 mulier,

378 3821 399 3884 (1
408 3820 445 3884 te)
460 3820 550 3872 erum
561 3824 599 3873 est
611 3825 742 3874 Erasmum
756 3822 867 3887 alioquin
878 3835 989 3887 sagacem
1008 3825 1033 3874 et
1043 3823 1233 3888 hypercriticum
1257 3823 1365 3887 potrlsse
1384 3822 1416 3873 ad

304 3900 451 3953 firmantem
471 3899 608 3954 docuinam
628 3914 699 3953 susm
717 3902 749 3953 sd
767 3904 834 3954 hunc
852 3907 987 3965 suctores,
1007 3904 1080 3966 quest
1092 3902 1124 3954 ad
1137 3903 1323 3954 ssmbrosinm
1341 3903 1420 3966 appel·

303 3980 356 4032 lare
368 3981 393 4032 ln
410 3982 463 4034 suls
481 3980 601 4036 wuontt
615 3982 641 4033 iu
653 3995 707 4048 cap.
719 3985 774 4035 vlt.
783 3996 823 4048 ep.
837 3986 856 4034 Ι.
866 3983 898 4034 sd
911 3986 968 4034 cor.
979 3996 1034 4047 pag.
1047 3990 1104 4034 cao.
1116 3983 1160 4034 cit.
1174 3982 1214 4034 ed.
1225 3977 1341 4034 scribens:
1354 4003 1367 4026 a
1379 3982 1420 4032 oi·

303 4073 350 4111 ros
369 4059 529 4125 Ambrosius,
547 4061 600 4113 sine
619 4062 786 4114 controversia
807 4063 857 4127 vtr,
884 4076 934 4114 non
952 4062 1105 4113 orthodoxus
1127 4061 1220 4125 modo,
1239 4076 1325 4113 vorum
1344 4064 1418 4113 etiam

304 4142 422 4207 penem
438 4141 624 4208 uestimentum
634 4143 722 4195 tribuit
742 4145 796 4196 viro
816 4144 855 4196 lus
873 4142 979 4195 dncmdi
998 4145 1101 4195 sltormr
1121 4143 1293 4205 ereremum
1315 4145 1420 4206 priorem

305 4223 339 4274 ob
353 4223 452 4287 culpem
472 4223 605 4276 adnisam
616 4224 764 4289 repudiarit.
774 4227 859 4289 Neque
873 4223 975 4275 dubium
985 4227 1030 4287 est,
1042 4226 1103 4288 quin
1113 4225 1136 4276 is
1145 4224 1275 4289 episcopus
1283 4223 1418 4284 exercuerit

302 4303 329 4354 tn
349 4303 409 4366 sols,
428 4302 497 4367 quod
511 4305 578 4355 recte
599 4304 703 4369 iureque
721 4305 773 4356 fleri
786 4305 892 4369 scripsit,
904 4324 917 4347 «ι
929 4309 965 4355 Ac
984 4305 1083 4356 silentio
1097 4305 1185 4370 pressit
1195 4318 1259 4370 quaa
1278 4317 1350 4355 verus
1359 4308 1415 4354 Am·

305 4383 402 4435 orosius
419 4383 445 4436 ln
464 4396 551 4447 evang.
563 4399 584 4436 s.
596 4386 677 4437 Lucre
693 4384 843 4437 mouentum
857 4385 959 4436 omuino
975 4385 1061 4437 edixit.
