3234 5084
250 430 253 434 ‡
286 415 354 466 oar.
368 415 412 466 rt.
429 414 469 465 na
481 413 594 466 amru.
611 411 703 464 ruant
717 412 755 463 rr
767 411 841 464 can.
857 410 1002 464 aarum
1018 412 1139 464 auru.
1208 394 1277 466 ill

166 533 282 636 pedire
307 559 373 608 non
399 548 527 634 potest,
551 548 650 632 prout
673 548 707 605 et
730 529 817 619 alia,
845 556 934 631 quae
958 546 1075 607 contra
1092 530 1144 606 las
1167 549 1201 607 et
1225 535 1282 610 ius

168 650 252 724 liunt
267 650 302 722 in
327 648 562 743 communione
583 662 738 747 separata
749 648 788 721 'et
798 645 1006 736 acatholica,
1034 646 1095 721 sed
1115 673 1183 722 nou
1205 648 1283 725 idco

167 780 279 839 tamen
303 790 345 838 ea
369 760 512 864 probat,
540 762 601 837 sed
631 776 793 862 quantum
824 762 859 833 in
891 787 929 835 se
958 777 1029 849 eet,
1058 761 1226 861 improbat
1250 781 1284 839 et

166 880 380 954 condemnat.
400 878 435 950 Si
452 902 532 951 varo
556 902 665 951 sermo
689 877 735 951 sit
758 877 802 950 de
827 876 956 975 graecis
973 875 1096 966 unitis,
1117 902 1193 951 cum
1214 879 1281 978 ipsi

167 994 388 1095 profiteantur
410 1019 448 1067 se
472 1020 539 1067 non
564 1019 662 1067 secus
687 1019 727 1066 ac
751 991 873 1092 reliqui
899 990 1055 1066 catholici
1080 1017 1198 1066 omnes
1222 993 1284 1068 ob·

168 1109 266 1209 sequi
291 1109 413 1182 canoni
430 1106 612 1181 tridentino
638 1123 741 1207 atque
765 1105 1059 1182 constitutionibus
1075 1108 1280 1207 pontificiis,

169 1222 366 1323 praesertim
390 1248 478 1323 quae
501 1247 563 1323 pro
586 1220 716 1296 obiecto
739 1220 866 1297 habent
882 1221 983 1295 fidem
1002 1238 1035 1295 et
1055 1247 1183 1311 mores,
1206 1249 1284 1322 pru-

171 1337 257 1411 lecto
283 1336 376 1409 nulla
402 1335 529 1411 ratione
555 1363 575 1409 a
599 1337 692 1434 gravi
719 1336 818 1437 culpa
842 1335 995 1410 excusari
1020 1351 1193 1435 poterunt,
1216 1338 1282 1413 uisi

170 1450 304 1525 illorum
329 1450 647 1552 praescriptionibus
672 1477 711 1526 se
734 1450 952 1525 conforment.

243 1566 293 1638 Ex
321 1565 376 1640 bis
401 1592 543 1665 pronum
571 1565 790 1653 catiniano,
818 1565 900 1665 quid
931 1564 1142 1639 rendendum
1168 1566 1214 1640 sit
1238 1565 1282 1640 de

174 1681 290 1782 praxi,
317 1706 419 1781 quam
443 1696 560 1755 auctor
582 1680 625 1754 de
650 1707 686 1754 re
711 1680 971 1755 sacramentaria
990 1680 1141 1779 viguisse
1166 1679 1285 1756 scribit

171 1796 257 1869 inter
272 1821 409 1893 gmeoos
429 1793 543 1869 latinis
560 1796 662 1870 etiam
678 1794 847 1896 episcopis
869 1793 1051 1868 subiactus.
1080 1794 1209 1869 Prolert
1225 1794 1281 1870 bic

169 1926 286 1985 auctor
309 1909 344 1982 in
372 1908 555 2010 provinciis
578 1924 611 1984 et
628 1906 849 1983 'dioecesibus
874 1907 933 1982 ubi
958 1907 1071 2007 graeci
1095 1908 1209 1982 latinis
1227 1906 1285 1982 ad·

169 2026 374 2114 misticum,
392 2040 426 2100 et
438 2025 592 2124 proprias
610 2025 737 2100 babent
750 2024 912 2100 ecclosias
926 2082 934 2112 ‚
950 2023 1099 2099 alatiuis
1116 2025 1286 2126 episcopie

169 2141 295 2243 quibus
312 2140 556 2229 subiciuntur,
583 2139 669 2214 nihil
694 2140 885 2215 ordinatum
907 2139 1046 2240 reperiri
1070 2156 1185 2214 eontra
1202 2140 1287 2214 anti·

170 2283 272 2358 quiam
290 2255 382 2330 illam
393 2282 496 2356 quam
512 2255 677 2330 hacteuus
695 2255 902 2330 retinuerunt
918 2253 1131 2329 matrimonia
1148 2269 1285 2356 propter

171 2369 372 2446 adulterium
391 2367 571 2443 dirimendi
588 2368 882 2458 cousuetudinem,
902 2395 942 2444 ac
959 2369 994 2441 in
1012 2367 1188 2469 synodicis
1210 2383 1287 2441 tan·⁴

173 2502 243 2562 tun
268 2484 562 2560 constitutionibus
590 2498 725 2558 cautum
755 2509 852 2572 esse,
880 2509 924 2557 ne
952 2484 1073 2557 mariti·
1089 2482 1287 2559 auctoritate

172 2600 322 2703 propriu,
344 2598 505 2699 nullaque
521 2597 709 2698 praemissa
725 2597 832 2670 forma
847 2596 964 2671 iudicii
983 2621 1103 2671 uxores
1129 2595 1286 2672 adulterii

172 2731 344 2816 praetextu
369 2713 592 2803 dimitterent,
619 2730 653 2788 et
676 2713 773 2788 noris
798 2711 960 2811 deinceps
983 2711 1146 2786 uxoribus
1174 2712 1289 2812 iunge·

175 2844 299 2902 rentur.
327 2830 365 2900 ln
391 2828 489 2902 cuius
514 2829 562 2903 rei
587 2826 875 2903 confirmationem
900 2825 1000 2900 relert
1023 2825 1116 2900 card.
1146 2826 1289 2901 Moutal-

176 2958 246 3016 tum
277 2942 549 3041 Montis-Regalis
583 2943 617 3015 in
641 2942 757 3017 Sicilia
780 2941 1074 3041 archiepiscopum
1095 2941 1130 3015 in
1157 2943 1288 3044 syuodo

176 3054 372 3157 provinciali
402 3083 457 3129 an.
486 3057 593 3129 1652.
622 3056 738 3130 babitu
768 3056 833 3131 hoo
864 3071 990 3130 tantum
1024 3054 1067 3130 de
1091 3082 1286 3155 graecorum

175 3170 398 3246 matrimoniis
414 3171 619 3246 decrevisse:
644 3172 752 3244 «Tam
771 3170 869 3245 facile
885 3170 998 3245 dirimi
1016 3172 1104 3245 inter
1127 3173 1289 3270 coniuges

175 3311 315 3385 graecos
332 3284 544 3360 matrimonia
560 3285 747 3387 approbare
763 3286 856 3360 nullo
874 3286 972 3361 modo
997 3286 1180 3361 debemus:
1201 3286 1290 3361 ideo

175 3428 242 3504 que
254 3402 316 3475 loo
328 3427 428 3501 usquc
444 3402 551 3502 suctos
567 3402 785 3500 reparationes
801 3401 909 3502 quood
924 3402 1092 3491 vinculum
1103 3402 1289 3476 ontroiudi·

176 3519 306 3590 cialiter
317 3532 348 3591 ct
360 3518 550 3590 auctoriate
557 3517 695 3616 propriu
707 3517 819 3590 collus
830 3518 932 3616 foisse
952 3515 1287 3615 declaramus(ld).»

178 3634 268 3708 llaec
284 3633 361 3734 ipsa
377 3660 418 3708 ex
435 3631 500 3706 boc
516 3647 651 3706 auctore
676 3632 776 3708 refert
792 3631 898 3707 Collet
915 3647 1015 3733 atque
1036 3632 1224 3732 approbare
1243 3633 1291 3707 vi-

178 3748 277 3822 detur
294 3751 383 3845 (ll).
403 3749 445 3822 At
461 3773 523 3823 uos
541 3746 697 3848 quamvis
714 3747 798 3821 baec
813 3747 991 3821 rarissima
1016 3745 1058 3821 ab
1075 3747 1141 3821 hoc
1157 3762 1291 3822 nemore

178 3861 337 3937 historica
361 3863 464 3938 relata
496 3861 747 3949 existimemus,
775 3861 867 3936 nulla
893 3861 1020 3936 ratione
1044 3858 1186 3961 probare
1211 3886 1291 3960 pos-

178 3976 326 4053 sumus.⁴

252 4093 441 4182 Quominus
468 4096 558 4169 enim
589 4123 651 4172 nos
676 4095 756 4170 huic
780 4095 892 4195 praxi,
922 4094 1045 4194 bisque
1068 4091 1290 4194 synodalibus

254 4278 305 4342 (te)
321 4278 414 4329 Drouin
431 4277 474 4330 lib.
487 4280 530 4330 lx.
545 4293 568 4330 c.
581 4282 603 4331 1.
616 4280 640 4345 §.
654 4287 678 4331 t.
691 4293 716 4344 p.
732 4284 787 4332 ⁴⁵2.
799 4278 840 4330 cd.
855 4280 942 4330 venat.

256 4359 308 4422 (47)
322 4360 392 4411 Tou.
406 4359 473 4409 thl.
488 4360 524 4409 De
542 4371 610 4411 socr.
624 4361 742 4410 metm
753 4372 776 4410 c.
788 4361 820 4409 v.
833 4361 880 4409 art.
893 4367 917 4415 ³,
928 4371 954 4409 n.
968 4362 1022 4409 ³17·
1058 4388 1079 4396 ··

262 4464 302 4520 ΙΙΙ
1182 4471 1214 4519 27
