3234 5084
320 442 324 447 ·
362 392 444 487 'cin
460 434 497 487 ιι.
512 433 554 487 nr
571 434 747 491 rotrocum
760 435 959 512 eremum.
975 437 1049 494 aar.
1065 437 1091 489 ι.
1241 418 1287 489 87

174 571 211 629 ιι
232 551 277 627 «ι
302 552 464 628 meroem
486 531 723 654 bosionem
739 553 859 630 soeret
884 556 920 628 n
944 553 1166 632 anconam
1189 559 1289 635 oso-

174 685 240 745 tate
264 685 342 770 post
366 669 563 746 viduitatem
588 672 788 760 excitarent,
809 688 911 774 capue
928 672 972 747 ab
995 699 1036 749 eo
1060 672 1152 773 quod
1176 675 1289 749 minum

172 786 270 860 decet
293 784 511 860 retraherent.
532 787 620 869 Sane
636 787 839 879 cotelerius,
858 790 918 890 qui
937 815 998 890 pro
1021 789 1210 866 eruditione
1226 817 1291 866 sna

173 916 341 1002 quotquot
363 901 472 1000 potuit
497 904 532 974 in
556 901 645 978 bunc
669 905 869 978 sententiam
892 904 1041 1004 collegit,
1070 904 1207 981 nonnisi
1231 934 1292 981 un·

173 1015 284 1090 decim
302 1015 471 1090 recensuit
488 1017 694 1107 testimonia,
710 1044 831 1119 nempe
842 1018 1093 1118 Athenagorae,
1105 1020 1290 1123 ibeophiii

175 1130 395 1219 antiocheni,
424 1132 572 1221 irenaei,
592 1132 788 1229 Tertulliani
818 1133 932 1221 adbuc
954 1134 1128 1225 catholici,
1152 1137 1290 1212 Minucii

176 1245 316 1334 Felicis,
335 1243 511 1345 Origenis,
535 1247 684 1346 Gregorii
702 1246 901 1325 nazianzeni
915 1246 934 1338 ,'
947 1250 1194 1352 chrysostomi,
1215 1251 1292 1326 ilm-

177 1359 365 1461 pbilocbii,
385 1360 598 1436 Ambrosiam
623 1377 657 1437 et
673 1363 872 1464 Hieronymi
894 1367 984 1462 (39),
1006 1366 1107 1443 Porro
1125 1363 1162 1437 bi
1179 1381 1291 1466 potres

178 1476 223 1550 ad
236 1502 343 1553 unum
359 1501 489 1565 omnes,
509 1493 548 1551 ut
563 1478 793 1567 ostendimus,
814 1476 1017 1572 catholicum
1035 1505 1174 1555 sensum
1193 1507 1291 1580 prae·

177 1592 338 1667 scierunt.
364 1592 435 1667 lloc
453 1607 525 1666 erat
543 1593 773 1668 adnotandum
791 1594 836 1669 ad
857 1595 1025 1670 vindicias
1042 1610 1174 1698 patrum
1191 1621 1294 1694 ngen-

175 1706 237 1782 das
262 1733 350 1808 quos
374 1723 597 1808 protestantes
622 1707 781 1783 vellicare
804 1711 954 1808 gestiunt
981 1713 1071 1808 (it).
1148 1723 1157 1733 ”

251 1823 318 1899 Sed
343 1824 373 1897 si
400 1825 448 1899 ito
472 1840 544 1914 eet,
569 1840 698 1923 regeret
721 1826 868 1927 aliquis,
888 1829 949 1928 qul
970 1827 1094 1905 lactum
1115 1844 1168 1903 est
1184 1844 1224 1901 nt·
1240 1827 1294 1901 bi·

176 1940 266 2040 gami
291 1939 336 2014 eb
363 1938 506 2015 ecclesia
536 1942 641 2016 variis
673 1943 793 2042 Poenis
828 1968 890 2043 pro
918 1959 1105 2045 temporum
1127 1944 1293 2019 uarietcte

177 2056 424 2158 plecterentur?
436 2058 622 2158 Responsio
637 2084 679 2133 ex
695 2058 795 2132 dictis
813 2058 849 2132 in
868 2075 1025 2160 promptu
1041 2076 1106 2149 est,
1122 2061 1204 2160 quin
1217 2059 1293 2160 ipsa

178 2180 350 2281 quandem
367 2181 590 2281 deprehendit
607 2183 643 2255 in
662 2182 717 2258 bis
731 2184 926 2284 nuptiarum
943 2184 1158 2260 iteratoribus
1177 2185 1294 2261 incon-

178 2296 339 2371 tinentiae
357 2295 484 2386 lnbem,
503 2322 545 2372 eo
561 2297 637 2399 ipso
653 2297 745 2398 quod
757 2298 939 2400 Apostolus
958 2300 1021 2375 has
1046 2299 1213 2377 secundas
1230 2326 1294 2375 nu·

136 2506 139 2512 Ι
181 2413 269 2512 ptine
278 2412 390 2489 solum
399 2413 577 2489 indulserit
585 2431 687 2515 etque
701 2415 891 2514 permiserit
903 2414 1020 2491 habita
1033 2414 1293 2491 rationehorum

186 2528 412 2617 infirmitatis,
427 2528 562 2604 dicens:
582 2529 709 2616 «Quod
735 2531 766 2606 si
786 2558 853 2606 non
876 2557 915 2605 se
938 2532 1121 2619 continent,
1142 2528 1291 2619 nubent,

182 2642 304 2718 melios
323 2659 376 2719 est
391 2643 482 2719 enim
506 2644 633 2720 nubere
658 2672 760 2745 qnam
784 2647 974 2743 uri(l1).a

251 2758 362 2858 Atque
386 2758 470 2834 baec
488 2776 541 2835 est
558 2761 659 2849 ratio,
680 2788 781 2862 quam
803 2761 966 2861 praebent
983 2777 1148 2862 quotquot
1172 2759 1292 2834 durius

183 2872 228 2949 ds
244 2873 404 2949 secundis
422 2875 550 2975 nuptiis
575 2874 668 2976 loqui
699 2876 764 2950 risi
791 2891 882 2951 sunt.
909 2875 1033 2950 iuverit
1057 2901 1125 2951 uno
1150 2873 1295 2950 alterove
1377 2968 1380 2973 Ι

181 3002 329 3063 veterum
355 2987 547 3064 testimonio
572 2988 607 3063 id
630 2989 820 3078 adstruere,
839 3004 878 3063 ut
893 2988 1017 3065 melius
1041 2989 1173 3064 illorum
1199 3013 1295 3064 mens

249 3211 301 3275 (71)
316 3212 422 3265 Coteler.
434 3212 460 3264 tn
472 3214 532 3265 nota
548 3213 687 3265 1111111.
702 3216 734 3264 11.
749 3216 877 3266 Pastoris.

249 3292 301 3354 (1ο)
317 3291 356 3343 ei.
369 3292 472 3357 eeiiicr,
483 3292 605 3357 Apolootr
625 3291 660 3345 dc
676 3293 704 3344 to
718 3292 820 3344 musto
839 3292 885 3345 dor
901 3292 979 3346 Piros
996 3292 1029 3345 dc
1048 3290 1146 3358 t’cpltre
1161 3291 1201 3344 od.
1217 3291 1295 3343 Paris.

185 3373 253 3423 iiis.
262 3383 319 3435 por.
329 3379 444 3437 timo.
452 3374 728 3436 neamoiinmaminm,
736 3376 837 3438 orteia
847 3376 874 3425 ct
882 3372 1109 3439 antiquitclrrtut.
1121 3375 1214 3425 Romae
1225 3375 1293 3424 1711.

181 3452 300 3503 tomill.
314 3450 415 3502 iani.
430 3453 552 3517 rap.c.§.
568 3454 899 3518 spurcissimorum
913 3453 1071 3524 verulisnicl
1092 3452 1190 3504 ‘iubens
1213 3451 1239 3501 in
1255 3463 1297 3516 op.

182 3533 303 3581 Examen
320 3532 504 3582 tractatorio.
513 3531 673 3596 Borbepruci
684 3531 717 3583 dc
727 3531 852 3584 wirina
860 3531 957 3584 morati
968 3535 1079 3597 potrum
1091 3529 1224 3583 ecclcsiae.
1235 3529 1294 3580 Vin·

183 3610 240 3661 dob.
257 3613 325 3662 1785.
334 3610 455 3661 iiicenlm
466 3611 699 3679 calemumstrioait
715 3611 833 3664 ιάιιιιιιιε
851 3612 1029 3676 Barbeyracnm
1040 3613 1096 3676 post
1104 3609 1247 3661 Buddaeum
1257 3609 1296 3659 ia·

183 3690 327 3751 mum,
349 3690 392 3754 qui
409 3692 434 3741 et
449 3689 502 3755 ipsc
515 3690 649 3742 insurrexit
664 3690 783 3743 adversus
796 3692 904 3743 eundern
925 3692 952 3743 in
963 3694 1074 3756 Irapoae
1092 3687 1298 3741 historico-titen-

184 3768 277 3832 apua.
289 3769 512 3833 sincinnium.
523 3771 574 3821 roi.
583 3771 610 3821 in
621 3775 644 3823 1.
656 3771 700 3822 lib.
709 3773 740 3822 11.
751 3784 805 3837 rap.
815 3776 839 3823 1.
851 3774 902 3824 itae
913 3784 962 3823 non
973 3774 1030 3836 post
1041 3770 1141 3821 doctum
1153 3768 1296 3820 Liberalem

183 3849 326 3900 imeoniom
342 3847 368 3899 in
383 3862 423 3914 op.
442 3852 480 3903 De
495 3849 591 3903 morati
604 3854 717 3917 putrium
732 3850 856 3904 doctmno
869 3851 997 3904 odom
1013 3849 1114 3902 tibrum
1129 3851 1171 3901 Io.
1181 3848 1294 3914 Borbor-

184 3930 250 3980 ruoi.
267 3928 369 3979 Liburni
382 3932 450 3980 1717.

252 4010 304 4072 (11)
319 4011 340 4060 i.
357 4012 414 4061 cor.
429 4012 485 4062 vii.
502 4018 526 4063 s.
543 4011 687 4071 Quinimmo
700 4012 783 4064 inveni
809 4011 836 4063 in
861 4012 977 4077 capitulis
991 4008 1115 4063 Theodori
1131 4008 1296 4061 cantuariens.

183 4087 359 4154 archiepiscopi
375 4102 431 4156 esp.
446 4094 512 4142 xvi.
530 4092 569 4144 bis
584 4092 666 4144 verbis
679 4106 835 4157 expressum:
852 4114 864 4138 a
881 4097 909 4144 ln
922 4096 1009 4158 prtmo
1024 4090 1140 4154 coniugio
1155 4088 1229 4139 debat
1239 4101 1293 4152 pre·

184 4166 269 4232 sbyter
285 4168 385 4219 mnam
399 4183 484 4236 mare,
499 4172 524 4223 ct
540 4171 683 4223 benedicere
694 4172 793 4223 ambos:
808 4175 834 4224 et
854 4175 938 4237 postea
953 4173 1106 4224 abaciacum
1127 4181 1156 4220 oc
1171 4168 1205 4219 ub
1221 4167 1300 4220 erote·

186 4249 229 4298 rto
244 4250 358 4313 trtptnto
371 4249 475 4312 dicdum·
490 4250 581 4316 quibus
596 4252 702 4317 words
714 4255 868 4317 poenam
881 4254 933 4305 iib.
946 4252 1040 4305 diebu
1055 4252 1081 4304 et
1096 4251 1185 4301 vacent
1197 4246 1303 4299 orationi

185 4324 212 4377 et
223 4328 309 4393 poster
323 4329 505 4384 mummiomt
523 4343 581 4383 com
603 4330 757 4384 oblatione·
775 4331 847 4398 ipud
862 4332 1011 4385 Ducbarinm
1026 4329 1147 4398 sptem.
1167 4329 1229 4381 tom.
1256 4329 1300 4380 11.
