3234 5084
373 422 442 478 mr.
459 423 495 477 u.
512 426 552 477 nr
570 425 745 479 marcian
762 424 958 483 successiva.
975 426 1046 477 rna.
1065 428 1089 479 ι.
1234 403 1276 477 st

172 545 298 646 nuptiis
311 560 392 621 suut
404 545 582 645 procreati.
599 544 752 621 Ceterum
765 602 773 634 ‚
788 558 827 619 ut
838 542 1006 634 diximus,
1024 572 1082 620 eas
1095 569 1281 646 numquam

171 661 205 734 in
225 688 264 735 se
288 677 324 734 et
346 660 500 735 absoluto
524 658 678 734 Ecclesia
701 658 904 760 improbarit
931 662 1020 757 (23).

240 775 284 848 Et
312 775 397 849 haec
420 774 557 874 quidem
580 774 624 847 de
648 773 819 847 Ecclesiae
843 774 1021 874 utriusque
1045 774 1218 850 orientalis
1248 791 1282 850 et

170 889 391 964 occidentalis
418 915 524 963 sensu
556 915 596 963 ac
630 905 743 962 mente
772 888 902 962 dixisse
937 890 1104 963 sufficiat:
1131 906 1167 964 at
1192 891 1283 991 quod

171 1003 288 1078 attinet
313 1004 357 1077 ad
378 1000 527 1105 priuatos
548 1004 714 1103 quosdam
739 1004 920 1103 scriptores
942 1022 1000 1078 aut
1023 1006 1124 1078 etiam
1149 1023 1281 1108 patres,

172 1118 344 1193 latendum
361 1135 415 1195 est
430 1118 611 1194 nonnullos
624 1119 690 1192 hac
702 1119 739 1190 in
758 1144 793 1192 re
809 1118 947 1193 modum
959 1121 1148 1195 excessisse
1164 1147 1204 1197 ac
1220 1121 1285 1195 du-

172 1233 243 1307 rius
268 1232 397 1307 locutos
419 1259 507 1307 esse.
731 1208 737 1235 '

243 1349 292 1422 Ns
315 1363 426 1422 tamen
451 1374 509 1422 eos
535 1347 610 1422 sine
633 1348 786 1422 examine
811 1373 853 1422 ex
881 1350 1051 1423 communi
1077 1350 1283 1449 praeiudicio

172 1464 383 1551 damnemus,
399 1478 547 1564 praestat
558 1488 675 1537 corum
687 1462 789 1537 effatu
801 1464 1020 1563 perpendere:
1037 1463 1181 1539 sortasse
1193 1465 1283 1539 enim

174 1579 220 1653 ita
245 1576 387 1653 emolliri
405 1593 549 1677 possunt
565 1604 606 1653 ac
624 1576 758 1665 debent,
773 1595 812 1651 ut
828 1577 906 1652 lieet
919 1578 1026 1678 prima
1041 1577 1148 1652 fronte
1164 1578 1208 1652 ab
1224 1580 1285 1653 Ec·

171 1693 297 1768 clasiae
322 1719 425 1767 sensu
454 1692 649 1769 discordare
669 1691 864 1781 videantur,
885 1693 1033 1792 penitius
1059 1693 1211 1795 inspecta
1229 1720 1286 1768 ca-

175 1808 335 1883 tholicum
352 1833 492 1882 sensum
511 1808 667 1882 fundunt.

245 1924 358 1998 Primo
381 1923 497 2023 itaque
515 1923 747 2021 Athenagoras
765 1951 936 2023 exponens
960 1938 1109 1999 veterum
1131 1924 1288 2022 christia·

174 2066 291 2114 norum
319 2065 429 2113 mores
451 2039 823 2125 dementationem
846 2039 1023 2138 disciplina
1039 2041 1211 2115 actionum
1233 2046 1287 2115 res

173 2170 321 2242 nostrae,
351 2155 480 2256 inquit,
509 2155 739 2242 continentur,
759 2170 797 2228 ut
813 2143 961 2254 quisque
977 2154 1030 2229 rel
1055 2156 1167 2256 qualis
1186 2173 1286 2230 natus
1330 2188 1334 2209 ²

175 2288 241 2357 est,
262 2287 413 2359 maneat,
428 2270 481 2344 vel
498 2271 609 2347 unicis
622 2269 658 2342 in
678 2270 819 2369 nuptiis.
841 2271 1016 2344 Secundae
1034 2272 1124 2344 enim
1138 2272 1289 2344 meorum

175 2386 416 2461 adulterium...
430 2384 495 2471 Qui
514 2412 552 2460 se
564 2386 638 2486 ipse
654 2386 764 2488 prima
778 2412 881 2459 uxore
895 2384 1037 2483 spoliat,
1053 2385 1186 2458 etiamsi
1200 2411 1288 2459 mor-

176 2518 233 2576 tua
245 2502 308 2589 sit,
323 2500 456 2574 occulta
472 2500 618 2600 quadam
636 2502 764 2574 ratione
780 2515 833 2573 est
848 2499 999 2588 adulter;
1020 2516 1090 2573 tum
1107 2501 1198 2601 quod
1217 2524 1289 2574 ma·

178 2644 257 2691 num
275 2617 338 2690 Dei
361 2615 626 2714 transgrediatur
645 2619 744 2713 (nam
769 2615 865 2688 initio
880 2614 972 2688 Deus
996 2642 1100 2688 unum
1119 2614 1289 2689 hominem

177 2732 272 2806 finxit
290 2758 329 2806 ao
347 2758 451 2805 unam
464 2730 657 2826 mulierem)
672 2787 681 2818 ‚
698 2745 768 2803 tum
782 2730 874 2829 quod
887 2730 1088 2803 carniacum
1102 2755 1289 2803 carnecor-

176 2848 379 2922 iunctionem
397 2846 544 2946 quodam
557 2845 657 2920 veluti
674 2844 810 2920 vinculo
822 2843 866 2918 ad
879 2843 1164 2919 commiscendum
1181 2870 1289 2942 genus

175 2962 368 3061 colligatam
382 2960 545 3036 dissolvat
568 2962 682 3058 (24).»
697 2959 865 3034 Nonnulla
883 2976 991 3033 tamen
1010 2958 1044 3030 in
1062 2959 1154 3033 hunc
1177 2959 1289 3034 locum

177 3075 474 3151 animadvertenda
487 3089 578 3162 sunt,
589 3099 629 3148 ac
638 3075 673 3147 1.
687 3073 777 3174 quod
789 3072 1020 3171 Athenagoras
1032 3073 1188 3175 loquatur
1199 3075 1291 3147 iuxta

175 3218 384 3267 communem
404 3217 444 3265 ac
461 3206 628 3291 receptam
647 3191 776 3290 passim
795 3205 876 3262 tunc
893 3189 1052 3288 temporis
1070 3188 1287 3290 disciplinam

175 3308 267 3381 iuxta
286 3332 389 3406 quarn
406 3303 575 3379 secundae
595 3304 734 3404 nuptiae
757 3303 834 3389 vix,
851 3318 909 3376 aut
929 3328 1004 3376 raro
1026 3301 1285 3402 frequentaban-

175 3439 230 3496 tur
245 3421 289 3495 ob
301 3447 459 3519 magnum
478 3410 621 3519 pretium
634 3419 669 3491 in
685 3444 753 3518 quo
771 3417 982 3516 monogamia
995 3406 1193 3505 habebatur,
1205 3418 1289 3491 adeo

174 3551 212 3610 ut
237 3535 405 3611 secundae
424 3534 563 3634 nuptiae
582 3532 728 3633 quodam
746 3532 911 3606 dedecore
928 3547 1062 3605 notatae
1077 3530 1283 3617 viderentur;

177 3653 212 3723 2.
236 3650 330 3751 quod
354 3675 422 3724 non
444 3647 597 3723 absolute
621 3646 789 3722 secundas
815 3645 952 3745 nuptias
973 3638 1068 3720 vocet
1087 3643 1288 3716 adulterium

176 3765 239 3841 sed
252 3792 311 3839 eas
329 3764 476 3864 quodam
490 3777 753 3863 temperamento
770 3760 814 3835 ob
832 3761 1012 3861 quamdam
1027 3787 1101 3834 cum
1126 3758 1290 3833 adulterio

176 3879 444 3967 similitudinem,
464 3878 555 3952 dicat
574 3877 939 3950 decorumetcccaltum
964 3873 1175 3948 adulterium.
1193 3872 1290 3959 Quod

178 3995 207 4069 si
233 3994 461 4068 existimasset
483 3994 651 4095 secundas
677 3992 813 4092 nuptias
838 4017 917 4065 vere
932 3991 1070 4078 vetitas,
1090 4015 1148 4062 eas
1174 4014 1291 4088 presse

179 4109 380 4184 adulterium
392 4108 546 4198 dixisset,
562 4107 714 4207 illudque
732 4106 916 4179 indecorum
930 4131 1082 4206 prorsus,
1099 4131 1139 4179 ac
1155 4104 1291 4203 omnise-

250 4299 300 4362 (22)
316 4299 354 4350 ct.
366 4299 483 4351 churdcn
501 4301 571 4350 ΗΜ.
582 4298 746 4350 nascereris.
759 4299 821 4348 toni.
833 4299 876 4348 vl.
897 4300 939 4349 Du
950 4299 1069 4360 Menace
1086 4297 1127 4349 ch.
1137 4298 1180 4346 lv.
1194 4294 1242 4346 art.
1259 4299 1281 4343 t.

247 4380 298 4446 (at)
314 4383 342 4432 ln
360 4381 443 4443 negat.
461 4393 506 4444 pm
517 4379 609 4430 Christ.
621 4392 647 4430 n.
660 4386 697 4431 et.
711 4378 771 4428 odit.
784 4380 877 4428 Mareu.

253 4488 294 4542 ΙΙΙ
1192 4486 1210 4534 6
