3234 5084
338 422 406 493 531
447 474 449 479 ,
482 440 859 494 manummerias.
881 438 1159 493 serumserum.
1179 442 1302 493 caarsr.

410 562 506 648 Quod
530 585 609 633 vero
629 558 746 633 attinet
771 559 813 631 ad
839 583 960 631 causas
985 557 1029 632 ob
1053 584 1140 658 quas
1166 584 1248 633 rom.
1271 556 1450 635 Pontifices

338 676 522 777 permoveri
548 675 681 774 possint
706 674 748 746 ad
774 673 940 747 eiusmodi
966 673 1112 746 dandam
1139 673 1447 774 dispensationem,

336 810 486 866 nostrum
510 817 576 864 non
604 807 656 863 est
680 790 844 863 iudicium
869 789 972 876 ferre,
1001 788 1061 864 sed
1090 791 1261 887 negotium
1286 790 1349 865 hoc
1372 774 1452 866 uni-

336 934 469 982 versum
496 905 701 1006 prudentiae
719 905 954 978 dimittendum
980 922 1032 979 est
1047 905 1265 994 eorumdem,
1286 907 1344 1007 qui
1361 923 1450 982 certe

335 1047 469 1111 eanon
493 1036 634 1095 utuntur
658 1020 831 1109 facultate,
859 1021 926 1094 nisi
958 1047 999 1095 ea
1025 1038 1225 1095 concurrant
1256 1018 1367 1096 rerum
1391 1024 1448 1096 ad·

335 1138 451 1210 iuncta
473 1162 561 1236 quae
578 1162 652 1210 earn
670 1134 852 1234 postulent.
873 1135 949 1221 Quo
970 1151 1101 1236 spectat
1116 1152 1230 1211 votum
1253 1134 1346 1209 card.
1367 1138 1454 1210 Lan-

335 1250 459 1325 oellotti
478 1250 513 1322 in
532 1276 600 1349 quo
624 1264 804 1349 postquam
827 1248 906 1323 odia
927 1250 1107 1346 coniugum
1125 1266 1160 1323 et
1183 1250 1382 1324 inimicitias
1400 1251 1454 1323 in-

336 1382 387 1440 ter
398 1365 666 1463 consanguineos
680 1381 853 1465 tamquam
866 1364 1050 1461 legitimam
1064 1390 1203 1439 causam
1216 1365 1453 1441 concedendae

336 1481 602 1583 dispensationis
615 1480 857 1566 recensuisset,
874 1478 958 1552 haee
979 1478 1100 1554 habet:
1130 1480 1194 1552 «Et
1210 1480 1286 1569 ideo
1299 1480 1455 1557 hancre-

336 1595 469 1695 probari
484 1621 585 1695 posse
603 1622 670 1668 non
682 1594 800 1681 credo,
821 1594 966 1668 maxime
984 1593 1043 1666 ubi
1064 1594 1220 1692 iungatur
1234 1620 1311 1668 cum
1329 1595 1452 1695 dispa-

337 1711 454 1800 ritate;
475 1728 508 1785 et
526 1737 589 1809 ego
610 1710 698 1785 facta
717 1709 892 1808 diligentia
911 1734 977 1783 non
1002 1710 1115 1784 inveni
1137 1709 1385 1810 aliquem,‘qui
1403 1711 1454 1784 si-

338 1827 451 1901 milem
472 1852 610 1917 causam
628 1852 798 1927 quoquam
818 1825 919 1901 modo
944 1824 978 1897 in
998 1825 1063 1899 hoc
1082 1825 1256 1924 proposito
1275 1825 1451 1925 reprobet,

337 1943 416 2016 licet
435 1967 502 2016 non
524 1941 638 2015 desint
656 1940 715 2041 qui
736 1939 870 2040 aliquas
898 1944 1019 2013 causas
1042 1938 1293 2039 reprobaverint
1312 1941 1451 2037 (113).»

410 2058 491 2131 Post
515 2056 681 2131 eiusmodi
706 2055 955 2130 discussionem
979 2052 1084 2129 veluti
1109 2053 1323 2129 corollarium
1340 2054 1456 2157 sequi·

337 2190 391 2248 tur
409 2199 472 2249 nos
492 2173 622 2273 absque
637 2172 708 2245 ulla
725 2171 829 2244 animi
848 2170 1073 2245 haesitatione
1093 2169 1174 2243 huic
1191 2168 1360 2244 secundae
1377 2195 1454 2242 sen·

337 2288 460 2362 tentiae
484 2287 649 2360 calculum
676 2288 833 2360 ‘nostrum
859 2284 1016 2358 adiicere.
1043 2285 1091 2358 llo
1115 2309 1194 2358 vero
1223 2283 1394 2358 lubentius
1420 2284 1457 2357 in

337 2402 426 2476 hauc
450 2402 666 2477 concedimus
691 2400 890 2475 sententiam
917 2397 1008 2500 quod
1032 2424 1106 2471 eam
1126 2398 1458 2497 optime'eonvenire

335 2519 491 2593 videnum
514 2543 592 2591 cum
617 2516 769 2590 doctrina
792 2539 894 2616 φιιιιι
921 2514 957 2586 in
986 2513 1197 2613 praecedenti
1223 2513 1364 2587 articulo
1393 2513 1459 2587 ad·

336 2634 522 2708 struximus
543 2632 587 2705 da
611 2630 814 2705 matrimonii
848 2629 911 2702 rati
936 2628 1159 2702 dissolutione
1192 2629 1236 2703 ob
1271 2628 1458 2703 solemnem
1533 2642 1535 2651 ’

337 2749 510 2846 religionis
535 2747 792 2848 professionem.
821 2744 884 2818 llla
901 2743 1045 2845 'quidem
1071 2743 1114 2816 de
1139 2743 1206 2820 fide
1223 2761 1295 2832 est3
1315 2760 1350 2817 at
1365 2761 1460 2819 certa

337 2890 473 2964 quoqne
497 2862 582 2936 haec
607 2877 659 2935 est
682 2886 770 2961 quae
795 2860 838 2934 de
862 2858 1073 2933 matrimonio
1099 2874 1170 2933 rato
1187 2857 1265 2933 aliis
1282 2857 1461 2932 decausis

337 2977 534 3051 auctoritate
558 3002 643 3048 rom.
670 2974 841 3048 Pontificis
862 2973 1023 3048 solvendo
1049 2973 1203 3048 traditur.
1232 2973 1380 3073 Utraque
1397 2972 1461 3047 do-
1589 3054 1595 3068 ‚

337 3091 445 3165 ctrina
478 3089 599 3164 iisdem
629 3116 715 3189 pene
744 3090 952 3188 argumentis
984 3089 1144 3190 probetur
1171 3087 1362 3189 iisdemque
1390 3089 1462 3163 fero

340 3208 500 3281 innititur
524 3207 714 3308 principiis.
750 3204 1041 3291 Quemadmodum
1065 3229 1145 3280 vero
1167 3202 1368 3278 solutionem
1390 3228 1463 3278 ma·

338 3323 485 3395 trimonii
511 3323 574 3396 rati
600 3349 661 3422 per
686 3322 928 3423 professionem
954 3319 1143 3417 religiosam
1171 3316 1400 3393 derivavimus
1417 3342 1458 3389 ex
1566 3321 1569 3325 ’

336 3438 410 3511 iure
426 3438 563 3527 divino,
584 3439 631 3511 ita
653 3454 686 3512 et
710 3435 1006 3511 dissolubilitatem
1030 3434 1075 3508 ob
1100 3432 1185 3507 alias
1211 3458 1334 3507 causas
1350 3431 1459 3505 dedu·

336 3554 445 3627 cimus
465 3556 511 3625 'ex
527 3553 645 3628 eodem
666 3553 781 3627 divino
803 3553 888 3625 iure.
904 3549 1047 3624 Divinus
1072 3548 1163 3623 enim
1188 3546 1373 3646 Legielator
1387 3562 1458 3621 sm-

337 3669 423 3757 tuit,
443 3685 480 3742 ut
498 3668 715 3742 matrimonia
737 3684 867 3741 tantum
890 3681 961 3740 rata
986 3665 1145 3763 religiosa
1161 3663 1373 3764 professione
1390 3662 1461 3737 sol·

336 3801 510 3873 verentur,
531 3799 565 3859 et
582 3783 659 3859 ideo
679 3810 741 3859 suo
766 3784 802 3857 in
827 3783 925 3858 terris
948 3780 1075 3857 vicario
1100 3795 1299 3881 potestatem
1316 3779 1458 3877 largitus

331 3917 409 3991 «est,
434 3899 552 3975 eadem
577 3900 792 3974 matrimonia
812 3897 1044 3999 eliis‘qnoque
1059 3894 1103 3971 de
1120 3895 1235 3969 causis
1255 3893 1456 3980 dirimendi;

335 4032 518 4118 utrumque
541 4034 655 4093 antem
670 4015 816 4090 ecclesia
832 4013 959 4088 Christi
976 4010 1158 4088 voluntatis
1175 4011 1342 4110 interpres
1359 4008 1459 4083 nobis

338 4133 546 4221 manifestat,
567 4133 646 4207 licet
669 4131 804 4206 diversa
829 4130 980 4219 rationa;
1008 4153 1130 4229 nempe
1155 4126 1300 4226 primurn
1320 4148 1382 4225 per
1398 4123 1459 4197 de·
1585 4180 1587 4182 -

410 4319 476 4383 (tta)
492 4322 527 4371 In
547 4330 631 4370 conta
648 4315 744 4382 lund.
761 4315 885 4368 motat.
901 4316 1019 4367 matram
1036 4312 1101 4377 epod
1119 4315 1213 4376 Ursam
1232 4313 1345 4377 Daroma
1366 4309 1457 4362 κοίη.

230 4458 233 4462 ,
338 4402 399 4451 tom.
414 4401 458 4449 nr.
473 4412 526 4462 par.
544 4401 577 4450 11.
591 4397 693 4462 decept.
705 4399 770 4449 xxt.
786 4395 849 4447 lbid.
