3234 5084
324 405 396 480 tit
477 429 539 480 nn.
556 426 605 480 ru.
620 426 709 479 sacr.
725 424 915 479 uremur
929 426 1043 480 nuiss.
1060 427 1297 483 reincensa

389 548 544 622 Attamen
568 572 636 621 non
660 545 796 634 desunt,
817 545 876 649 qni
901 544 1069 620 Asterium
1093 547 1227 622 desole
1250 549 1436 651 quoadto-

320 689 393 738 rum
410 677 444 736 et
459 661 701 735 habitationem
718 659 942 734 dissolutione
968 677 1149 762 exponant.
1177 662 1276 749 Quod
1302 664 1440 765 quidem

319 778 462 855 suadere
491 801 593 876 posse
616 775 751 848 videtur
785 778 820 847 1.
848 801 890 849 ex
915 800 956 849 eo
992 777 1083 877 quod
1108 801 1283 879 nunquam
1310 779 1346 850 in
1372 794 1444 855 toto

320 894 386 967 hoc
412 916 567 966 sermone
600 890 745 964 affirmet
769 889 902 964 licitum
932 915 1009 964 esse
1033 906 1111 992 post
1126 893 1276 990 coniugii
1293 891 1438 968 dissolu·

322 1006 448 1082 tionem
472 1004 575 1078 aliam
600 1004 724 1078 ducere
747 1005 903 1092 uxorem3
925 1007 960 1078 2.
990 1032 1031 1079 ex
1056 1032 1097 1080 eo
1121 1005 1213 1107 qnod
1237 1022 1358 1106 arguat
1380 1034 1442 1083 eos

320 1122 380 1223 qni
414 1120 562 1195 romanis
586 1119 719 1218 legibus
744 1119 864 1194 conlisi
892 1119 1043 1194 libellum
1069 1121 1201 1223 repudii
1222 1122 1439 1211 scribebant,

321 1236 446 1339 quibus
471 1237 564 1334 leges
587 1236 722 1311 divinas
739 1236 880 1338 opponit
903 1236 1040 1311 dicens:
1064 1268 1081 1306 a
1101 1237 1136 1309 Si
1155 1253 1268 1312 numm
1289 1240 1442 1314 romanis

320 1352 551 1427 auscultantes
564 1349 698 1449 legibus
712 1351 914 1452 permissam
938 1377 1016 1425 esse
1039 1352 1275 1427 scortationem
1303 1354 1439 1450 (viris),

320 1495 361 1543 ae
385 1468 529 1541 crimine
551 1466 678 1541 'racar‘e
701 1467 918 1555 existimant,
944 1493 1080 1567 gratem
1110 1493 1194 1541 sane
1217 1493 1363 1543 errorem
1388 1496 1442 1543 er·

322 1598 421 1672 rant,
462 1584 685 1683 ignorantque
721 1581 814 1680 leges
850 1582 985 1657 divinas
1024 1582 1069 1657 ab
1100 1583 1260 1659 humanis
1298 1584 1440 1658 nimium

324 1712 490 1798 quantum
520 1696 650 1770 distare
677 1695 842 1770 doctrinis
864 1723 905 1771 ac
934 1697 1067 1799 placitis
1094 1699 1129 1770 3.
1161 1696 1253 1800 quod
1278 1698 1322 1771 de
1346 1698 1441 1772 eins·

324 1811 416 1885 modi
446 1810 660 1884 eiectione'a
689 1808 789 1885 domo
817 1810 976 1885 disserat:
995 1840 1013 1882 r
1029 1812 1188 1886 Laudabo
1204 1838 1299 1901 eum,
1316 1812 1440 1914 inquit,

322 1927 380 2027 qui
408 1925 531 2023 fugerit
556 1923 827 2014 insidiatricem
848 1926 907 2029 qui
932 1926 1105 2028 abruperit
1127 1927 1322 2014 rinculum,
1350 1927 1442 2029 quod

321 2066 399 2113 eum
424 2039 554 2141 aspidi,
582 2040 674 2140 quod
698 2039 835 2139 viperee
861 2041 1042 2143 copulavit.
1075 2041 1163 2116 Huic
1193 2040 1284 2114 enim
1313 2041 1445 2142 primus

322 2153 477 2252 indulget
501 2156 575 2255 ipse
599 2157 832 2230 uniuersorum
844 2157 981 2246 Auctor,
1014 2173 1188 2258 tamquam
1213 2157 1304 2231 iusto
1328 2154 1444 2231 dolore

322 2270 462 2371 percito,
491 2272 678 2372 meritoque
703 2270 826 2345 domus
855 2287 985 2372 pestem
1010 2298 1050 2346 ac
1078 2272 1217 2346 exitium
1247 2271 1347 2347 domo
1371 2272 1446 2345 exi-

324 2387 414 2483 genti
437 2388 575 2484 (ml-²⁸
594 2386 628 2460 l.
655 2389 797 2463 Domum
823 2415 864 2463 ex
881 2390 956 2463 eius
982 2389 1215 2464 exhortatione
1236 2388 1283 2464 ad
1304 2388 1446 2464 castita·

322 2516 407 2589 tem‚
428 2528 496 2603 qua
509 2529 608 2577 suum
622 2529 810 2594 sermonem
823 2502 966 2593 claudit,
981 2521 1015 2579 et
1031 2530 1072 2579 ex
1096 2503 1241 2605 eoquod
1263 2528 1364 2605 paras
1386 2502 1441 2577 vl-

324 2643 379 2692 ros
405 2618 562 2693 foeminis
587 2619 686 2708 lacit,
714 2619 840 2721 quibus
865 2633 954 2694 certa
978 2646 1000 2693 a
1024 2618 1155 2717 legibus
1182 2618 1350 2694 indultum
1374 2643 1443 2693 non

322 2750 394 2808 erat
418 2750 552 2852 propter
578 2731 778 2809 adulterium
805 2733 988 2809 divortium
1009 2737 1123 2832 (itt).

793 2955 831 3055 a.
858 2956 974 3029 xvrrr.

611 3187 616 3196 .
637 3189 641 3196 .
706 3152 743 3200 De
758 3163 779 3200 s.
796 3149 892 3200 llilarlo
908 3150 1061 3215 pictaviensi.

400 3307 510 3381 liuius
536 3334 566 3381 s.
589 3308 695 3406 patria
722 3332 783 3409 pro
808 3332 913 3382 causa
932 3333 994 3382 sua
1011 3307 1047 3378 in
1064 3306 1213 3381 medinm
1235 3306 1372 3407 protulit
1396 3322 1445 3379 te-

285 3455 287 3462 ·
325 3424 521 3498 stimonium
540 3423 709 3498 launoius
726 3439 901 3522 tamqnam
926 3423 1186 3523 peremptorium
1208 3425 1321 3519 (llll).
1335 3422 1396 3497 Ast
1411 3421 1442 3494 si

322 3696 395 3749 nem,
406 3697 470 3748 quae
483 3684 611 3736 comtabat
628 3684 703 3735 etlam
725 3684 829 3749 paganis
849 3686 875 3735 et
892 3683 1029 3745 haledon.
1049 3682 1192 3747 praesertim
1208 3678 1308 3731 ananie
1328 3676 1443 3729 Antrum·

324 3765 388 3815 verti
405 3765 480 3816 wana
499 3765 572 3816 debet
588 3764 615 3814 ln
630 3766 757 3827 mmet
772 3762 1019 3827 alunlaoeommodo
1038 3762 1192 3827 prodirem
1204 3759 1328 3811 subirato
1338 3758 1442 3808 matula

322 3843 427 3908 intelligi
445 3857 517 3908 poseo
534 3843 630 3894 oblecta
649 3842 736 3893 raba:
760 3845 886 3908 Eceeptls
908 3845 992 3893 morte
1006 3843 1032 3893 el
1050 3839 1201 3900 adamato,
1221 3838 1284 3890 adeo
1304 3839 1333 3889 ut
1362 3837 1447 3903 priora

324 3924 460 3975 relocatur
470 3924 502 3974 ed
514 3923 701 3975 dissolutionem
713 3924 855 3988 vertacum,
866 3922 1001 3987 posterlora
1012 3921 1044 3972 ed
1065 3920 1253 3973 dissolutionem
1270 3918 1438 3983 imperfectam

323 4016 367 4055 seu
382 4004 465 4068 quoad
485 4003 663 4067 mundonem
675 4015 691 4053 a
703 4005 759 4054 loro
772 4005 797 4055 cl
812 4001 1001 4054 mutilatione.
1019 4000 1059 4052 (tl.
1074 4000 1209 4053 mrwralll
1225 4011 1267 4064 op.
1286 3998 1330 4052 til.
1341 4011 1368 4064 p.
1379 4003 1435 4050 tit.

392 4083 458 4146 (lot)
470 4081 533 4133 ibid.
549 4095 603 4148 pag.
617 4089 675 4135 82⁰.

393 4163 459 4227 (lta)
475 4163 513 4213 el.
524 4164 618 4214 Amori.
629 4166 676 4227 Op.
687 4163 731 4214 clt.
751 4176 807 4227 pag.
822 4165 861 4214 87.

397 4241 464 4306 (itt)
477 4241 568 4296 floribit
576 4244 643 4295 enim
654 4256 695 4308 op.
703 4243 746 4295 cll.
757 4255 813 4307 pag.
822 4250 877 4294 sta.
887 4241 1025 4293 «Periedos
1037 4243 1090 4293 tola
1100 4241 1162 4305 quld
1172 4241 1281 4293 llilulus
1291 4241 1394 4303 smfiat,
1408 4238 1441 4289 la·

324 4322 374 4375 olle
389 4324 504 4376 nuncil.
516 4324 666 4389 Scriptrrratn
681 4323 797 4388 inlelllgll
811 4322 938 4387 quomodo
949 4322 992 4373 illa
1003 4321 1186 4387 intelligendam
1201 4335 1228 4373 se
1243 4319 1356 4385 meoet,
1368 4319 1442 4372 lioere

322 4404 439 4456 tidellcet
451 4404 554 4467 muto,
569 4404 671 4456 dimisse
681 4405 780 4467 propter
793 4402 943 4454 mulleriurn
959 4414 1050 4464 uxore,
1069 4400 1270 4452 ellendonam.»
