3234 5084
344 452 413 504 cir.
425 452 473 503 ιιι.
485 452 525 502 nn
541 451 637 504 sensu
652 450 818 515 rumora.
833 449 1176 505 insinuaremus
1254 428 1324 501 269

210 572 372 671 patrarit,
401 571 590 659 dimittere,
623 587 734 644 utrum
763 569 1012 644 excusationem
1038 568 1161 643 habeat
1193 596 1323 658 necne,

210 686 283 786 ipse
302 685 495 785 disquires:
518 712 596 759 nam
613 700 746 785 praeter
762 684 939 784 repudium
965 683 1050 758 alias
1076 685 1177 758 etiam
1203 684 1329 759 multas

210 799 423 873 adulterandi
453 825 575 872 causas
608 800 704 872 uxori
729 798 782 871 vir
807 814 916 897 potest
948 799 1132 897 praebere,
1166 801 1328 874 maiorem

210 930 293 1014 puta
318 940 421 1013 qnam
448 939 510 1013 par
536 914 599 1000 sit,
629 915 660 986 ei
686 913 855 986 licentiam
881 914 1069 988 concedens
1094 941 1328 1015 quaecumque

209 1029 281 1103 vult
297 1029 438 1126 agendi,
459 1043 492 1101 et
509 1055 584 1101 cum
603 1027 728 1128 quibus
754 1027 886 1101 libitum
913 1028 1013 1102 luerit
1035 1030 1118 1102 viris
1144 1030 1329 1103 amicitiam

210 1143 452 1229 contrahendi3
485 1168 564 1215 nam
589 1142 736 1215 virorum
764 1141 966 1242 simplicitas
990 1168 1112 1216 uxores
1137 1169 1241 1243 saepe
1266 1171 1330 1217 uu-

210 1285 302 1332 mero
328 1257 363 1330 iu
389 1256 622 1331 huiuscemodi
652 1273 789 1356 peccata
821 1257 970 1331 inducit:
1000 1273 1035 1331 at
1058 1274 1170 1330 utrum
1203 1256 1329 1332 talibus

209 1373 293 1447 viris
320 1373 354 1444 in
381 1371 547 1446 eiusmodi
573 1370 710 1445 casibus
737 1372 781 1446 sit
806 1398 912 1445 necne
937 1372 990 1445 sui
1012 1372 1195 1446 excusandi
1214 1372 1326 1460 locus,

211 1487 246 1559 id
264 1513 368 1587 super
383 1484 640 1587 quaestionibus
667 1486 732 1560 hnc
756 1485 831 1560 loco
856 1485 1039 1586 propositis
1065 1485 1244 1584 diligenter
1260 1513 1281 1559 a
1298 1502 1330 1560 te

211 1604 449 1702 investigatum
475 1602 676 1676 declarabis.
702 1603 736 1675 ls
757 1628 911 1702 qunque,
942 1603 999 1703 qui
1029 1628 1132 1675 uxore
1159 1601 1326 1689 abstinet,

210 1718 313 1793 elficit
332 1745 433 1819 saepe
457 1734 495 1792 ut
519 1717 721 1792 adulterium
744 1719 946 1806 committat,
966 1744 1043 1792 cum
1062 1718 1135 1792 eius
1154 1718 1330 1792 libidinem

212 1860 280 1908 non
309 1833 441 1933 explet,
469 1832 601 1906 etiamsi
628 1832 766 1906 maioris
792 1832 1058 1919 sanctimoniae,
1086 1831 1139 1906 vel
1165 1832 1330 1907 castitatis

214 1948 328 2051 specie
359 1949 482 2023 duetus
507 1948 543 2020 id
569 1947 688 2021 iaciat:
718 1963 751 2020 ct
775 1947 806 2022 is
832 1946 975 2021 fortasse
1001 1947 1121 2021 maiori
1149 1946 1332 2046 reprehen-

212 2065 308 2140 sione
332 2064 456 2162 dignus
479 2080 550 2152 est,
575 2063 655 2164 qui,
681 2079 844 2164 quantum
871 2090 974 2165 penes
1003 2091 1041 2138 se
1064 2079 1135 2151 est,
1165 2063 1270 2138 elficit
1294 2079 1333 2138 ut

212 2181 407 2256 moechetur
422 2180 599 2254 libidinem
612 2180 687 2254 eius
700 2206 767 2253 nnn
780 2181 938 2281 explens,
954 2206 1055 2280 qnam
1068 2179 1127 2280 qui
1140 2179 1216 2252 sine
1227 2205 1333 2253 causa

216 2296 336 2397 stupri,
353 2295 415 2369 sed
430 2310 565 2396 propter
579 2294 793 2381 veneficium,
813 2293 867 2369 vel
885 2295 1035 2383 caedem,
1050 2311 1109 2369 aut
1125 2295 1262 2393 gravius
1274 2294 1334 2368 ali·

216 2411 307 2511 quod
330 2410 462 2485 lacinus
485 2436 559 2484 eam
578 2409 780 2508 repudiavit.
799 2409 1091 2496 Quemadmodum
1109 2426 1221 2483 autem
1235 2409 1333 2484 adul·

218 2541 287 2599 tera
311 2541 364 2601 est
387 2552 487 2613 uxor,
516 2525 650 2598 etiamsi
675 2524 749 2599 viro
774 2523 869 2598 alteri
896 2541 1001 2626 nupta
1024 2526 1198 2614 videatur,
1223 2526 1334 2626 priore

214 2641 398 2715 etiamnum
416 2640 511 2726 vivo;
536 2641 583 2712 itn
607 2654 641 2712 et
665 2639 774 2714 virum
800 2638 1010 2740 repudiatam
1035 2639 1176 2713 duxisse
1199 2639 1329 2727 visum,

215 2781 282 2829 nou
301 2770 369 2828 tam
387 2755 497 2854 ipsius
514 2755 690 2842 maritum,
710 2781 814 2854 quam
832 2755 1020 2829 adulterum
1037 2781 1115 2828 esse
1131 2755 1330 2844 dicendum,

218 2871 436 2944 aServatnre
461 2886 575 2944 nostro
601 2871 867 2945 demonstratum
893 2887 945 2945 est
965 2874 1080 2969 (blla

289 2987 384 3060 Nunc
399 3013 479 3061 vero
496 2988 662 3085 integrum
682 2987 772 3061 hunc
788 3003 930 3061 tractum
948 2988 1119 3090 analytice
1142 2988 1335 3088 expenden-

214 3119 287 3189 tes,
314 3129 355 3175 ex
379 3128 420 3177 eo
444 3101 750 3202 deprehendimus,
779 3103 870 3204 quod
896 3102 1061 3203 Origenes
1082 3107 1116 3177 l.
1133 3133 1173 3178 ex
1192 3105 1335 3204 praesti-

213 3234 283 3291 tuta
301 3217 403 3318 paulo
426 3235 503 3292 ante
528 3235 690 3318 perpetua
714 3219 863 3318 coniugii
888 3218 1066 3293 christiani
1089 3218 1336 3292 indissolubili·

214 3350 281 3408 tate
312 3334 496 3409 salvatoris
523 3335 657 3408 uerbis:
684 3334 892 3421 Quodnam
926 3337 1117 3419 coniecerit,
1153 3336 1242 3406 bomo
1273 3362 1337 3407 non

213 3465 359 3548 caperet,
391 3463 508 3552 pergat
533 3475 709 3524 occurrere
732 3448 781 3521 illi
808 3450 1017 3550 exceptioni,
1042 3476 1131 3550 quae
1155 3449 1280 3549 petitur
1295 3475 1336 3521 ex

216 3565 344 3665 lloysis
365 3566 605 3640 constitutione
621 3566 664 3639 de
681 3565 794 3638 libello
816 3565 966 3664 repudii,
987 3592 1088 3665 quam
1108 3564 1337 3665 imperfectam

214 3707 291 3755 esse
317 3679 489 3771 decernit,
518 3708 629 3782 neque
652 3682 762 3754 datam
789 3681 856 3756 nisi
880 3682 924 3755 ob
945 3682 1105 3755 duritiam
1125 3680 1254 3768 cordis,
1276 3706 1337 3753 seu

215 3795 466 3885 infirmitatem,
489 3812 589 3898 prout
608 3812 642 3871 et
663 3797 697 3869 in
716 3821 803 3870 novo
821 3798 1035 3871 Testamenta
1061 3795 1224 3869 nonnulla
1246 3795 1337 3895 pari-

214 3925 265 3984 ter
288 3911 331 3985 ob
356 3912 446 3984 idem
478 3912 639 3985 motivum
668 3910 798 3986 indulta
826 3928 925 4000 sunt,
954 3937 1110 4012 quaeque
1136 3924 1334 3998 enumerat;

217 4026 251 4096 2.
268 4025 333 4099 hnc
352 4042 481 4101 semoto
507 4025 702 4112 obstaculo,
729 4026 805 4100 illos
833 4025 1049 4126 reprehendit
1068 4025 1245 4124 arguitque
1266 4025 1339 4123 epi-

215 4167 355 4242 scopos,
376 4143 435 4243 qui
454 4158 566 4215 eeetm
583 4145 773 4242 Scriptnrce
795 4144 915 4241 legem,
936 4142 1088 4227 mulieri,
1107 4143 1235 4214 vivente
1251 4142 1335 4226 ciro,

214 4256 333 4329 nubem
346 4259 574 4356 pennice-int,
604 4257 760 4332 adductis
785 4255 830 4330 ad
855 4256 889 4329 id
917 4255 1012 4330 Pauli
1042 4256 1239 4331 sententiis:
1266 4257 1340 4329 Mu·

287 4392 338 4453 (47)
352 4396 415 4456 opp.
425 4392 464 4443 ed.
479 4395 514 4442 ne
524 4393 548 4442 la
557 4394 610 4443 ltne
622 4394 683 4442 tom.
695 4394 739 4441 m.
753 4405 807 4456 pag.
819 4396 931 4445 ute-ete.
944 4404 970 4441 n.
983 4399 1021 4443 ιι.
1033 4394 1111 4442 etet.
1210 4414 1215 4425 ·
