3234 5084
354 420 401 493 ti
531 440 581 495 an
608 438 658 494 ru.
675 439 763 494 orer.
779 441 804 494 r.
821 440 863 492 nn
879 440 975 494 mna.
989 439 1114 493 muer.
1130 440 1274 496 llliltln.

355 585 450 648 rum;
470 585 513 635 ne
537 558 712 635 christiani
732 589 751 631 r
768 559 890 635 viduas
923 558 1053 662 absque
1086 585 1223 637 suorum
1248 561 1459 638 sacerdotum

352 700 521 751 consensu
544 690 579 750 et
602 673 802 749 conlibentia
827 670 936 772 plebis
960 674 1083 749 ducere
1107 690 1324 776 praesument
1342 678 1459 773 (loti.

354 789 450 867 Hane
481 806 593 866 tamen
622 789 847 866 conditionem
871 789 916 864 ab
939 789 1082 865 eecleeia
1113 817 1298 893 numquam
1323 792 1463 894 adopta·

353 921 422 980 tam
447 929 581 979 censeo.

427 1020 476 1092 Ex
492 1019 616 1121 quibus
633 1019 791 1094 omnibus
810 1045 951 1119 pronum
969 1035 1021 1093 est
1038 1020 1160 1096 inferre
1176 1021 1354 1096 eeclesiam
1371 1046 1464 1095 sem·

354 1159 537 1234 peraegre
567 1133 688 1207 tulisse
712 1133 882 1208 secundas
914 1134 1066 1235 nuptias,
1092 1136 1156 1209 etsi
1186 1162 1245 1210 eas
1275 1162 1462 1237 numquam

353 1247 571 1350 prohibuerit.
592 1249 661 1323 Nec
684 1248 807 1322 mirum
824 1249 946 1349 cuique
963 1274 1040 1324 esse
1055 1249 1156 1326 debet
1172 1251 1203 1326 si
1227 1251 1371 1326 ecelesia
1395 1252 1460 1325 mi·

354 1389 419 1437 nus
443 1388 481 1437 se
504 1388 584 1460 erga
607 1362 773 1437 eiusmodi
799 1363 918 1436 iterata
947 1364 1104 1462 coniugia
1133 1390 1336 1464 propomam
1369 1366 1464 1439 exhi·

353 1477 428 1552 buit
450 1476 493 1552 eb
518 1477 679 1550 indicium
697 1479 787 1577 quod
805 1504 845 1552 ea
862 1478 1067 1578 praeseferre
1083 1479 1242 1554 ridentur
1264 1481 1368 1553 animi
1393 1507 1464 1556 noa

352 1592 534 1667 admodum
550 1593 750 1668 continentis
767 1592 960 1694 pudicique;
975 1620 1052 1669 oum
1064 1594 1118 1670 rel
1134 1596 1226 1694 apud
1244 1596 1338 1695 ipsos
1354 1595 1464 1669 ethni-

331 1722 334 1727 ’
354 1733 412 1783 cos
429 1707 513 1782 haee
529 1708 643 1809 opinio
660 1707 839 1783 invaluerit
857 1711 947 1807 (ii),
968 1710 1052 1784 adeo
1069 1726 1108 1785 ut
1119 1710 1245 1808 digami
1259 1714 1388 1811 passim
1403 1711 1465 1785 de-

354 1823 577 1923 spicerentur,
599 1849 639 1898 ac
662 1823 835 1924 magnoin
854 1825 961 1924 pretio
982 1840 1017 1899 et
1031 1825 1277 1901 existimatione
1301 1826 1465 1901 haberen-

355 1951 428 2027 tur,
443 1963 531 2038 quae
547 1937 647 2014 fidem
670 1938 778 2039 primo
791 1939 911 2015 marito
928 1938 1085 2016 deiuncto
1101 1966 1235 2041 semper
1253 1957 1461 2017 serrassent.

775 2155 983 2215 caniclinus
1001 2157 1038 2215 li.

395 2338 532 2400 necuim
550 2339 686 2400 eeclesiae
704 2355 740 2401 ac
758 2339 912 2417 disciplina
930 2342 1008 2402 cirea
1025 2342 1192 2420 trigamiam
1212 2342 1425 2421 ulterioresque

533 2439 654 2516 nuptias
673 2440 854 2499 suoemsiras
872 2440 1026 2516 exponitur
1045 2453 1081 2500 ac
1099 2438 1274 2500 vindicatur.

425 2639 572 2714 Dubium
584 2666 651 2716 non
668 2656 720 2714 est
735 2640 778 2713 de
794 2638 1004 2738 legitimitate
1020 2639 1194 2738 trigamiae
1205 2656 1239 2713 et
1253 2639 1462 2740 subsequen·

312 2804 319 2819 ·
355 2755 438 2832 tium
451 2755 699 2854 coniugiorum,
721 2755 810 2829 idem
830 2780 906 2830 esse
925 2754 1099 2829 serendum
1117 2754 1279 2828 iudicium
1295 2780 1337 2829 ac
1352 2755 1396 2830 de
1412 2755 1466 2828 hi-

354 2871 477 2969 gamia.
503 2870 574 2945 Hoc
598 2870 707 2946 solum
729 2869 905 2944 intercedit
922 2870 1103 2945 discrimen
1125 2870 1218 2945 iuxta
1241 2886 1387 2955 veterem
1411 2870 1466 2943 di·

355 2984 555 3083 sciplinam‚
576 2985 666 3086 quod
683 2986 843 3075 severiori
865 2985 1068 3086 poenitentia
1085 2984 1215 3059 multati
1243 2985 1382 3073 luerint,
1403 2986 1465 3087 qui

355 3097 399 3173 ed
420 3099 592 3174 ulteriores
615 3101 749 3200 nuptias
769 3101 998 3210 transiissent,
1021 3126 1123 3201 quam
1144 3100 1203 3199 qui
1222 3100 1339 3175 iterato
1360 3101 1466 3177 semel

354 3213 522 3288 connubio
546 3215 690 3290 contenti
716 3216 882 3303 luissent,
919 3213 962 3290 ob
992 3214 1152 3288 maiorem
1187 3214 1464 3290 incontinentiam

353 3356 456 3431 quem
479 3331 761 3431 praeseferebant.
789 3332 896 3432 ldque
925 3346 996 3405 tum
1025 3329 1061 3402 in
1090 3329 1233 3405 ecclesie
1261 3330 1464 3409 occidentali

354 3463 424 3520 tum
438 3447 652 3547 potissimum
673 3448 707 3519 in
728 3445 882 3521 orientali
904 3471 992 3547 quae
1013 3446 1134 3545 iugiter
1153 3472 1191 3520 se
1211 3445 1319 3545 magis
1344 3446 1464 3523 adver-

354 3586 426 3637 sam
450 3561 506 3637 his
530 3562 734 3637 successivis
759 3562 885 3663 nuptiis
909 3560 1074 3637 exhihuit.

427 3678 630 3753 Peculiarem
651 3677 873 3752 nihilominus
895 3676 1132 3777 proposuimus
1152 3676 1311 3751 dehisce
1331 3677 1466 3754 ultorio

354 3792 448 3867 ribus
461 3793 628 3892 coniugiis
648 3794 876 3869 tractationem
894 3791 1087 3880 instituere,
1105 3806 1144 3866 ut
1158 3792 1281 3868 veteris
1298 3793 1465 3869 ecclesiae

421 4004 548 4064 tto)1.il›.
564 4005 606 4056 vl.
622 4018 648 4058 n.
662 4010 717 4058 loe.

421 4085 472 4148 (lt)
488 4085 553 4136 lline
566 4084 685 4149 Virgilius
699 4085 736 4136 sic
751 4082 887 4137 introducit
902 4082 1023 4136 Didonem
1039 4081 1178 4135 dicentem:

543 4166 570 4216 Sl
583 4165 645 4216 mliii
659 4178 710 4216 non
725 4166 808 4215 enlmo
823 4164 900 4215 lixum
916 4164 1094 4226 immotumque
1104 4161 1208 4227 sederet,

544 4247 580 4297 ile
594 4246 634 4296 cul
650 4258 690 4296 me
704 4244 787 4296 vinclo
802 4245 892 4296 vellem
907 4243 1002 4296 sociam
1016 4241 1092 4308 iugali

544 4326 609 4377 lloic
623 4325 667 4376 unl
682 4325 765 4377 loreto
780 4325 850 4391 potui
864 4324 1022 4377 succumbere
1036 4325 1132 4390 eulpae.

354 4406 383 4456 ln
398 4403 442 4456 llb.
459 4407 502 4457 lv.
515 4417 540 4455 r.
557 4410 634 4458 itte.
647 4404 689 4457 abi
705 4407 815 4470 repetere
830 4405 928 4470 nuptas
941 4402 1006 4457 Dido
1020 4403 1129 4470 eulpam
1145 4418 1233 4457 vocare
1248 4417 1298 4455 non
1315 4403 1410 4456 abnuit.
