3234 5084
308 413 378 483 itt
454 436 515 485 ιιι.
527 436 574 486 ιιι.
590 435 676 485 sser.
694 436 824 487 sursus.
841 436 880 487 ss
898 436 1011 487 morss.
1028 438 1123 487 seru.
1140 436 1261 487 esnrsr.

307 553 372 627 bus
397 552 622 627 Tertullianus
647 553 804 653 scripsit:
825 553 918 626 «Ubi
938 570 990 627 est
1010 552 1068 627 iilo
1090 553 1229 628 ieiioitas
1250 556 1419 629 matrimo

308 668 440 743 piorum
452 665 496 741 de
508 667 657 742 moribus
675 669 792 768 utique
809 688 1022 769 prosperata,
1039 695 1107 767 qua
1120 695 1297 769 perennes
1315 671 1420 744 ierme

308 799 482 857 sexcentos
500 783 543 856 ab
559 783 648 857 Urbe
659 783 794 858 condite
813 783 904 856 uuila
923 784 1101 882 repudium
1118 785 1239 857 domus
1257 785 1419 884 scripsit?

309 901 405 974 Nunc
428 900 463 972 in
489 900 644 973 foeminis
670 925 749 997 prae
774 924 857 972 auro
882 897 1010 971 nulium
1037 898 1109 972 iere
1132 915 1184 971 est
1209 901 1414 987 membrum

308 1041 389 1115 prae
412 1015 491 1090 vino
516 1014 644 1088 nullum
670 1014 813 1088 liberum
838 1030 890 1088 est
914 1014 1086 1087 osculum:
1115 1014 1290 1113 repudium
1316 1042 1414 1103 uero,

308 1131 432 1203 iamet
456 1147 569 1205 votum
593 1147 673 1217 est,
701 1130 800 1230 quasi
827 1129 1029 1203 matrimonii
1055 1130 1182 1204 fructus
1210 1134 1325 1226 (28).»
1346 1133 1419 1205 imo

309 1271 387 1320 vero
412 1271 466 1319 res
490 1245 750 1343 eoidevenerat,
770 1262 809 1318 ut
831 1245 959 1319 Seneca
986 1244 1132 1317 scribere
1156 1271 1223 1319 non
1247 1245 1419 1320 dubitare·

309 1360 368 1433 rit:
392 1360 598 1459 «Numquid
623 1361 691 1435 iam
715 1360 786 1434 ulia
811 1359 951 1460 repudio
974 1357 1164 1445 erubescit,
1191 1378 1413 1460 postquam...

309 1491 375 1549 tres
396 1476 563 1576 quaedam
580 1501 621 1550 ao
637 1475 767 1550 nobiles
793 1476 974 1562 foeminae,
991 1501 1056 1548 non
1071 1476 1245 1549 consulum
1264 1503 1414 1561 numero,

307 1590 369 1665 sed
393 1592 588 1666 meritorum
612 1619 719 1666 anuos
744 1618 825 1666 suos
850 1590 1070 1690 computant?
1093 1592 1136 1664 Et
1159 1608 1279 1665 exeunt
1303 1593 1419 1665 matri-

308 1708 411 1783 monii
438 1734 560 1795 ceusa,
590 1707 721 1782 nubunt
744 1706 904 1806 repudii?
930 1707 1072 1779 Tamdiu
1102 1708 1190 1780 istud
1218 1708 1413 1792 timebatur,

308 1825 473 1924 quamdiu
496 1851 609 1897 rerum
633 1839 725 1910 erat,
752 1824 833 1923 quia
858 1849 935 1897 vero
961 1823 1053 1895 nulla
1079 1825 1154 1896 sine
1176 1822 1319 1897 divortio
1342 1842 1418 1898 acta

309 1957 406 2026 sunt,
434 1939 525 2039 quod
550 1965 653 2038 saepe
677 1937 879 2024 audiebant,
908 1938 1016 2012 iacere
1040 1939 1229 2011 didicerunt
1252 1942 1365 2035 (iiis
1381 1956 1419 2012 ut

308 2054 376 2129 siia
401 2071 606 2154 praeteream
632 2053 852 2140 documenta,
873 2079 961 2152 quae
977 2053 1074 2127 facile
1099 2055 1232 2150 congeri
1259 2071 1413 2152 possent,

308 2171 352 2244 ad
369 2172 613 2247 ostendendum
631 2176 666 2247 in
684 2194 845 2276 quantam
867 2202 998 2250 morum
1017 2175 1261 2273 corruptionem
1282 2200 1418 2247 romena

308 2287 498 2387 respublica
529 2291 707 2366 cecidisset
734 2296 823 2388 (30).
852 2293 1033 2391 Praecipua
1063 2290 1148 2363 baec
1177 2316 1280 2364 causa
1311 2290 1447 2363 extitit.

308 2404 425 2479 ruinae
449 2422 482 2479 et
504 2433 605 2481 casus
631 2423 742 2482 tenue
768 2407 983 2508 reipublicae.
1013 2407 1050 2479 id
1076 2407 1188 2504 ipsum
1218 2406 1358 2503 contigit
1382 2406 1418 2476 in

309 2519 447 2610 Galliis,
467 2548 571 2623 quum
590 2523 655 2597 sub
672 2523 771 2597 finem
797 2523 901 2597 seculi
927 2522 1033 2622 elapsi
1055 2521 1120 2594 sub
1137 2521 1304 2595 Ludorico
1321 2547 1419 2619 prae·

379 2779 430 2842 (ts)
446 2779 577 2844 Apoioqet.
588 2794 642 2844 esp.
653 2783 696 2831 vi.
705 2779 745 2831 ed.
754 2780 842 2843 Rigalt.

380 2861 443 2910 Sane
453 2861 566 2911 veterius
576 2864 642 2912 iias.
652 2862 695 2911 tib.
707 2864 737 2913 ΙΙ.
748 2875 802 2925 sap.
811 2864 832 2911 1.
844 2875 868 2912 n.
881 2865 904 2913 i.
916 2861 950 2913 ite
959 2861 1056 2912 scribit:
1069 2882 1081 2906 a
1093 2861 1230 2925 Repudium
1242 2862 1305 2911 inter
1315 2872 1418 2911 uxorem

309 2943 333 2989 et
344 2940 451 2989 simma
463 2941 562 2991 condita
573 2942 639 2992 Urbe
652 2955 730 3005 usque
744 2942 774 2991 ad
789 2942 932 2992 vicesimum
943 2945 968 2993 et
981 2944 1202 3008 quingentesimum
1215 2954 1305 2991 anuum
1322 2940 1417 2989 nuiium

309 3019 451 3068 intercessit.
470 3020 569 3070 Priores
585 3023 666 3070 autem
685 3023 728 3084 sp.
745 3022 869 3071 carvilius
885 3035 987 3073 uxorem
1006 3023 1141 3072 sterilitatis
1161 3034 1236 3071 eurise
1253 3020 1354 3070 dimisit.
1370 3022 1419 3077 Qui

310 3112 460 3162 quemquern
470 3100 591 3151 tolerabiii
606 3101 700 3152 ratione
711 3105 792 3152 motus
805 3101 947 3164 ridebatur,
961 3103 1145 3166 reprehensione
1163 3103 1244 3151 tamen
1258 3113 1306 3149 noo
1322 3100 1416 3162 ceruit,

308 3180 368 3242 quia
383 3192 428 3230 nec
446 3180 605 3244 cupiditates
625 3181 726 3244 quidem
744 3182 877 3232 iiberomm
896 3184 1032 3245 coniugatis
1047 3183 1104 3233 iidei
1121 3181 1236 3246 praeponi
1251 3181 1365 3230 debuisse
1378 3195 1417 3230 ar·

308 3259 486 3311 bitrebantur.»
494 3260 584 3311 Fadero
596 3261 725 3311 confirmat
735 3265 764 3313 A.
776 3262 871 3311 Geiiius
886 3262 929 3312 tib.
943 3264 984 3312 iv.
996 3276 1019 3313 c.
1033 3270 1055 3313 s.
1066 3263 1091 3312 Si
1105 3262 1212 3324 excipies
1225 3272 1315 3324 paucos
1325 3271 1417 3320 ennon

309 3342 369 3390 item
387 3340 487 3390 servius
501 3340 588 3403 suipit.
602 3341 701 3403 aliique.
713 3341 751 3392 ct.
761 3343 843 3393 veter.
856 3343 958 3392 iterim
969 3356 1026 3392 eum
1037 3343 1103 3392 notis
1116 3341 1239 3391 rariorum
1250 3338 1361 3402 Lugdsn.
1374 3340 1418 3388 Bs-

309 3423 359 3469 iat.
375 3425 442 3470 1660.

381 3498 431 3559 (29)
448 3501 485 3548 De
501 3497 642 3561 beneficiis,
658 3499 1004 3549 tib.1lt.o.1e.ed.nioretii.
1019 3500 1095 3549 Paris.
1110 3507 1177 3550 161³.

383 3577 434 3639 (to)
449 3580 513 3629 Note
521 3582 558 3628 est
568 3592 672 3630 censure
684 3579 905 3642 iuvenalissatyr.
915 3582 957 3629 vi.
970 3592 994 3628 r.
1011 3582 1052 3631 tit
1069 3592 1137 3642 seqq.

516 3661 589 3708 «cur
606 3658 728 3709 desiderio
737 3659 839 3710 Bibulae
857 3661 980 3711 sumnus
997 3659 1077 3710 ardet?

542 3740 568 3789 Si
583 3752 669 3790 rernm
683 3741 805 3803 excutias,
820 3739 911 3803 iacies,
923 3753 973 3790 uon
988 3754 1049 3790 uxor
1059 3743 1164 3789 emetur.

536 3820 596 3868 Tres
610 3831 683 3880 nugae
699 3818 818 3881 subeunt,
830 3822 856 3870 et
867 3832 894 3870 se
907 3819 972 3869 cutis
987 3818 1056 3868 arida
1070 3817 1151 3878 teret,

537 3898 609 3948 Fiant
623 3897 721 3948 obscmi
737 3898 824 3950 dentes
838 3899 952 3963 emtique
969 3898 1094 3959 minorem

538 3976 633 4041 collige
648 3978 783 4028 summutas
788 4014 796 4040 ‚
813 3977 878 4028 dicet
892 3976 1007 4039 tibertus,
1024 3978 1049 4027 et
1061 3977 1119 4027 eri:

539 4058 591 4107 ism
603 4056 685 4121 gravis
695 4070 721 4109 es
732 4056 804 4125 nobis
815 4061 840 4108 et
849 4070 920 4121 seepe
930 4057 1080 4121 emungeris,
1097 4056 1136 4108 esi

535 4137 611 4188 Ocius
625 4140 650 4188 et
662 4150 777 4201 propere:
794 4137 941 4188 siccaverit
956 4138 1033 4188 sitem
1047 4149 1133 4187 naso.»

310 4217 350 4266 ed.
366 4220 440 4267 Tenr.
450 4218 505 4268 iiiia
519 4218 640 4269 eiusmodi
653 4218 685 4268 ci.
697 4219 762 4282 apud
771 4217 913 4269 Puiendnrt.
925 4218 972 4269 lec.
980 4220 1023 4269 cit.
1035 4220 1148 4269 mierum
1159 4220 1188 4269 nt
1199 4220 1280 4282 petest
1293 4230 1424 4282 quousque

309 4296 436 4347 devenerit
448 4300 539 4349 Romae
558 4298 683 4362 corruptio
694 4312 724 4349 es
740 4312 791 4362 quo
806 4297 913 4349 dirortn
928 4298 1100 4356 obtinuerunt,
1114 4299 1146 4348 ei.
1158 4297 1273 4349 Annales
1287 4297 1320 4347 de
1334 4296 1423 4348 Pitito·

312 4376 384 4438 sopit.
397 4375 534 4435 stretton..
547 4380 606 4426 tom.
619 4380 686 4426 viii.
696 4391 751 4440 psg.
764 4384 793 4429 3⁰
803 4390 871 4440 seqq.
884 4376 923 4426 ed.
939 4385 960 4428 2.
