3234 5084
342 433 412 504 tte
474 454 536 504 ns.
555 454 602 504 ιιι.
620 452 706 504 eser.
723 452 856 503 sursus.
875 451 916 503 rs
934 450 1047 503 mures.
1064 447 1148 502 sure
1176 449 1301 501 numer.

340 572 380 644 do
396 572 601 647 matrimonio
619 570 721 643 altero
739 584 972 652 οοιιιιιιιιιιιαιο,
992 569 1073 641 dnm
1090 566 1204 640 adhue
1220 566 1371 641 subsistit
1388 593 1450 666 pn·

342 711 434 759 mum
460 684 711 759 matrimonium
736 683 815 757 lieet
831 683 941 758 solum
962 699 1083 757 ratum.
1105 682 1177 755 fluo
1193 682 1281 755 enim
1296 682 1329 753 in
1346 680 1451 782 hypo

341 799 430 873 thesi
454 826 537 873 rom.
559 799 710 872 Pontifex
726 798 909 896 bigamiam
927 796 1162 873 simultaneam
1179 796 1345 897 probaret,
1361 796 1449 896 quod

339 932 429 989 uerte
451 914 495 989 ah
521 916 597 1016 ipso
614 913 777 1016 praestari
796 913 924 1014 nequit.
947 913 1060 987 Potest
1076 928 1187 987 autem
1204 938 1354 988 summus
1368 914 1448 987 Pon-

341 1031 422 1103 tifex
434 1057 494 1132 per
505 1030 793 1131 dispensationem
806 1029 956 1116 solvere,
974 1029 1063 1102 iusta
1074 1028 1118 1103 de
1130 1054 1251 1113 eausa,
1266 1027 1449 1125 ooniugium

340 1161 470 1234 ratum,
492 1173 561 1247 quo
578 1146 706 1233 soluto,
726 1160 871 1246 possunt
887 1145 1048 1242 coniuges
1060 1143 1156 1218 liberi
1169 1143 1280 1217 offecti
1293 1169 1369 1217 oum
1381 1143 1452 1218 aliis

340 1260 510 1336 oelebrare
521 1262 782 1337 matrimonium.
796 1262 888 1335 llaec
900 1260 973 1336 sola
984 1260 1187 1361 hypothesis
1200 1259 1378 1359 possibilis
1389 1275 1450 1347 est,

340 1377 377 1450 in
401 1405 470 1480 qua
494 1378 580 1451 nihil
605 1377 769 1479 estquod
794 1392 969 1477 repugnet.
998 1378 1118 1474 Legem
1141 1390 1255 1451 antem
1272 1374 1452 1474 generalem

342 1518 411 1593 qua
433 1493 633 1567 decernatur
651 1493 743 1595 quod
764 1493 800 1565 in
821 1492 880 1567 tali
899 1492 1093 1592 particulari
1110 1518 1193 1567 nasu
1211 1491 1454 1566 matrimonium

340 1623 451 1682 ratum
475 1607 702 1696 dissoluatur,
729 1607 807 1682 ideo
831 1635 1016 1709 numquam
1042 1621 1166 1682 statuet
1180 1632 1264 1681 rom.
1288 1607 1451 1692 Pontifex,

341 1722 423 1822 quia
436 1719 575 1796 difficile
591 1722 729 1797 omnino
741 1738 794 1796 ost
810 1722 924 1796 omnia
936 1749 1110 1797 recensere
1126 1722 1287 1796 adiuncta
1300 1747 1386 1821 quae
1400 1722 1454 1794 de·

342 1837 522 1912 terminare
536 1837 645 1911 solent
662 1838 774 1939 ipsum
792 1837 835 1912 ad
853 1838 1051 1913 solvendum
1068 1837 1234 1912 eiusmodi
1251 1836 1449 1934 coniugium,

339 1968 375 2028 et
390 1954 473 2054 quia
488 1969 660 2053 praeterea
675 1979 742 2027 non
761 1953 876 2028 omnia
892 1979 981 2054 quae
995 1953 1098 2027 lieent
1115 1979 1249 2053 semper
1263 1951 1449 2052 expediant.

340 2067 497 2143 Ceterum
518 2070 609 2169 quod
627 2066 780 2144 absolute
799 2083 915 2169 posset
939 2095 1023 2144 rom.
1045 2068 1196 2143 Pontifex
1213 2067 1325 2166 legem
1342 2065 1455 2142 eonsti-

342 2197 435 2257 tuere
452 2184 553 2257 etiam
574 2184 765 2283 generalem
789 2210 857 2258 non
881 2183 1002 2258 abnuit
1026 2211 1056 2259 s.
1077 2183 1267 2258 Antoninus
1288 2186 1386 2280 (124)
1402 2242 1409 2268 ,
1425 2198 1456 2255 et

342 2322 411 2371 non
435 2299 537 2398 pauci
563 2299 708 2398 theologi
734 2299 949 2401 postillam,
978 2301 1038 2400 qui
1064 2300 1204 2400 insuper
1228 2299 1322 2373 huno
1347 2324 1456 2374 casnm

341 2412 378 2485 in
399 2440 468 2513 quo
485 2414 684 2515 dispensare
701 2431 836 2515 posset,
857 2415 1045 2512 assignant.
1068 2414 1195 2488 Horam
1208 2414 1394 2488 sententias
1410 2438 1459 2485 re·

339 2528 452 2603 ferunt
469 2547 503 2604 et
525 2529 720 2629 expendunt
737 2531 1022 2605 Salmantieenses
1048 2531 1163 2626 (125).
1191 2529 1356 2630 Adeoque
1380 2528 1460 2602 mul·

340 2644 448 2745 tipliei
474 2645 538 2719 sub
568 2662 722 2747 respectu
747 2662 845 2721 nutat
868 2646 933 2721 hoo
957 2645 1064 2746 Sylvii
1088 2662 1346 2744 argumentum,
1374 2644 1459 2746 quod

340 2786 441 2835 suum
466 2762 578 2836 effecit
606 2763 713 2837 Collet
732 2765 850 2860 (ιιι).

415 2875 512 2961 Quod
531 2890 699 2976 postremo
716 2877 790 2951 loeo
802 2877 942 2951 affertur
957 2879 1001 2953 ad
1021 2875 1234 2952 suadendum
1251 2876 1347 2951 haud
1364 2902 1460 2979 posse

341 3014 426 3065 rom.
456 2992 634 3066 Pontifices
659 2992 861 3092 dispensare
884 2995 920 3065 in
945 2994 1157 3068 matrimonio
1174 3009 1247 3068 rato
1263 3019 1343 3067 oum
1361 2988 1461 3095 pluri·

341 3104 407 3180 bus
424 3122 556 3182 oonstet
575 3106 749 3206 pertibus,
770 3134 908 3183 neeesse
929 3125 1036 3183 estut
1054 3135 1113 3184 eas
1134 3108 1332 3207 singillatim
1350 3109 1460 3182 diseu-

413 3365 479 3429 (ιιι)
497 3365 539 3417 sto
554 3366 621 3417 enlm
639 3365 725 3416 tertbtt
742 3366 790 3418 too.
803 3366 846 3417 eit.
868 3368 974 3417 «Potest
993 3379 1051 3430 ergo
1066 3369 1134 3432 Paps
1151 3367 1225 3418 etism
1241 3366 1273 3417 de
1288 3368 1411 3431 potestate
1422 3378 1458 3414 or

339 3443 425 3495 diaeta
445 3443 512 3495 efron
531 3444 716 3496 matrtmonium
737 3457 786 3495 uon
808 3447 1007 3497 consummatum
1027 3447 1091 3497 hane
1108 3446 1309 3499 eonstitutionem
1328 3445 1420 3508 tm,
1436 3447 1462 3495 et

338 3522 375 3573 eie
394 3524 461 3587 patet
482 3522 544 3572 ratto
562 3525 711 3574 oonrenteue
724 3524 828 3584 rationi,
848 3526 876 3573 ut
890 3526 989 3575 nentur
1001 3528 1147 3589 andnamt
1161 3533 1185 3577 ι.
1200 3528 1376 3591 Quapropter.
1393 3521 1461 3574 Unde

340 3602 469 3654 efreanon
488 3605 687 3654 eonsummatum
701 3605 782 3668 potest
799 3605 903 3656 eeofesfs
921 3608 1028 3657 statuere
1046 3605 1170 3671 quidquid
1189 3606 1287 3672 pleoet3
1300 3605 1362 3657 dura
1381 3609 1461 3657 unm

340 3683 420 3736 subsit
434 3697 509 3735 osuss
525 3684 599 3746 iusta,
617 3686 643 3735 et
652 3684 700 3735 hoo
715 3685 794 3736 voluit
808 3684 865 3736 duis
874 3698 929 3749 erp.
939 3687 984 3736 En
995 3686 1282 3750 permanentem
1299 3686 1353 3750 lpse
1367 3686 1459 3736 ostien

338 3765 387 3828 sis,
405 3764 474 3828 quod
495 3777 545 3814 non
563 3763 678 3828 espedft,
695 3763 763 3829 quod
780 3766 847 3817 droa
869 3766 916 3815 hoe
936 3765 1042 3817 multum
1055 3766 1257 3830 laxothubenas,
1272 3779 1318 3817 ueo
1335 3767 1410 3817 etiam
1425 3766 1461 3815 eet

339 3844 434 3894 tutum.
446 3860 460 3887 n

427 3926 495 3977 luter
512 3938 569 3990 eos,
587 3924 631 3989 qut
647 3925 796 3978 sotottonsu
815 3926 924 3991 ooniugtt
941 3926 975 3978 ob
991 3927 1126 3979 sokmnem
1144 3927 1269 3993 reltgtoms
1285 3927 1460 3992 wenta

338 4006 453 4071 repetant
472 4019 502 4056 ex
522 4004 576 4057 ture
592 4004 775 4070 eooleehettoo,
795 4019 846 4057 nou
866 4006 955 4058 desunt
974 4008 1018 4071 qui
1037 4008 1072 4058 ita
1091 4020 1144 4060 rem
1162 4008 1298 4073 explicent:
1315 4008 1417 4059 eeclesia
1426 4006 1461 4055 in·

337 4085 432 4150 terpres
450 4084 585 4137 voluntatis
603 4086 694 4138 Ghrlstf
715 4086 852 4138 declararit
870 4087 1012 4152 confugium
1032 4091 1115 4140 ratum
1136 4103 1208 4153 posse
1221 4086 1459 4153 dissolri230nersli

338 4165 440 4232 quidem
460 4166 513 4231 tege
533 4167 622 4218 etatrdt
641 4167 705 4219 illud
729 4167 833 4219 dissolri
852 4168 885 4219 oh
904 4169 1039 4220 solearum
1066 4169 1191 4234 religionis
1209 4170 1399 4234 professionem:
1418 4179 1462 4231 pro

338 4245 426 4299 onae
442 4259 502 4298 vero
520 4246 680 4299 esefbmnon
701 4247 755 4311 lege
766 4247 917 4313 universati,
928 4248 971 4300 sed
991 4249 1120 4313 privilegio
1135 4262 1166 4300 ao
1182 4247 1458 4315 unpemauoneuutur.

410 4324 478 4388 (ιιι)
493 4325 532 4377 ot.
553 4329 635 4379 Trsot.
651 4329 694 4378 lx.
709 4329 838 4380 Damon.
850 4330 911 4394 cap.
926 4332 949 4381 t.
961 4328 1027 4381 nuo.
1041 4337 1065 4383 ι.
1077 4343 1103 4381 n.
1114 4336 1153 4383 st.
1171 4337 1211 4383 tt.

412 4403 480 4468 (ιιι)
493 4406 553 4458 Lon.
564 4405 608 4457 ott
618 4419 644 4458 n.
659 4409 714 4459 ιιι.
