3234 5084
313 444 381 514 356
455 463 516 516 un.
529 463 577 513 m.
593 460 680 514 sucu.
696 460 827 513 iurum.
849 461 889 512 ur
906 458 1018 514 mous.
1040 461 1134 513 nuru.
1158 460 1285 515 cumsr.

311 605 485 657 romanum
499 579 535 652 in
549 578 828 678 responsionibus
840 578 974 652 Nicetae
985 578 1234 677 metropolitani
1247 579 1429 655 Heracleae

310 695 352 770 ad
366 692 625 768 Constantinum
637 693 846 792 episcopum.
865 693 903 764 ln
918 694 1167 792 {nemoqutione
1178 693 1333 768 emunda.
1351 695 1427 768 «An

309 809 457 910 puellam
482 823 632 909 oporteat
655 808 810 907 accipere
833 806 937 881 alium
960 808 1090 893 virum,
1116 833 1192 880 cum
1209 808 1261 881 vir
1277 810 1352 883 eius
1377 827 1428 883 est

312 928 346 1010 in
372 939 562 1000 extraneam
585 926 752 1023 regionem
774 923 965 1024 proiectus,
990 923 1104 1023 ibique
1129 924 1351 998 concubinam
1368 951 1428 999 na·

310 1062 406 1117 ctus:
423 1058 456 1115 et
469 1042 546 1141 ipsa
557 1041 621 1114 uiri
636 1040 779 1115 reditum
794 1039 903 1113 tribus
915 1040 1013 1114 annis
1031 1040 1229 1141 expectavit.
1247 1042 1348 1143 Resp.
1365 1041 1428 1117 llic

310 1157 485 1257 quideme
509 1156 697 1232 concubina
719 1155 891 1241 discedet,
921 1180 982 1229 nee
1000 1155 1043 1228 ab
1059 1181 1163 1230 uxore
1188 1156 1421 1255 separabitur:

309 1271 369 1346 sed
396 1298 458 1346 nec
483 1272 557 1371 ipsa
583 1271 626 1343 ed
651 1268 736 1344 alias
754 1269 927 1346 festinabit
944 1270 1092 1369 nuptias.
1109 1269 1228 1343 libera
1246 1272 1337 1344 enim
1355 1289 1424 1359 est,

313 1394 375 1482 (ut
408 1386 517 1486 inquit
545 1383 750 1484 Apostolus)
784 1384 857 1458 viro
886 1400 1039 1471 mortuo,
1076 1410 1142 1456 non
1167 1400 1278 1457 autem
1309 1410 1349 1459 eo
1378 1386 1430 1460 vi-

311 1519 460 1576 vente.»
488 1501 649 1598 Interreq.
671 1501 706 1571 3.
738 1496 880 1571 «Puella
903 1498 1069 1599 quaedam
1093 1499 1202 1573 virum
1223 1501 1372 1600 accepit,
1395 1517 1430 1576 et

309 1615 558 1714 sponsaliorum
573 1613 661 1688 sacta
677 1627 731 1686 est
747 1613 893 1713 precatio
910 1629 944 1686 et
959 1612 1168 1686 benedictio:
1185 1639 1263 1687 cum
1281 1614 1429 1689 carnalis

312 1756 379 1803 non
406 1729 642 1804 intervenisset
666 1729 810 1827 copule,
838 1729 890 1803 vir
912 1729 1067 1802 insuam
1094 1755 1227 1803 socrum
1249 1729 1429 1831 prolapsus

310 1862 383 1933 est,
412 1843 585 1941 gravidam
610 1843 706 1931 lecit,
735 1841 817 1941 quid
843 1842 1033 1916 laciendum
1057 1843 1140 1917 est?
1163 1844 1265 1945 Resp.
1293 1845 1343 1918 Ile
1365 1844 1430 1920 hac

313 1960 429 2060 specie
448 1975 481 2033 at
505 1959 599 2059 prius
621 1957 879 2058 respondimus:
912 1983 1001 2032 nunc
1021 1974 1131 2032 autem
1150 1959 1241 2059 quod
1260 1961 1438 2060 suppetit‚·
1459 1997 1463 2006 ⁴

311 2075 610 2176 respondebimus:
636 2072 737 2148 licere
753 2073 826 2148 uiro
843 2099 939 2147 suam
959 2099 1096 2147 uxorem
1112 2074 1256 2149 habere:
1277 2074 1338 2149 sed
1356 2102 1432 2175 pro-

311 2188 365 2264 cul
391 2216 412 2262 a
433 2214 533 2264 socru
552 2187 788 2262 removendum
805 2214 900 2275 esse,
925 2187 971 2261 ob
990 2188 1113 2262 melam
1134 2191 1427 2279 consuetudinem,

311 2329 354 2376 ne
370 2302 518 2403 amplius
537 2303 581 2377 ab
605 2329 646 2377 aa
670 2301 863 2403 pelliciatur
882 2303 1020 2398 (216).»
1045 2303 1084 2374 lu
1101 2319 1243 2404 utroque
1259 2305 1432 2407 proposito

312 2445 395 2493 casu
412 2435 482 2492 tum
500 2419 543 2493 de
562 2417 738 2506 adulterii,
763 2433 834 2490 tum
851 2416 953 2491 etiem
968 2417 1014 2491 de
1030 2417 1151 2491 incesti
1175 2419 1304 2518 flagitio
1321 2421 1432 2519 egitur

314 2534 453 2609 alterius
486 2534 666 2633 coniugis;
704 2550 847 2631 negatur
870 2548 981 2607 emen
1006 2533 1078 2607 siue
1102 2551 1274 2609 nocentem
1304 2551 1433 2636 partem

316 2651 396 2730 sive,
414 2649 623 2724 innocentem
649 2673 752 2748 posse
780 2647 866 2722 elias
894 2647 980 2721 inire
1004 2649 1161 2748 nuptias,
1188 2665 1291 2749 atque
1317 2665 1434 2751 aperte

316 2791 452 2865 quoque
469 2766 606 2865 nuptiae
624 2763 863 2852 excluduntur,
882 2764 1014 2838 vivente
1030 2764 1144 2839 adbuc
1155 2764 1259 2840 altero
1275 2766 1436 2865 coniuge,

316 2906 356 2953 ex
378 2881 574 2957 auctoritate
598 2879 761 2979 Apostoli.

388 2996 463 3069 Huc
482 2996 606 3095 pariter
622 3011 753 3096 spectat
774 2997 917 3098 epistola
933 2998 1041 3071 cxlv.
1062 2999 1198 3072 loannis
1216 3024 1326 3098 papae
1341 2999 1428 3070 Vlll.

316 3111 358 3184 ad
387 3110 575 3185 Ederedum
603 3112 753 3213 archiep.
782 3112 979 3212 auglorum,
1012 3115 1047 3186 in
1078 3141 1147 3216 qua
1171 3115 1309 3188 scribit:
1340 3114 1433 3188 «llis

316 3243 439 3317 autem,
451 3254 537 3329 quos
556 3229 682 3303 asseris
696 3257 818 3305 uxores
836 3232 989 3331 proprias
1007 3247 1122 3305 contra
1139 3248 1353 3332 praeceptum
1370 3232 1434 3304 Do·

316 3343 398 3417 mini
425 3343 633 3444 relinquere,
654 3346 902 3446 praecipimus,
923 3373 1033 3446 neque
1051 3347 1158 3422 virum
1176 3347 1219 3420 ab
1238 3375 1357 3437 uxore,
1378 3373 1434 3421 ne·

316 3487 383 3560 que
408 3488 545 3535 uxorem
569 3488 590 3535 a
614 3462 687 3536 viro
703 3520 711 3551 ,
729 3463 796 3536 uisi
821 3488 926 3537 causa
950 3463 1201 3549 fornicationis,
1230 3459 1429 3538 discedere:

316 3577 407 3677 quod
421 3577 451 3649 si
464 3577 503 3649 ob
517 3577 573 3650 boc
586 3577 794 3666 discesserit,
805 3604 942 3652 manere
956 3580 1145 3681 innuptum,
1161 3578 1214 3651 uel
1232 3579 1430 3678 innuptam,

317 3708 375 3766 aut
388 3692 453 3766 sibi
467 3709 582 3767 mutuo
596 3667 817 3768 reconcibari:
839 3696 998 3795 quoniam
1015 3696 1148 3770 dicente
1164 3696 1320 3784 Domino,
1341 3693 1435 3781 Quod

318 3810 406 3880 Dens
432 3810 622 3894 coniecerit,
654 3809 744 3882 bernw
770 3837 835 3882 non
858 3827 1005 3910 aeporet;
1028 3826 1062 3884 et
1085 3810 1162 3885 ideo
1187 3837 1263 3883 cum
1289 3812 1435 3915 priorem

319 3923 467 4022 legitimo
479 3923 546 3997 sibi
560 3925 772 3999 matrimonio
785 3927 932 4000 iunctam
944 3927 1091 4027 quisque
1103 3928 1258 4002 deserere
1275 3944 1431 4028 nequeat,

318 4039 413 4112 nullu
433 4041 557 4112 ratione
576 4041 633 4113 illi
642 4068 779 4140 prorom
804 4042 998 4117 conceditur
1021 4042 1123 4117 aliam
1145 4045 1277 4119 vivente
1301 4044 1430 4144 priore,

320 4154 530 4230 conducere:
560 4156 650 4256 quod
677 4157 707 4230 si
736 4157 870 4245 secent,
898 4175 931 4233 et
956 4185 1021 4234 non
1046 4160 1225 4235 emendare
1250 4160 1314 4235 sub
1338 4160 1435 4235 satis·

398 4346 464 4408 (tto)
481 4348 663 4412 temerasse
680 4349 785 4400 romunt
805 4350 862 4399 tarn
878 4351 999 4401 canente
1015 4361 1096 4416 quun
1109 4349 1205 4402 ctetttr.
1226 4352 1263 4401 Ιο.
1280 4348 1432 4402 Lmnclavii.

321 4424 474 4477 Fraueotnrt.
491 4432 558 4477 leae.
575 4429 636 4478 tour.
649 4428 668 4476 l.
682 4426 725 4478 lib.
739 4429 772 4476 V.
786 4441 812 4491 p.
838 4434 890 4479 tto.
