3234 5084
356 411 423 483 tio
498 433 561 483 nn.
576 430 626 482 ιιι.
642 429 729 481 saur.
744 428 876 479 aarum.
891 428 932 479 nr
950 426 1061 479 mnrss.
1078 427 1172 479 ιιιιι.
1189 428 1313 480 unmsr.

353 551 420 625 tiae
437 547 509 647 lege
526 547 621 622 inviti
641 547 888 634 detinerentur,
908 567 977 644 que
995 543 1182 633 infelicem,
1203 562 1241 619 ut
1258 546 1327 645 ipsi
1343 546 1460 637 aiunt,

352 689 393 738 ac
410 663 631 737 miserrimam
648 661 749 733 vitam
763 654 893 734 etdirie
912 656 1151 734 tentationibus
1168 658 1346 737 obnoxiam
1361 688 1464 761 agen.²

352 792 559 877 cogerentur.
589 775 869 875 Quandoquidem
902 792 1012 849 autem
1042 775 1109 850 duo
1134 776 1219 851 baec
1253 795 1344 853 arcto
1376 779 1466 853 inter

353 920 391 968 se
415 919 503 966 nexu
526 891 722 976 cohaerent,
750 906 789 964 ut
813 891 975 989 distingui
1001 891 1112 990 potius
1138 918 1240 993 quam
1263 893 1367 966 dividi
1386 920 1466 992 pos-

354 1007 443 1094 sint,
459 1030 591 1106 -operae
614 1005 755 1105 pretium
774 1021 826 1079 est
842 1031 911 1080 uno
927 1006 1113 1105 eodemque
1130 1000 1277 1107 tempore
1295 1007 1360 1081 sub
1376 1023 1467 1083 utro

353 1147 421 1221 que
446 1135 600 1220 respectu
625 1118 809 1193 catholicae
833 1120 1007 1195 doctrinae
1026 1112 1194 1194 vindicias
1211 1123 1401 1222 suscipere,
1421 1150 1467 1197 ne

354 1235 548 1335 imperfecta
573 1249 607 1309 ot
631 1258 749 1308 manca
772 1233 1022 1335 quodammodo
1040 1235 1147 1309 rideri
1173 1250 1288 1335 posset
1313 1236 1467 1312 defensio

353 1376 455 1452 quam
473 1350 699 1449 aggredimur.
721 1352 823 1425 Porro
846 1351 1031 1431 adversarii
1057 1342 1091 1423 in
1117 1351 1202 1426 votis
1229 1350 1408 1442 haberent,
1429 1370 1467 1428 ut

354 1464 636 1566 quemadmodum
649 1464 829 1539 concilium
842 1465 1074 1539 docetmultas
1087 1465 1264 1540 obcausas
1277 1468 1350 1540 fieri
1363 1492 1467 1568 posse

354 1579 600 1681 separationem
626 1578 738 1680 quoad
763 1596 872 1655 torum
898 1596 931 1654 et
955 1570 1256 1670 cohabitationem,
1276 1580 1323 1654 itn
1347 1596 1466 1656 contra

353 1697 520 1771 dicaretur
548 1698 668 1771 multas
692 1699 731 1772 ob
756 1725 872 1772 causas
898 1699 970 1771 lieri
996 1722 1098 1797 posse
1119 1697 1246 1771 vinculi
1272 1697 1383 1803 ipsius
1409 1723 1469 1771 so-

355 1811 528 1888 lutionem.
558 1813 623 1888 Sed
648 1815 682 1886 in
706 1840 775 1887 una
798 1814 1012 1914 potissimum
1037 1839 1140 1887 causa
1166 1813 1347 1901 insistunt,
1375 1839 1467 1921 quae

354 1945 407 2003 est
433 1927 624 2017 fornicatio,
654 1927 726 2003 siue
752 1928 953 2003 adulterium
971 1931 1060 2027 (31).

429 2041 561 2118 lamdiu
589 2043 749 2118 Erasmus
785 2044 820 2115 in
851 2043 991 2146 prolixis
1026 2045 1098 2118 suis
1127 2043 1397 2118 annotationibus
1430 2045 1466 2116 in

358 2160 393 2228 1.
412 2155 487 2231 Cor.
506 2157 578 2229 vll.
599 2158 807 2257 impetiverat
835 2160 1028 2260 perpetuam
1053 2157 1255 2232 matrimonii
1281 2157 1467 2233 indissolu-

357 2271 521 2347 bilitatem
545 2272 611 2349 hac
633 2274 847 2375 potissimum
874 2263 1003 2348 ratione
1028 2273 1167 2361 ductus3
1189 2299 1250 2347 nec
1270 2274 1397 2348 ueritus
1414 2291 1468 2348 est

357 2386 497 2462 Paulum
521 2386 632 2489 ipsum
650 2387 746 2461 nimii
764 2389 921 2462 incusare
942 2387 1062 2486 rigoris
1080 2388 1123 2462 ob
1140 2387 1326 2463 clausulam
1348 2388 1462 2462 illam:

355 2529 484 2577 manere
500 2505 689 2602 innuptum,
710 2520 769 2577 aut
784 2494 855 2577 viro
878 2531 936 2577 suo
960 2505 1177 2577 reconciliari.
1198 2504 1254 2576 Sic
1269 2503 1360 2577 enirn
1378 2504 1467 2577 inter

356 2635 466 2694 cetera
483 2618 620 2693 scribit:
641 2619 767 2705 «Quod
787 2621 818 2693 si
837 2619 940 2693 Paulo
964 2619 1136 2719 proposita
1157 2618 1275 2691 luisset
1298 2617 1466 2692 eiusmodi

356 2759 480 2822 causa,
509 2733 631 2809 stultus
656 2760 732 2808 cum
757 2733 879 2823 stulta,
908 2760 990 2834 puer
1018 2758 1094 2806 oum
1129 2732 1241 2833 puella
1273 2733 1463 2819 contraxit,

356 2848 617 2922 intercesserunt
637 2847 752 2935 lenae,
782 2850 919 2937 vinum,
951 2849 1144 2935 temeritas,
1172 2864 1244 2922 arte
1268 2848 1303 2920 in
1328 2874 1467 2921 nussam

311 3060 316 3071 ι
357 2960 484 3035 inducti
498 2976 593 3049 sunt,
610 2976 643 3033 et
656 2961 851 3036 huiusmodi
868 2962 1154 3038 matrimoniorum
1172 2959 1292 3063 planus
1305 2978 1357 3038 cst
1368 2988 1468 3037 mun·

428 3249 479 3312 (tl)
494 3248 598 3313 rugan
611 3249 710 3313 quidem
725 3264 752 3301 se
766 3250 799 3301 ob
815 3252 879 3301 lianc
894 3251 994 3301 unicam
1008 3248 1122 3301 adulterii
1136 3260 1236 3301 oausam
1250 3248 1398 3300 contendere
1413 3249 1468 3301 lieri

357 3340 427 3393 posse
439 3328 530 3380 vinculi
541 3329 676 3394 wningulis
687 3331 848 3394 mintionem
864 3333 904 3383 ast
918 3331 999 3394 reipsa
1014 3330 1040 3381 in
1056 3329 1174 3382 latusima
1188 3329 1364 3395 deuincatioue
1381 3333 1469 3394 postea

356 3409 430 3460 huius
451 3408 536 3473 flagitii
556 3423 644 3460 nornen
664 3410 795 3475 accipiunt.
813 3413 875 3462 llum
891 3410 950 3462 sutis
965 3411 1003 3461 eat
1018 3423 1159 3473 percurrere
1174 3411 1328 3474 quaestiones
1342 3424 1404 3474 quas
1419 3412 1468 3462 hae

357 3502 431 3555 super
446 3503 473 3541 re
486 3490 593 3542 instituit
607 3492 641 3541 lo:
653 3489 793 3542 &martius
802 3503 833 3541 ex
843 3502 944 3541 suumn
958 3491 1144 3554 protestantium
1155 3490 1282 3543 sententiis
1289 3492 1378 3542 iocor.
1386 3491 1466 3542 tlrenl.

357 3570 523 3622 tomxited.
535 3570 641 3635 ‘l'ubingss
656 3575 722 3623 1776.
736 3574 794 3623 Leo.
804 3573 955 3635 ultiman.
965 3574 997 3622 x.
1006 3572 1170 3623 saturet.
1183 3580 1206 3625 2.
1218 3571 1308 3625 memb.
1320 3574 1341 3621 Ι.
1351 3571 1435 3623 11111111
1444 3579 1466 3623 1.

355 3654 381 3703 et
395 3666 447 3716 seq.
461 3655 497 3703 De
511 3651 656 3713 adulterio,
670 3655 707 3703 De
717 3651 879 3713 desertione,
895 3665 925 3702 ac
937 3654 974 3701 lie
989 3652 1099 3717 reliquis
1114 3651 1224 3703 dleortlt
1237 3653 1337 3712 cumis,
1352 3652 1381 3701 ut
1394 3663 1468 3701 unae

356 3732 462 3797 quiaque
475 3732 595 3796 intelligat
612 3745 686 3795 quarn
703 3730 816 3782 liberales
837 3744 867 3781 ac
887 3731 971 3782 lecilcs
992 3742 1019 3784 se
1038 3732 1081 3783 isti
1100 3733 1270 3783 retonuatorea
1288 3730 1428 3780 exhibeant

429 3815 502 3865 certa
521 3813 546 3864 in
565 3811 651 3864 codiee
667 3811 812 3865 borumlaao
827 3823 919 3864 mant
935 3813 1091 3865 contlnentur
1112 3810 1178 3863 tituil
1193 3810 1226 3862 ob
1240 3822 1304 3874 quus
1318 3809 1372 3861 lieri
1388 3811 1471 3873 potat

356 3893 492 3944 divortium
510 3895 625 3958 menum,
641 3892 668 3942 id
686 3894 738 3955 eet,
754 3906 770 3943 a
786 3892 894 3943 maculo.
911 3895 1038 3956 cumque,
1053 3894 1082 3942 ut
1096 3894 1181 3943 notum
1197 3891 1249 3952 est,
1270 3889 1469 3954 frequentissima

356 3973 443 4026 imant
456 3972 576 4038 repudia,
593 3972 755 4024 ministerium
772 3974 898 4037 proposuit
911 3973 937 4023 in
950 3972 1057 4024 comitiis
1072 3985 1156 4023 mense
1170 3971 1239 4021 Febr,
1254 3973 1322 4022 1817.
1335 3972 1363 4020 ut
1376 3969 1469 4020 exiliis

356 4044 467 4119 quinque
483 4053 549 4105 tituli
567 4052 755 4117 abrogarentur,
766 4056 873 4117 quatuor
887 4054 983 4104 mutum
995 4053 1107 4115 retentis,
1123 4064 1210 4116 nempe
1228 4050 1395 4114 racematio
1407 4062 1467 4100 con·

356 4134 594 4199 teodericium.
607 4137 730 4195 insanim-
747 4140 770 4186 1.
781 4133 974 4185 inaoetnbtlltas
987 4135 1014 4185 ct
1028 4132 1166 4199 ormelaes
1178 4133 1343 4184 lacessatis
1355 4132 1470 4181 actam

430 4296 602 4357 verumtamen
614 4294 739 4358 proposita
756 4295 795 4345 ler
812 4294 853 4345 dle
868 4298 892 4344 1.
903 4295 974 4344 llari.
986 4292 1095 4345 eiusdem
1111 4291 1168 4342 enni
1183 4290 1323 4355 pluralitate
1337 4288 1465 4351 mllraglo·

358 4387 414 4424 rum
434 4377 522 4424 reiecta
543 4375 599 4425 luit.
609 4374 668 4425 vid.
683 4378 792 4425 vulvera
803 4382 827 4426 o.
838 4376 904 4425 liare
920 4378 986 4425 1157.
