3234 5084
272 454 340 507 cnr.
352 456 375 506 1.
389 455 428 505 ns
447 455 560 507 moras.
574 455 669 507 arra.
682 456 787 507 arnor.
801 454 875 508 nunu
892 454 1048 508 aarum.
1061 458 1131 508 aar.
1149 457 1172 507 ι.
1235 434 1300 506 121

195 574 369 672 utriusque
393 574 546 671 coniugis
564 572 762 663 relationes,
784 572 972 662 amicitias,
994 573 1195 661 affinitates,
1215 600 1305 674 quae

193 689 352 786 temporis
385 714 566 787 progressu
591 714 659 763 uon
683 689 853 762 modicum
882 687 1116 763 detrimentum
1147 688 1308 762 afferrent

192 803 326 901 publico
358 804 529 884 societatis
560 803 671 891 bono,
703 805 803 904 eique
832 804 1089 878 dissolutionem
1120 821 1300 905 parareut;

192 933 307 991 oontm
318 944 398 991 vero
410 916 647 991 indissolubile
659 919 804 1015 coniugii
818 917 989 991 vinculum
1004 918 1205 992 familiarum
1219 943 1308 992 amo-

193 1057 261 1104 ram
288 1057 369 1129 erga
395 1032 535 1132 patriam
562 1032 650 1107 louet
674 1036 763 1130 (26).
786 1032 923 1107 Publica
951 1034 1029 1106 item
1054 1033 1215 1109 honestos
1240 1058 1307 1108 non

193 1172 311 1246 parum
336 1147 539 1236 laederetur,
572 1148 675 1222 immo
699 1174 778 1221 vcro
804 1148 905 1221 etiam
932 1150 1221 1250 pessumdaretur,
1249 1149 1307 1223 ubi

193 1261 295 1335 semel
328 1262 494 1335 obtineret
523 1263 609 1336 inter
637 1263 730 1336 cives
756 1262 972 1361 progressiva
1000 1264 1166 1339 eiusmodi
1192 1265 1307 1339 ooniu·

193 1378 322 1474 giorum
355 1377 550 1465 dissolutio,
579 1404 668 1479 quae
692 1378 885 1454 necessario
909 1379 1084 1452 induceret
1111 1379 1147 1453 in
1175 1379 1308 1454 laedam

193 1517 324 1566 urorum
347 1493 607 1592 corruptionem.
633 1492 845 1593 Quapropter
869 1519 945 1568 cum
970 1494 1071 1567 homo
1097 1508 1215 1568 natura
1246 1520 1309 1568 sua

192 1624 329 1682 uocatus
342 1608 388 1682 sit
398 1608 442 1681 ad
458 1606 627 1707 publicam
647 1608 858 1696 societatem,
875 1609 960 1685 baec
976 1626 1087 1683 autem
1105 1609 1223 1684 floreat
1240 1611 1309 1682 ani-

192 1747 322 1795 morum
346 1722 472 1796 anione
504 1723 590 1795 inter
614 1723 707 1796 ciues
733 1738 922 1797 elmerum
950 1722 1136 1823 probitate,
1165 1749 1307 1822 pronum

192 1855 244 1910 est
268 1836 394 1910 inferre
418 1836 598 1912 divortium
623 1839 714 1913 vitae
738 1838 858 1912 sociali
884 1855 986 1940 atquo
1011 1838 1138 1915 idcirco
1162 1839 1226 1913 iuri
1253 1866 1310 1913 na·

194 1953 293 2025 turali
321 1952 413 2027 baud
438 1979 515 2028 esso
538 1970 802 2029 cousentaneum
821 1956 911 2051 (27).

266 2069 376 2170 Atque
400 2069 520 2143 exinde
542 2069 666 2145 lactum
682 2087 755 2160 est,
775 2087 815 2144 ut
830 2092 898 2170 quo
919 2071 1072 2145 nationes
1098 2070 1142 2145 ad
1167 2071 1310 2146 diuortia

191 2186 301 2284 magis
327 2185 493 2285 proclives
518 2212 556 2261 aa
581 2213 619 2260 se
641 2184 883 2273 ostenderunt,
903 2213 943 2260 eo
958 2187 1061 2262 etiam
1079 2187 1187 2286 magis
1204 2213 1310 2288 pones

192 2326 253 2375 eas
271 2301 473 2374 incresceret
489 2325 619 2374 morum
636 2300 821 2400 corruptio,
837 2317 871 2374 at
887 2326 906 2373 e
922 2326 1098 2389 conuerso,
1115 2329 1183 2402 quo
1200 2303 1310 2401 magis

193 2415 347 2487 nationes
370 2431 546 2512 corruptae
571 2428 709 2501 essent,
736 2439 777 2488 eo
802 2413 972 2488 faciliores
998 2440 1038 2489 ae
1062 2441 1249 2515 propensas
1274 2442 1312 2489 se

192 2529 238 2601 ad
262 2529 405 2601 divortia
430 2528 684 2627 perhibuerunt.
701 2529 776 2603 Duo
797 2529 887 2605 enim
912 2528 996 2603 baec
1022 2530 1111 2604 inter
1135 2557 1173 2604 se
1197 2532 1312 2605 iuncta

193 2642 267 2741 pari
295 2667 414 2739 gressu
439 2642 710 2741 progrediuntur.

269 2758 359 2831 Haeo
384 2784 466 2832 sane
491 2758 675 2857 praecipua
702 2759 895 2855 assignatur
921 2759 1006 2834 ratio
1030 2758 1237 2858 corruptelae
1259 2785 1313 2833 ro—

194 2898 389 2960 manorum,
419 2873 511 2975 quod
537 2873 584 2946 ita
605 2872 757 2958 leuibus,
778 2890 838 2947 aut
854 2874 957 2947 nullis
975 2873 1018 2947 de
1034 2874 1148 2948 causis
1168 2873 1313 2949 divortia

192 2988 286 3088 apud
308 3014 365 3063 eos
389 2988 676 3088 frequentarentur
688 3005 803 3063 contra
817 2988 969 3063 instituta
983 2989 1164 3077 maiorum,
1180 2989 1223 3063 de
1235 2989 1313 3090 qui·

270 3194 321 3256 (ae)
337 3195 691 3258 lllnoipsefleereninop.1>s
700 3194 728 3245 la
736 3194 814 3259 polit.
825 3196 851 3244 et
861 3193 900 3245 do
906 3193 1051 3245 consedes
1062 3197 1177 3246 undena.
1188 3194 1264 3245 Dtdot
1274 3202 1312 3247 to.

193 3287 250 3339 pag.
263 3279 303 3326 78.
318 3276 380 3325 tom.
389 3276 411 3325 1.
421 3274 567 3338 affimant,
576 3274 644 3339 quod
656 3295 669 3319 «ι
679 3275 793 3325 charles
804 3275 904 3341 penples
914 3274 1023 3326 dudit&
1037 3276 1177 3340 d'Europe,
1191 3275 1314 3326 l'attacbe·

193 3358 264 3406 nent
279 3354 294 3405 l
310 3355 335 3405 la
352 3355 444 3405 tamilla
461 3355 578 3406 eulmlalt
596 3356 701 3406 l‘amour
719 3355 751 3406 da
769 3355 793 3406 la
813 3356 916 3419 patrie.»

269 3437 320 3498 (υ)
336 3436 375 3486 ct.
389 3435 510 3500 Taparelll
530 3440 623 3500 suopte
645 3438 767 3486 teoretlco
783 3435 812 3486 dt
829 3435 922 3486 diritto
946 3435 1082 3487 naturale.
1100 3436 1167 3487 Dies.
1184 3438 1239 3487 vu.
1256 3449 1278 3486 c.
1290 3442 1313 3487 a.

193 3530 221 3566 n.
233 3521 292 3568 1³⁰7
306 3529 376 3579 seqq.

268 3596 366 3646 narrar!
385 3598 462 3660 Eplst.
479 3610 500 3645 s.
514 3596 557 3647 cit.
568 3597 609 3647 hle
624 3595 705 3646 verbis
726 3595 817 3646 damna
832 3596 934 3647 divorti!
953 3597 1067 3660 exponit:
1087 3599 1144 3647 «Le
1158 3596 1270 3648 bonbeur
1284 3596 1316 3649 de

193 3676 381 3727 l’alatestdans
390 3678 414 3728 la
425 3678 481 3742 pain
493 3678 518 3727 et
530 3677 554 3728 le
563 3676 685 3727 concorde
697 3676 741 3726 des
753 3678 875 3738 cytoiens,
891 3677 953 3727 dans
970 3677 1141 3740 l'intolligeuoe
1151 3676 1195 3727 des
1205 3676 1315 3729 deese

193 3757 309 3807 leonillae.
322 3760 356 3807 Le
367 3758 473 3820 mariage
487 3758 598 3808 uniscunt
613 3757 676 3807 deux
693 3758 788 3821 epona,
808 3759 945 3822 rapproohe
957 3757 993 3808 les
1005 3760 1116 3822 parents,
1132 3759 1168 3808 les
1183 3757 1266 3807 allice:
1283 3770 1315 3808 ea

192 3836 284 3886 lainam
301 3836 364 3886 daur
385 3838 511 3898 neureax,
525 3837 542 3885 il
556 3837 606 3887 sera
619 3838 688 3900 vingt
705 3838 775 3886 amis.
789 3839 824 3888 Le
833 3837 934 3887 dirorea
947 3836 1062 3900 mandra,
1074 3838 1092 3887 il
1104 3837 1155 3888 lora
1164 3837 1233 3901 vlunt
1245 3849 1315 3888 enne

194 3917 242 3967 mla
252 3917 367 3979 nonan
378 3917 396 3966 ἰΙ
407 3918 528 3967 sarcum
542 3917 578 3967 les
591 3920 707 3980 parents,
722 3917 757 3967 les
773 3917 837 3968 auris
848 3917 880 3967 de
891 3917 998 3981 l’apoase
1007 3919 1092 3968 contre
1103 3917 1214 3982 l’epoux,
1232 3920 1318 3969 eontra

194 4010 224 4046 aa
239 3997 345 4058 tamilla,
357 3999 382 4047 et
391 4000 477 4048 oontm
491 4010 531 4048 ees
545 3998 615 4048 emta.
630 3999 664 4048 Le
680 3998 788 4061 mariage
802 3998 870 4049 aral!
883 3998 1007 4049 contenda
1026 3998 1061 4049 les
1079 3999 1193 4061 interula,
1207 3997 1317 4050 ralrermi

196 4076 232 4125 lea
245 4075 367 4140 lortnnes;
380 4076 403 4125 le
415 4076 517 4128 diroroe
529 4077 632 4127 viandra
647 4077 739 4128 divisor
750 4078 786 4128 les
795 4078 909 4139 laurum,
920 4090 1046 4129 renuersor
1057 4079 1092 4128 les
1103 4078 1223 4140 fortunas,
1236 4078 1319 4130 elever

194 4154 239 4205 dea
248 4154 412 4216 ducaminis,
420 4157 525 4207 susciter
533 4156 578 4207 des
588 4157 688 4220 procos,
701 4158 813 4207 eamus
823 4158 868 4208 dea
875 4160 1035 4219 uelamenta,
1044 4159 1070 4208 ot
1080 4158 1116 4209 les
1126 4158 1272 4210 tribuneaux
1286 4172 1318 4210 ne

195 4235 340 4285 mutirent
352 4236 409 4299 plus
422 4248 472 4299 qne
484 4236 516 4286 de
530 4236 635 4298 platalea
648 4240 732 4288 contre
748 4236 859 4301 l’epout,
875 4238 919 4301 qul
934 4238 1033 4289 luisset
1046 4239 1155 4303 l'epouee
1167 4238 1238 4304 apres
1248 4238 1318 4289 auolr

192 4315 335 4365 mosum
344 4315 486 4379 salomam
492 4318 577 4367 contre
586 4316 702 4380 l'epouse,
710 4317 752 4380 qui
765 4317 870 4369 laioseli
879 4318 974 4381 l’dponn
988 4332 1017 4368 en
1027 4319 1175 4371 dcrrrandsnt
1186 4333 1215 4371 ee
1225 4318 1315 4383 qn’elle

195 4406 254 4443 aura
267 4393 375 4458 decipe»
387 4407 442 4458 pag.
457 4402 494 4444 ta.
