3234 5084
295 446 369 500 mr.
383 443 432 498 tn.
446 448 486 497 nr
503 443 602 502 ssttsu
618 447 710 498 rulo.
726 446 789 498 orn.
802 445 916 500 inorsa
929 447 1024 501 nuru.
1038 447 1109 499 ins.
1120 450 1143 500 1.
1235 424 1304 501 lli

186 566 469 654 consiliarium,
491 582 526 641 et
542 566 657 646 virum·
669 583 806 641 uxorem
825 594 893 642 non
915 567 1084 644 dimittere
1103 570 1308 665 (51).»Ουὶ-

189 683 254 758 bus
280 682 427 758 ostendit
455 708 588 757 omnem
621 683 754 760 excludi
785 681 963 759 solutionis
993 684 1121 759 vinculi
1145 711 1303 774 causam,

185 824 231 873 oc
255 797 396 898 proinde
417 825 460 871 ne
481 797 635 872 meminit
659 797 797 899 quidem
813 798 987 874 clausulae
1004 799 1245 900 exceptionolis
1261 801 1306 875 de

191 914 425 1001 fornicatione,
454 914 497 988 de
522 941 591 1014 qua
615 914 708 1013 aputl
734 914 950 988 Matthaeum.

263 1031 306 1104 Es
335 1029 420 1104 haec
443 1056 486 1104 ex
511 1030 681 1130 Cypriane
695 1031 744 1106 'in'
767 1056 837 1103 rem
863 1047 1012 1104 nostram
1038 1030 1193 1105 attulisse
1210 1031 1307 1104 suffi-

187 1146 277 1232 ciat,
304 1172 379 1220 cum
407 1145 500 1220 aliud
531 1145 622 1246 quod
648 1171 688 1218 ex
713 1145 791 1244 ipso
821 1144 934 1218 allerri
966 1143 1052 1219 solet
1078 1146 1307 1220 testimonium

189 1260 424 1360 depromptum
452 1286 492 1332 ex
516 1259 603 1333 libro
628 1260 677 1332 De
702 1259 880 1357 disciplina
897 1274 927 1331 ct
946 1260 1025 1332 bono
1038 1261 1241 1358 pudicitiae,
1263 1261 1309 1336 sit

186 1375 455 1475 adscriptitium3
477 1374 534 1447 bic
551 1375 640 1447 enim
659 1374 744 1447 liber
759 1401 801 1449 cx
820 1374 979 1473 operibus
996 1375 1153 1473 genuinis
1170 1402 1200 1449 s.
1219 1402 1308 1449 mar—

187 1493 276 1591 tyris
293 1492 328 1564 in
346 1491 472 1566 criticis
490 1491 693 1565 editionibus
709 1490 804 1565 illius
831 1517 970 1591 operum
995 1491 1129 1591 poninus
1154 1491 1308 1565 elimino·

190 1624 246 1681 tur
265 1609 355 1703 (ot).

264 1722 418 1796 Ceterum
444 1722 536 1823 qued
561 1720 738 1796 attulimus
764 1721 808 1795 ad
835 1722 1024 1795 institutum
1049 1736 1200 1795 nostrum
1222 1722 1306 1796 satis

188 1853 263 1926 est,
290 1853 328 1911 ut
352 1863 428 1911 eum
454 1838 541 1911 inter
566 1837 738 1940 doctrinae
770 1837 957 1912 catholicae
982 1837 1172 1912 adsertores
1201 1853 1235 1911 et
1259 1854 1308 1912 te-

186 1970 260 2029 stes
285 1977 543 2040 accenseamus,
563 1978 603 2026 ao
620 1951 672 2027 vel
690 1953 820 2051 magis,
840 1951 932 2053 quod
951 1949 1136 2027 adversarii
1162 1951 1228 2051 ipsi
1250 1968 1308 2026 aut
1334 2023 1342 2032 ,

191 2094 252 2169 pro
283 2094 387 2143 causa
411 2093 475 2141 sua
498 2067 673 2156 omittant,
702 2084 761 2142 aut
784 2067 841 2141 uix
867 2066 1003 2168 quidem
1028 2066 1072 2141 de
1096 2093 1126 2141 s.
1147 2066 1306 2168 Cypriani

188 2197 302 2257 menta
322 2182 513 2282 disceptent
533 2184 621 2277 (56).

703 2350 740 2450 p.
772 2352 805 2421 s.

654 2502 691 2550 Dc
705 2499 842 2550 Lactantio.

261 2632 424 2710 Prolixior
441 2635 632 2710 necessario
648 2636 713 2709 erit
728 2634 930 2733 disceptatio
947 2634 990 2708 de
1003 2634 1185 2723 Lactantio,
1202 2661 1304 2735 quem

185 2750 373 2826 aduersarii
399 2776 517 2825 omnes
542 2750 585 2824 ad
608 2772 750 2825 oausam
775 2777 873 2824 suam
892 2745 1096 2824 fulciendam
1114 2750 1303 2837 adducunt3

187 2864 346 2940 catholici
362 2891 441 2940 vero
458 2865 549 2939 circa
566 2866 641 2940 eius
659 2882 805 2942 mentem
823 2865 987 2966 ancipites
1006 2882 1106 2953 sunt,
1126 2865 1204 2940 aliis
1216 2865 1305 2940 ultro

192 2978 379 3053 latentibus
404 2980 516 3081 ipsum
542 2980 777 3056 dissolutionis
802 2981 990 3079 coniugalis
1019 2980 1144 3055 vinculi
1172 2993 1309 3083 propter'

185 3092 394 3169 adulterium
426 3111 626 3169 assertorem
657 3095 789 3184 luisse,
824 3096 902 3170 aliis
932 3122 1012 3170 vero
1044 3096 1302 3196 refragantibus.

189 3210 344 3284 Promam
370 3209 514 3284 candide
531 3238 620 3311 quae
637 3237 677 3284 ex
695 3227 839 3311 utraque
857 3228 951 3310 parte
969 3210 1199 3310 proferuntur3
1224 3211 1306 3312 quid

188 3324 314 3398 deinde
338 3325 555 3399 verisimilius
580 3324 786 3400 censendum
813 3326 859 3399 sit
883 3352 1060 3424 exponam.

263 3441 381 3540 ltaque
405 3441 501 3541 prius
527 3441 780 3541 praemittamus
808 3467 946 3515 neccsse
973 3456 1026 3516 est
1049 3467 1137 3541 quae
1170 3440 1307 3539 scripsit

189 3557 388 3630 Divinarum
399 3558 641 3630 institutionum
653 3556 713 3629 lib.
730 3557 784 3629 vl.
801 3582 832 3630 c.
851 3558 909 3629 23.
924 3555 1043 3629 «Haec
1061 3570 1158 3642 sunt,
1177 3555 1304 3654 inquit,

186 3697 280 3771 quae
303 3672 346 3745 ad
372 3672 610 3747 continentiam
636 3672 891 3772 praecipiuntur
906 3698 927 3745 a
943 3671 1031 3758 Dec;
1053 3671 1112 3750 scd
1130 3685 1242 3743 umen
1265 3696 1307 3744 ne

187 3788 269 3886 quis
293 3786 408 3863 divina
432 3804 611 3890 praecepta
635 3787 910 3862 circumscribere
928 3813 965 3860 sa
982 3801 1076 3886 putot
1098 3810 1221 3884 possa,
1247 3783 1308 3864 ad-

186 3901 318 3975 duntur
340 3902 419 3992 illa,
447 3920 485 3978 ut
509 3904 620 3979 omnis
645 3902 814 3976 calumnia
839 3917 872 3975 ct
895 3902 1028 3976 occasio
1052 3898 1181 3973 fraudis
1200 3925 1305 3974 remo·

263 4091 314 4155 (54)
330 4092 384 4143 Lib.
400 4094 445 4143 lii.
462 4106 486 4144 n.
501 4095 553 4143 xc.
568 4091 607 4144 ed.
620 4094 698 4142 Maur.
710 4092 787 4142 Paris,
802 4094 870 4141 1716.
882 4103 937 4154 pag.
950 4097 1004 4141 tto.

264 4173 314 4236 (sti
329 4172 369 4224 cl.
386 4172 426 4224 ed.
441 4176 519 4224 Maur.
533 4187 588 4237 pag.
599 4174 631 4223 li.

262 4252 314 4315 (to)
329 4252 418 4317 Reipsa
434 4266 514 4317 neque
529 4252 690 4315 carnutum,
707 4265 787 4316 neque
801 4252 872 4302 coiri
889 4254 933 4303 sut
948 4251 1073 4303 launoius
1088 4251 1143 4301 eius
1159 4250 1307 4302 mmticnem

187 4332 314 4383 inliciunt.
331 4335 359 4383 in
378 4333 481 4397 pagellis
499 4346 557 4384 vero
575 4332 718 4396 theologicis
737 4330 897 4382 cluniensibus
910 4338 978 4383 1811.
990 4343 1102 4382 racemus
1111 4328 1256 4381 bobeuirsd
1267 4340 1307 4379 ra·

187 4414 231 4465 tus
246 4412 357 4465 cuicum
372 4414 518 4477 brentam,
535 4412 602 4477 quod
620 4426 641 4463 s.
651 4412 789 4476 Cyprianus
807 4412 924 4475 loquatur
939 4415 968 4464 in
988 4410 1091 4475 renutu.
1212 4489 1234 4532 *
