3234 5084
380 419 450 490 328
524 440 587 491 ιιι,
598 440 644 492 ιιι.
660 436 747 491 secr.
765 438 895 494 ιιιιιιι.
913 440 952 492 ιι
969 439 1082 493 tuntas.
1100 442 1193 495 ιιιιι.
1210 442 1324 497 cousi.

379 560 502 649 ditum,
531 576 564 632 et
588 558 632 631 ab
656 584 696 632 eo
721 560 775 633 cui
801 556 924 633 tradita
949 560 1076 649 luerat,
1101 561 1187 660 patri
1212 564 1463 652 commendatam,

378 676 485 749 donec
510 690 634 749 statuto
659 673 715 747 die
741 674 774 747 in
801 674 938 750 domum
969 700 1065 750 suam
1098 676 1154 751 ille
1185 677 1377 752 traduceret:
1401 681 1467 755 dieo

378 790 467 890 quod
494 788 641 887 legitimo
658 815 826 864 consensu
845 789 1105 877 interveniente,
1126 817 1166 865 ex
1191 818 1232 865 eo
1248 793 1346 866 statim
1360 795 1467 868 coniux

378 905 496 991 luerit,
516 904 608 1004 quod
626 921 813 1006 spontanea
837 903 1007 979 voluntate
1033 931 1110 979 sese
1134 907 1306 1003 coniugem
1320 932 1384 980 essa
1397 934 1467 982 con·

378 1019 537 1106 senserit,
568 1046 634 1093 non
662 1021 752 1092 onim
778 1020 928 1093 futurum
953 1020 1227 1119 promittebatur,
1253 1021 1309 1093 sed
1333 1047 1467 1121 praesens

378 1132 649 1208 confirmabatur.
680 1135 891 1235 Quapropter
914 1134 1080 1235 quidquid
1108 1161 1184 1208 cum
1203 1134 1268 1209 alia
1285 1137 1469 1235 postmodum

378 1250 567 1324 factumest
583 1250 617 1321 in
636 1249 726 1323 coitu
741 1251 816 1324 sive
839 1250 874 1323 in
899 1251 1114 1349 generatione
1131 1251 1257 1351 prolis,
1278 1267 1361 1325 tanto
1376 1278 1470 1351 repre·

377 1365 581 1439 horribilius
592 1383 645 1439 est
657 1367 861 1454 secundum,
879 1383 1005 1465 quanto
1016 1364 1130 1440 verius
1145 1368 1299 1466 primum.
1314 1366 1469 1441 Constante

377 1481 466 1554 enim
494 1481 620 1581 primo,
648 1499 775 1582 quanto
800 1480 945 1582 amplius
971 1481 1130 1553 inlisum
1152 1481 1378 1570 committitur,
1395 1497 1470 1555 tanto

377 1597 485 1695 magis
509 1596 608 1697 culpa
632 1613 784 1694 augetur.
814 1595 876 1670 flis
901 1622 981 1692 ergo
1006 1596 1169 1692 cognitis,
1191 1595 1288 1669 lacile
1306 1597 1365 1669 erit
1386 1619 1470 1693 nego

377 1714 460 1787 tium
479 1716 705 1813 praesentium
728 1713 844 1787 latoris
863 1729 940 1787 tuae
957 1712 1152 1785 discretioni
1169 1712 1282 1786 debito
1300 1711 1362 1785 fine
1376 1712 1469 1785 termi-

379 1855 460 1903 nate
480 1831 629 1925 (137).»

453 1944 542 2031 Quid
569 1970 668 2044 porro
692 1944 841 2018 decernit
866 1945 900 2015 in
931 1944 996 2018 boe
1026 1944 1228 2019 documento
1259 1939 1471 2017 innocentius?
1508 1974 1530 2005 r

377 2061 449 2136 Non
478 2086 579 2160 posse
613 2086 672 2161 per
703 2060 952 2133 matrimonium
983 2077 1254 2135 consummatum
1284 2059 1469 2158 subsequens

377 2176 489 2248 dirimi
522 2176 772 2250 matrimonium
805 2174 931 2262 ratum,
958 2175 1049 2275 quod
1081 2202 1179 2250 nemo
1213 2175 1389 2273 negaverit.
1414 2173 1469 2244 lam

377 2291 566 2391 veroquid
592 2292 656 2366 hoc
684 2317 861 2366 commune
891 2290 992 2364 babet
1027 2317 1102 2365 cum
1129 2293 1327 2392 quaestione
1355 2285 1471 2363 nostnl

377 2407 469 2480 Nihil
495 2434 646 2509 prorsus.

450 2524 664 2626 Quapropter
688 2544 721 2600 et
747 2526 961 2600 lnnooentiue
985 2526 1044 2598 lll.
1066 2551 1206 2598 ecensu
1226 2523 1412 2600 Pontificum
1427 2516 1474 2591 uli-

378 2659 429 2715 ter
460 2640 678 2716 sentientium
703 2640 928 2743 ¹seponendus
959 2657 1024 2715 eet.
1058 2640 1140 2714 Cum
1174 2667 1254 2715 vero
1279 2639 1340 2714 soli
1364 2638 1396 2709 hi
1418 2651 1473 2708 tres

379 2757 621 2858 perhibeantur
645 2758 816 2833 doctrinae
841 2758 883 2830 de
902 2773 1066 2856 potestate
1083 2752 1256 2856 pontificia
1276 2756 1309 2828 in
1327 2749 1473 2827 solvendis

376 2875 545 2971 coniugiis
579 2874 661 2948 ratis
695 2873 874 2959 contrarii,
908 2870 1126 2972 consequitur
1163 2886 1389 2968 argumentum
1421 2864 1474 2937 hoc

377 2989 469 3061 omni
493 2988 632 3061 destitui
659 2988 888 3062 fundamento.
913 3036 916 3045 =

448 3102 544 3176 Dixi:
568 3103 624 3176 boc
643 3105 729 3176 solor
751 3105 920 3202 perhiberi
937 3106 1010 3178 huic
1028 3104 1191 3178 doctrines
1213 3106 1407 3178 contrarios:
1426 3121 1475 3170 nec

374 3222 464 3296 enim
500 3246 669 3295 moramur
701 3248 786 3322 quas
816 3220 921 3321 aliqui
952 3221 1098 3295 referunt
1132 3220 1327 3296 historiolae
1354 3219 1394 3291 de
1424 3214 1475 3286 lla·

376 3338 496 3413 drian'o
519 3338 573 3410 vl.
595 3356 629 3411 et
653 3338 849 3413 lnnocentio
872 3332 959 3410 llll.
982 3337 1087 3424 Quasi
1101 3360 1227 3436 *nempe
1245 3337 1338 3436 prior
1353 3333 1474 3407 miratus

377 3453 477 3527 luerit
501 3451 544 3526 de
568 3452 748 3541 Caietano,
769 3450 860 3553 quod
887 3452 921 3523 iu
940 3469 1084 3526 mentem
1103 3450 1248 3548 theologi
1270 3451 1354 3524 haec
1369 3440 1477 3521 uenerit

376 3570 562 3656 sententia,
579 3595 619 3643 ac
637 3568 771 3642 undem
790 3567 995 3668 improbitati
1014 3567 1138 3642 cedens
1157 3565 1359 3667 postulantis
1374 3562 1477 3635 direm-

376 3685 524 3785 ptionem
551 3684 775 3786 responderit,
797 3710 834 3757 se
852 3684 933 3756 dare
949 3682 1041 3781 quod
1060 3699 1192 3782 posset,
1213 3682 1277 3755 etsi
1297 3696 1476 3780 persuasum

376 3800 515 3874 baberet
531 3827 569 3874 se
587 3798 670 3873 nihil
692 3824 804 3899 posse.
835 3794 926 3872 llaec
942 3799 1033 3870 enim
1052 3796 1174 3873 labella
1191 3797 1306 3896 seipsa
1323 3791 1474 3868 conlatu}

375 3942 453 3989 nam
480 3915 636 4013 ignorare
658 3940 728 3989 non
756 3930 884 4014 poterat
908 3913 1028 3986 doctus
1053 3928 1087 3985 et
1113 3913 1190 4010 pius
1216 3911 1272 3984 bic
1298 3906 1477 3983 Pontilera

376 4030 694 4132 praedecessoribus
720 4030 793 4104 euis
820 4029 965 4102 ldartino·
984 4020 1077 4099 ll.et
1101 4020 1253 4123 Eugenio
1270 4025 1324 4095 Ν.
1349 4021 1479 4116 aliisque

377 4164 455 4246 post
486 4174 545 4222 eos
576 4147 689 4220 domm
723 4144 891 4219 eiusmodi
925 4142 1214 4243 dispensationem
1243 4130 1369 4225 fuisse3
1401 4128 1481 4207 nulla

377 4264 518 4363 proinde
541 4264 573 4365 pi
600 4262 686 4336 ratio
711 4260 911 4362 suppetebat
935 4250 1184 4345 admirationis,
1204 4255 1294 4357 quod
1311 4254 1480 4328 Caietanut

448 4376 516 4479 (tlt)
532 4400 601 4477 apud
622 4370 816 4463 numeratae
833 4370 872 4460 vl.
890 4412 987 4475 pontt.
1002 4404 1050 4459 col.
1067 4410 1133 4458 ttto.
1161 4394 1163 4405 '
1424 4384 1427 4389 ’
