3234 5084
310 451 380 502 cir.
396 450 431 500 u.
454 450 731 501 serumserum.
748 450 780 500 ut
793 449 884 500 cius.
900 449 1014 499 inum.
1030 451 1101 500 iar.
1120 449 1143 499 i.
1222 427 1292 499 itt

178 571 304 643 citeum
312 560 496 657 moechari,
509 569 631 668 profert
644 569 679 639 in
693 569 931 641 commentario
946 568 979 638 in
989 568 1192 641 Matthaeurn
1202 571 1233 663 (1
1241 571 1292 663 h);

177 702 278 785 aque
302 712 344 758 ex
369 684 486 758 Matth.
508 685 595 756 xiii.
618 687 652 755 9.
682 686 770 779 (16).
800 685 855 757 Sic
878 684 978 757 otiam
1001 682 1225 757 Tertullianus
1250 684 1297 757 ita

177 799 272 873 effert
296 798 479 873 Salvatoris
498 799 603 872 nostri
624 797 727 872 verba
746 824 786 870 ex
804 798 921 871 Matth.
942 799 979 870 V.
1003 800 1061 871 ui.
1085 796 1179 884 «Qui
1197 798 1297 871 dimi-

178 914 261 988 serit
289 939 426 986 nxorem
454 938 550 986 suam
581 928 711 1011 praeter
740 937 878 985 causam
908 909 1085 999 adulterii,
1114 911 1297 986 faciteam

178 1029 378 1117 adulterari;
408 1054 514 1127 aeque
540 1025 673 1102 adulter
696 1044 851 1100 censetur
876 1043 908 1098 et
934 1027 1011 1114 ille,
1039 1027 1097 1125 qui
1119 1026 1297 1100 dimissam

179 1144 295 1217 aviro
318 1142 451 1216 duxerit
480 1145 600 1237 (17).»

252 1260 301 1331 Ex
323 1259 378 1332 his
404 1285 471 1333 non
497 1258 606 1332 solum
629 1258 793 1331 hahemus
819 1273 965 1346 veteres,
986 1283 1113 1356 eosque
1129 1259 1297 1359 antiquis-

179 1376 284 1448 simos
309 1373 434 1447 Christi
459 1372 562 1446 verba
586 1398 662 1447 cum
681 1373 814 1446 adiectu
835 1372 988 1446 clausula
1007 1388 1141 1471 eccepto
1158 1374 1299 1472 semica-

182 1492 279 1561 tionia
298 1515 398 1561 causo
415 1488 586 1576 attulisse,
607 1488 760 1589 adeoque
777 1489 826 1561 uti
844 1488 990 1586 genuina
1011 1487 1176 1561 eiusmodi
1196 1487 1297 1561 rerba

180 1603 336 1676 habenda
361 1629 454 1691 esse,
474 1603 709 1676 verumetiam
729 1601 892 1677 hahemus
910 1601 1050 1675 alteram
1068 1601 1298 1675 difficultatem

179 1744 219 1790 ex
241 1717 418 1790 Marcionis
437 1716 639 1814 allegatione
656 1716 753 1815 apud
779 1715 1020 1789 Tertullianum
1042 1715 1179 1813 petitam
1198 1715 1298 1816 plane

180 1832 338 1907 solutam.
362 1832 493 1904 Etenim
518 1847 555 1904 ut
580 1847 672 1931 patet
696 1858 736 1905 ex
761 1831 917 1905 adductis
944 1830 1137 1903 Tertulliani
1162 1829 1294 1917 uerbis,

181 1947 345 2021 hahemus
373 1946 417 2019 ah
441 1973 482 2020 eo
507 1973 667 2046 expresse
691 1948 840 2044 agnitam
867 1972 941 2020 eam
961 1944 1149 2020 clausulam
1172 1946 1294 2033 luisse,

180 2090 268 2164 quae
291 2090 312 2136 a
336 2062 471 2136 Christo
495 2063 652 2161 apposita
671 2078 734 2136 est.
764 2062 862 2148 Quod
888 2062 918 2136 si
945 2062 1092 2136 Marcion
1115 2087 1189 2135 eam
1213 2063 1298 2136 omi·

181 2178 244 2265 sit,
266 2177 351 2250 ratio
367 2192 438 2263 est,
459 2176 541 2276 quia
559 2178 590 2249 is
607 2202 711 2248 unum
730 2175 926 2249 admittebat
943 2176 1051 2250 Lucae
1067 2176 1296 2274 evangelium,

182 2292 335 2392 illudque
359 2291 579 2376 decurtatum,
601 2316 661 2364 sen
680 2291 936 2391 interpolatum,
965 2307 1002 2364 ut
1021 2292 1133 2392 ipsum
1151 2291 1300 2365 reiense

182 2407 464 2494 accommodaret;
485 2432 583 2507 porro
602 2407 637 2479 in
656 2406 828 2503 evangelio
842 2406 948 2479 lucae
964 2406 1129 2480 eiusmodi
1147 2406 1301 2480 clausula

184 2548 250 2596 non
272 2520 435 2608 hahetur;
458 2537 492 2593 et
513 2547 554 2593 cx
580 2522 669 2594 Luca
695 2520 833 2620 protulit
854 2521 1082 2594 testimonium
1100 2521 1246 2594 Marcion
1265 2522 1300 2592 in

184 2637 313 2711 obiecto
338 2637 430 2725 loco,
457 2655 494 2711 ut
519 2636 690 2709 Christum
710 2638 817 2737 Moysi
838 2637 1069 2710 adversantem
1095 2636 1295 2711 traduceret.

256 2752 307 2825 id
331 2753 365 2825 id
387 2752 478 2853 quod
499 2753 595 2826 tertio
612 2752 686 2826 loco
706 2751 822 2826 subdit
844 2754 940 2850 liger
955 2752 1120 2840 dicimus,
1141 2778 1207 2826 non
1225 2780 1302 2827 esse

186 2868 251 2940 nisi
276 2893 402 2941 meram
426 2867 671 2954 coniecturam,
700 2892 787 2966 quae
812 2894 853 2941 en
879 2866 1034 2941 adductis
1060 2883 1191 2967 patrum
1215 2870 1302 2941 anti-

185 2983 426 3082 quissimomm
452 2981 652 3056 testimoniis
677 2982 776 3082 plane
800 2984 971 3056 evertitur.
995 2984 1078 3056 Nam
1100 3000 1211 3084 patras
1229 3010 1302 3085 pro

185 3099 315 3171 miscuo
338 3115 371 3171 et
395 3124 434 3171 ex
455 3124 531 3198 cap.
552 3099 589 3170 V.
610 3116 700 3172 etex
717 3125 792 3198 cap.
815 3100 901 3173 iix.
927 3099 1084 3172 Matthaei
1105 3100 1208 3174 verba
1225 3126 1302 3199 pro-

186 3228 300 3299 munt,
328 3211 488 3312 nullaque
516 3229 568 3287 est
592 3213 677 3287 ratio
701 3240 806 3313 quare
832 3213 898 3287 dici
924 3230 1024 3312 queat
1049 3240 1089 3287 ex
1115 3240 1190 3314 cap.
1211 3215 1298 3286 xix.

187 3329 221 3400 in
244 3344 348 3428 caput
370 3329 407 3399 i.
436 3327 622 3402 clausulam
647 3328 690 3402 de
711 3356 780 3429 qua
804 3330 936 3428 agimus
958 3329 1154 3404 translatam
1175 3330 1298 3417 luisse;

187 3443 383 3542 praesertim
408 3468 484 3517 cum
510 3443 556 3515 sit
580 3458 694 3516 contra
715 3443 816 3516 iidem
840 3444 1013 3530 codicum,
1036 3444 1094 3544 qui
1113 3459 1303 3520 constanter

187 3556 365 3657 utrobique
388 3583 463 3631 eam
485 3556 752 3653 exhiheut(18).

261 3774 312 3833 (tt)
328 3774 399 3822 Tom.
415 3775 482 3822 niv.
499 3786 524 3823 n.
539 3772 826 3834 medinacoeli.
846 3765 879 3822 Ei
901 3764 1033 3822 ἀπολύσει
1053 3768 1098 3825 τήν
1123 3769 1240 3836 γυναῖκα
1258 3766 1305 3821 αὖ·

184 3844 231 3898 τοῦ
241 3845 369 3914 παρεκτὸς
387 3845 469 3916 λόγου
483 3847 629 3917 conpetat,
642 3845 714 3899 ποιεῖ
730 3843 813 3904 αότήν
829 3846 1016 3920 μοιχευθῆναι.
1031 3854 1162 3904 utiterum
1177 3866 1201 3916 p.
1214 3856 1269 3903 848.

263 3930 314 3992 (it)
329 3929 393 3980 ibid.

262 4009 312 4071 (ti)
327 4009 381 4059 iib.
396 4012 437 4059 iv.
450 4013 519 4061 cont.
531 4013 658 4062 Marcion.
671 4024 693 4061 c.
706 4014 815 4061 iiiiiiiv.
827 4012 867 4063 cd.
879 4014 956 4063 Paris.
972 4019 1037 4065 isto.
1050 4015 1160 4076 ptam.
1173 4010 1299 4061 etiterum

183 4087 209 4137 in
225 4087 598 4154 inhumanationem.
613 4098 685 4141 tros.

263 4168 313 4228 (re)
326 4170 390 4218 sane
409 4169 561 4220 wetstenine
581 4170 606 4219 in
618 4170 704 4221 critica
713 4185 757 4222 ena
766 4173 906 4223 recensione
916 4174 984 4224 licui
995 4172 1144 4224 testamenti
1154 4176 1241 4236 crocet
1251 4176 1306 4221 tm·

185 4246 274 4297 ateioti.
292 4251 360 4298 titt.
373 4249 506 4311 utrumque
524 4249 607 4299 iocum
626 4263 675 4300 nna
694 4264 751 4301 cnm
771 4250 867 4302 adiecta
887 4248 1305 4314 cinurniaretinnit.idiptu1nie·

183 4320 218 4375 'cit
237 4326 413 4377 eusthathius
424 4326 464 4378 eri.
477 4330 520 4378 iii.
535 4329 641 4379 Beroiin.
659 4336 727 4381 itti.
741 4343 770 4380 er
786 4343 847 4381 cura
861 4334 891 4381 li.
904 4332 1008 4393 Schei23
1027 4331 1074 4381 nisi
1096 4329 1163 4394 qnod
1183 4330 1210 4380 in
1230 4331 1300 4382 tau

186 4408 271 4457 itattir.
284 4409 348 4457 111.
361 4414 384 4458 9.
394 4408 488 4459 onius
498 4408 643 4474 particulam
655 4403 678 4458 ιί
691 4410 722 4460 rie
744 4424 793 4474 qut
814 4416 906 4475 potua.
