3234 5084
300 435 372 486 ffl-
383 434 430 486 111.
442 435 482 486 DE
500 435 597 487 SENSU
615 434 706 485 rltnlt.
717 435 780 486 cut.
793 436 907 488 lNhlSS.
921 437 1016 488 narn.
1032 438 1103 522 llll·
1116 438 1141 488 1.
1225 416 1293 488 279

183 553 296 626 altem
313 552 440 653 placuit
456 568 511 643 ut,
530 554 669 626 resoluto
685 553 910 652 fornicationis
922 580 1022 630 causo
1034 556 1143 654 {opali
1153 557 1296 644 vinculo,

181 698 249 745 non
273 673 372 748 licoat
395 674 487 761 viro,
517 672 681 773 quamdiu
716 673 868 749 adultera
893 676 992 763 vivit,
1028 674 1130 748 aliam
1163 701 1300 749 uxorem

178 786 316 874 ducere,
332 789 409 864 licet
422 789 467 862 sit
479 787 539 863 illa
551 788 703 862 adultera
719 792 832 886 (66).»
842 790 1119 866 Animadvertunt
1136 792 1171 863 2.
1184 791 1220 863 in
1232 792 1301 865 edi·

181 904 272 979 tione
288 905 469 980 florentina
485 906 663 980 annoto.
681 905 783 981 huius
801 906 914 1006 operis
933 907 984 979 sic
1000 907 1111 981 efferri
1129 905 1300 982 obiectum

180 1033 326 1094 textum:
343 1020 542 1121 «Praecepit
559 1020 649 1093 Deus
667 1046 733 1094 non
755 1021 878 1093 dimitti
894 1047 1054 1109 uxorem,
1075 1022 1142 1095 nisi
1161 1023 1302 1096 crimine

178 1136 340 1210 adulterii
359 1136 545 1225 devictam,
566 1151 598 1210 et
615 1163 798 1236 numquam
817 1137 1005 1235 coniugalis
1025 1137 1170 1211 foederis
1187 1138 1302 1212 vincu-

181 1248 273 1338 lum,
302 1253 364 1324 etsi
386 1251 530 1351 perfidia
556 1252 710 1351 ruperit,
741 1252 927 1327 resolvatur
943 1255 1057 1348 (66).»

250 1365 345 1452 Quae
357 1364 495 1466 quidem
509 1365 539 1440 si
552 1365 595 1438 ad
609 1367 753 1440 inuicem
767 1366 992 1455 conserantur,
1004 1381 1096 1467 patet
1107 1364 1207 1464 longe
1218 1392 1304 1439 verr·

181 1480 380 1555 similiorem
393 1480 526 1556 illorum
539 1482 739 1555 sententiam
751 1508 841 1570 esse,
862 1483 922 1583 qui
939 1482 1147 1557 contendunt
1164 1482 1301 1555 Lactan-

180 1595 266 1670 tium
292 1596 335 1670 de
357 1595 430 1669 sola
450 1595 674 1671 dissolutione
694 1598 807 1698 quoad
829 1612 938 1670 torum
964 1612 998 1670 ct
1021 1595 1303 1671 cohabitationem

178 1737 259 1786 esso
283 1710 454 1799 locutam,
483 1712 519 1784 in
543 1738 688 1812 quorum
715 1712 916 1787 sententiam
937 1728 972 1786 et
997 1739 1060 1787 nos
1085 1710 1304 1786 concedimus

181 1841 295 1926 utpote
324 1826 382 1925 qui
414 1825 620 1900 firmioribus
650 1826 857 1924 argumentis
892 1826 966 1900 sulti
1000 1825 1190 1901 videantur.
1214 1823 1303 1911 Quin

182 1942 282 2016 etiam
307 1940 508 2014 arbitramur
532 1939 643 2015 levius
668 1940 770 2015 nimis
792 1941 972 2015 nonnullos
990 1941 1199 2015 lactantium
1217 1939 1304 2013 inter

183 2056 369 2131 contrariae
392 2055 565 2130 doctrinae
591 2070 747 2154 patronos
777 2081 972 2143 recensere,
1000 2080 1146 2154 eumque
1172 2053 1237 2127 hac
1262 2052 1305 2127 de

184 2195 287 2245 causa
314 2170 470 2245 deserere
494 2173 584 2266 (67),
613 2197 690 2243 cum
716 2170 800 2243 nihil
827 2197 888 2245 eos
915 2171 957 2244 ad
984 2169 1049 2244 hoo
1074 2184 1192 2268 cogat,
1221 2168 1304 2268 quin

187 2285 296 2383 potins
309 2283 407 2385 plura
420 2283 586 2358 suadeant
598 2310 675 2358 cum
689 2284 774 2357 inter
787 2301 971 2359 assertores
984 2282 1170 2359 catholicae
1182 2282 1304 2358 doctri·

185 2424 247 2476 nae
262 2400 498 2474 adnumerare.
510 2398 599 2472 Hinc
611 2399 741 2473 Natalis
759 2398 863 2487 alem,
878 2400 931 2473 vir
949 2400 986 2471 in
1005 2399 1205 2498 antiquitate
1222 2425 1303 2471 cnu-

183 2514 325 2590 clcanda
349 2515 605 2603 solertissimus,
635 2516 798 2589 Lactantii
824 2515 1020 2589 auctoritate
1044 2513 1150 2588 utitur
1175 2513 1219 2586 ad
1247 2512 1307 2585 ad-

184 2632 379 2708 struendam
398 2631 601 2707 catholicam
627 2631 800 2706 varitatcm
818 2633 908 2727 (68).

673 2854 713 2953 p.
742 2853 798 2924 ιιι,
865 2823 869 2824 ἢ

576 3031 614 3080 Do
627 3030 735 3081 concillo
749 3030 907 3081 llllherilano.

260 3186 409 3274 Quatuor
426 3189 460 3261 in
479 3189 544 3263 hoc
564 3188 793 3265 vetustissimo
811 3189 954 3265 concilio
974 3192 1048 3286 (66)
1069 3187 1150 3261 editi
1164 3201 1243 3260 sunt
1260 3186 1304 3259 de

184 3302 396 3377 matrimonio
417 3329 585 3391 canones;
613 3319 692 3378 sunt
716 3321 828 3379 autam
852 3305 939 3377 Vlll.
970 3305 1084 3377 «Item
1110 3302 1302 3387 foeminae,
1415 3336 1418 3342 ¹

258 3522 309 3587 (ot)
326 3528 372 3575 An.
387 3529 442 3576 791.
453 3525 569 3576 celebrat.
581 3524 648 3589 apud
660 3524 781 3576 Hsrdntn.
793 3528 860 3578 Actu
869 3523 964 3576 corwtl.
976 3525 1037 3574 tom
1050 3525 1094 3572 lv.
1106 3521 1154 3572 col.
1166 3527 1220 3573 sco.

259 3604 310 3669 (to)
325 3606 401 3657 lnad.
409 3605 587 3658 roransllone
596 3605 772 3658 calceastis
782 3606 887 3658 hahetur
898 3603 1100 3665 {sodomiticam
1111 3604 1161 3652 «nt
1171 3612 1307 3663 numquam

181 3683 437 3747 coniugal'atocdsris
449 3684 593 3747 vincutum,
604 3686 785 3749 ntstrupcrtt,
802 3684 969 3746 resolutum»
989 3680 1034 3732 ubl
1052 3680 1122 3731 deest
1136 3677 1306 3744 porfidtcaet.

185 3760 233 3810 tol.
244 3769 297 3813 tto.
307 3765 385 3828 tergo

259 3842 309 3905 (67)
324 3845 391 3894 lntcr
400 3857 464 3909 quos
471 3847 532 3897 runt
541 3846 623 3896 colret
635 3845 662 3895 in
672 3846 758 3896 mot.
767 3843 801 3895 de
809 3845 928 3894 mctrtoa
934 3854 989 3906 rap.
999 3843 1030 3892 V.
1038 3854 1064 3891 ιι
1074 3843 1127 3892 297.
1136 3838 1306 3899 Liebermann,

184 3923 278 3986 mer
286 3922 377 3988 nlthnc
385 3937 416 3975 cr
426 3926 602 3978 recentioribus
613 3925 679 3990 apud
689 3925 837 3987 aanovtny
853 3923 878 3988 §.
891 3930 946 3974 trs.

259 4002 310 4067 (⁶⁸)
327 4003 446 4069 Theodec.
465 4006 550 4070 docto.
563 4006 608 4057 lib.
619 4008 652 4056 11.
665 4009 702 4058 lte
712 4008 830 4057 marom.
844 4001 1096 4068 propnetam
1116 3998 1251 4050 undarent
1267 4010 1309 4061 op.

182 4082 293 4147 616668·
306 4086 635 4150 61966666666606161.
648 4089 760 4138 Necnon
774 4083 1023 4137 Fredvcttendom
1033 4082 1114 4146 quita
1124 4092 1179 4132 can.
1189 4081 1310 4130 thccue.

183 4160 294 4213 ilhtortt.
307 4164 357 4215 lats
365 4164 397 4217 de
407 4167 537 4218 Lactantio
547 4166 664 4231 dhsadt,
679 4162 1021 4231 enmonoctrcnuedatoudit.
1034 4160 1199 4213 eleardus
1211 4158 1312 4223 tgnirrs

184 4239 212 4290 ln
224 4241 334 4295 collect.
343 4256 418 4296 mac.
433 4258 506 4297 conc.
517 4245 586 4311 ttsp.
598 4249 662 4297 tom.
673 4247 694 4296 1.
704 4259 758 4310 pag.
774 4253 822 4297 aaa
832 4257 886 4307 seo.

259 4323 310 4385 (oc)
325 4328 396 4375 Anno
410 4326 480 4376 lnrtn
501 4327 568 4378 card.
581 4328 619 4378 Dc
631 4326 735 4391 Agnlrrc
749 4331 804 4377 cot.
823 4327 917 4388 nempe
930 4326 995 4375 xlx.
1010 4323 1071 4386 imp.
1085 4319 1254 4383 Diocletiani,
1271 4331 1312 4369 ur·

183 4402 259 4462 ΜΘ
277 4401 360 4455 adhuc
373 4405 551 4468 muccuttoua
574 4406 614 4458 ct.
632 4406 754 4459 amat
771 4408 810 4458 lte
830 4407 945 4471 tctrtporc
959 4401 1086 4456 retem
1100 4401 1174 4453 tutus
1184 4397 1290 4452 mndltt.
