3234 5084
367 456 437 509 cnr.
450 456 487 508 ιι.
497 456 538 507 ns
551 455 726 508 sauream
743 454 941 519 murmure.
957 456 1028 509 nur.
1039 458 1062 508 r.
1227 436 1271 509 'ld

165 579 228 652 isto
250 575 474 650 montanistas
494 574 666 650 novatiani
679 573 811 650 'imitati
831 574 923 650 sunt.
944 575 1014 651 flos
1030 576 1148 649 omnes
1167 576 1274 651 eoeta

163 693 215 767 sia
239 689 409 765 catholica
433 690 616 766 damnavit.
1261 690 1265 697 '

234 806 327 882 Licet
348 822 462 881 autem
486 805 629 882 ecclesia
653 804 820 882 eiusmodi
845 830 991 883 onorem
1017 805 1271 907 proscripserit,

162 935 308 996 attamen
320 920 435 995 minus
452 947 585 1022 semper
603 920 806 1022 propensam
820 947 857 995 se
869 921 1021 996 exhibuit
1040 948 1120 1021 erga
1138 923 1276 1023 nuptias

159 1037 373 1111 suwessiras
399 1037 596 1136 praesertim
620 1037 735 1112 tertias
756 1052 790 1110 et
811 1035 1000 1111 ulteriores.
1019 1039 1108 1110 Dum
1133 1039 1275 1138 proinde

158 1177 284 1252 magno
300 1152 568 1253 prosequebatur
583 1152 710 1228 honore
727 1152 863 1255 nuptias
882 1154 1008 1254 primas
1025 1153 1271 1244 benedictione,

158 1267 394 1356 peremtione,
409 1267 555 1368 aliisque
567 1268 734 1343 eiusmodi
747 1268 887 1356 ritibus,
903 1282 1031 1343 ceterae
1048 1286 1163 1343 contra
1179 1270 1276 1345 hisee

157 1382 466 1482 significationibus
491 1383 631 1459 honoris
654 1382 912 1484 sanctitatisque
934 1383 1100 1484 privavit,
1121 1385 1172 1459 uti
1188 1383 1275 1459 alias

157 1497 381 1599 exposuimus
398 1501 462 1595 (1);
475 1513 530 1572 ast
540 1525 726 1599 numquam
743 1525 801 1574 eas
818 1499 958 1575 omnino
974 1498 1162 1601 prohibuit;
1179 1525 1276 1599 prae·

157 1615 276 1691 sertim
301 1613 444 1690 ccclesia
467 1613 585 1688 latina.

230 1732 354 1805 Verum
370 1730 573 1805 severiorem
590 1730 712 1829 iugiter
724 1729 789 1805 hac
801 1730 837 1803 in
855 1756 892 1804 re
908 1756 947 1805 se
961 1729 1115 1805 exhibuit
1131 1728 1276 1807 ecclesia

154 1872 292 1948 graeca.
309 1847 394 1921 Nam
412 1846 545 1935 tertias,
565 1846 764 1946 praesertim
788 1870 868 1922 raro
893 1864 1033 1947 quartas
1057 1848 1195 1949 nuptias
1212 1848 1276 1923 im·

155 1962 335 2064 probarit3
364 1988 431 2036 non
457 1961 549 2061 quod
575 1962 720 2035 senserit
743 1987 802 2036 eas
827 1962 966 2038 omnino
989 1988 1031 2037 ac
1054 1961 1210 2038 absolute
1233 1962 1276 2037 il·

156 2076 294 2165 licitns‚
321 2076 382 2151 sed
407 2077 444 2149 in
470 2075 727 2151 detestationem
758 2076 1022 2151 incontinentiae
1049 2104 1152 2178 quam
1177 2104 1276 2179 prae-

156 2194 287 2269 seferre
307 2191 509 2267 videbantur
532 2193 592 2292 qui
618 2191 741 2292 priori,
761 2191 867 2266 multo
891 2188 970 2267 uero
994 2195 1123 2293 magis,
1144 2196 1205 2295 qui
1222 2220 1277 2271 se-

155 2309 296 2399 cunda,
325 2323 385 2383 aut
408 2306 506 2382 tertia
530 2332 635 2381 uxore
658 2306 728 2380 rita
752 2307 868 2382 luncta
891 2307 993 2383 aliam
1018 2309 1190 2384 ducerent.

233 2422 352 2512 Quoad
376 2423 579 2499 vetustiores
604 2421 784 2498 nonnullos
810 2438 940 2523 patres,
969 2424 1141 2499 latendum
1158 2442 1212 2502 est
1227 2427 1276 2500 in·

157 2541 293 2616 tardum
317 2566 376 2616 eos
399 2540 520 2615 durius
544 2537 648 2613 nimis
672 2537 801 2615 locutos
831 2538 960 2626 luisse,
988 2565 1029 2613 ac
1052 2540 1200 2639 benigna
1227 2543 1277 2616 in-

156 2657 399 2757 terpretatione
424 2653 646 2731 emolliendas
671 2678 787 2729 eorum
812 2652 997 2737 locutiones
1021 2680 1110 2729 esse.

232 2772 297 2847 llis
311 2771 369 2845 rix
385 2770 502 2847 leuiter
524 2770 709 2869 generatim
734 2769 909 2857 delibatis,
932 2767 1102 2845 distinctis
1124 2771 1277 2847 articulis

138 2910 303 2988 'agemus
326 2888 438 2987 primo
459 2885 503 2959 de
527 2882 687 2961 secundis
713 2882 867 2986 nuptiis,
896 2885 1020 2960 deinde
1043 2885 1087 2961 de
1111 2884 1278 2961 ulteriori·

156 3006 226 3081 bus
243 3005 288 3079 ad
304 3003 547 3080 vindicandam
563 3000 729 3076 ecclesiae
749 3002 935 3078 catholicae
951 3003 1155 3092 doctrinam,
1176 3020 1278 3105 etque

156 3120 314 3196 eiusdem
333 3117 551 3219 disciplinam
578 3112 793 3218 potissimum
820 3118 983 3193 aduersus
1008 3144 1147 3217 graecos
1167 3119 1278 3195 schis-

156 3236 315 3311 mationa.

239 3346 429 3425 Ecclesiam
463 3362 654 3423 constanter
686 3342 889 3448 praetulisse
918 3347 1115 3423 viduitatem
1149 3349 1277 3424 iteratis

159 3465 293 3566 nuptiis
318 3463 490 3565 explorata
515 3489 571 3537 res
594 3478 658 3536 est.
683 3460 737 3536 Ex
762 3456 921 3538 omnibus
950 3462 1041 3535 enim
1066 3460 1140 3536 eins
1165 3463 1274 3551 actis,

158 3608 203 3657 ex
227 3580 365 3680 scriptis
390 3592 521 3679 patrum
546 3594 581 3653 et
604 3579 832 3652 monumentis
857 3577 1096 3652 ecclesiasticis
1122 3577 1157 3651 id
1183 3578 1278 3652 lucu-

157 3695 269 3770 lenter
292 3709 396 3795 patet.
422 3692 596 3794 Siquidem
622 3720 663 3768 en
688 3692 731 3766 iis
756 3707 886 3767 constat
909 3691 961 3767 rel
987 3718 1008 3766 a
1032 3693 1105 3768 suis
1136 3692 1278 3767 incuna-

157 3809 241 3884 bilis
267 3835 391 3908 magno
415 3808 542 3883 honore
562 3807 738 3882 ecclesiam
758 3807 865 3881 luisse
885 3822 1096 3908 prosecutam
1114 3834 1172 3881 aas
1190 3833 1278 3907 quae

25 3954 26 4009 ζ
158 3925 372 4001 rereoiducs
389 3924 535 4000 luissent
546 3951 587 3999 ac
598 3924 776 4011 dnobus,
796 3940 836 3998 ut
852 3923 1000 4024 loquitur
1010 3923 1191 4024 Apostolus
1208 3926 1273 4021 (2).

25 4028 26 4055 l
160 4042 229 4117 Eas
255 4043 491 4142 episcoporum
516 4066 556 4115 ac
580 4039 852 4143 presbyterorum
878 4039 1110 4141 providentiae
1130 4040 1278 4115 commit·

162 4155 272 4247 lebat,
289 4173 328 4233 ut
339 4182 456 4232 curem
472 4155 624 4257 ipsarum
641 4155 869 4257 susciperent3
889 4154 1087 4231 admittebat
1103 4154 1147 4230 ad
1166 4170 1278 4231 votum

236 4346 273 4410 (1)
288 4344 344 4397 Hb.
356 4346 377 4395 Ι.
390 4346 450 4395 sect.
461 4346 481 4394 Ι.
493 4356 549 4408 esp.
560 4345 605 4396 lv.
614 4346 663 4396 nrt.
677 4346 709 4395 ΙΙ.

235 4426 270 4491 (t)
286 4423 499 4476 l.‘l'truotb.v.5.
616 4502 620 4511 1
