3234 5084
281 470 352 523 orn.
371 468 949 523 1.aenrn.oamntas.utrn.trsor.
967 468 1038 522 nne.
1053 468 1168 524 nonne
1225 450 1295 523 loll

178 604 340 665 mentum.
362 590 446 662 Nam
472 587 502 663 si
526 610 569 662 aa
585 588 674 663 ratio
693 586 1034 689 quidpiamualaret,
1048 588 1302 664 matrimonium

179 730 288 806 neque
311 703 527 791 naturaliter,
542 728 654 804 neque
681 718 781 804 prout
806 718 859 777 ast
884 721 1130 781 sacramentum
1157 702 1307 779 indisso·

178 821 283 896 lubila
308 820 377 895 dici
407 806 568 906 deberet,
590 845 694 919 quum
724 820 826 893 etiam
851 819 1101 894 matrimonium
1129 834 1238 893 ratum
1265 820 1307 894 fi-

178 935 305 1009 delium
329 934 472 1009 dissolvi
498 935 617 1035 possit.
635 935 677 1008 Ut
693 935 943 1009 matrimonium
970 935 1168 1012 naturaliter
1195 932 1305 1011 indis·

179 1051 329 1126 solubile
352 1050 499 1137 dicatur,
516 1050 643 1125 suffieit
666 1067 704 1124 ot
728 1051 763 1123 iu
789 1075 902 1123 rerum
919 1066 1039 1124 natura
1063 1051 1158 1126 nulla
1173 1052 1226 1126 ris
1245 1053 1301 1138 sit,

178 1192 267 1269 quae
280 1168 390 1267 possit
412 1165 496 1239 illud
516 1166 693 1254 dirimere,
710 1167 869 1271 quamvis
888 1181 1028 1240 naturae
1041 1166 1165 1241 Auctor
1179 1166 1214 1240 id
1228 1194 1305 1268 pos·

179 1281 243 1369 sit;
269 1280 553 1382 quemadmodum
570 1296 605 1355 et
624 1281 694 1355 alia
710 1280 809 1381 plura
834 1271 928 1354 iuxta
944 1297 1085 1355 naturae
1101 1281 1209 1380 Ιοςοω
1226 1274 1303 1356 llari

179 1413 369 1499 nequeunt,
390 1423 478 1498 quae
496 1414 609 1472 teman
627 1397 697 1472 Deo
717 1397 795 1498 ipso
811 1397 1025 1497 permittente
1038 1384 1304 1473 et‘votante'fiari

180 1529 337 1614 possunt.
358 1513 468 1614 Atque
488 1529 525 1587 ut
542 1513 610 1588 alio
635 1513 735 1588 otiam
757 1513 911 1614 exemplo
928 1500 1084 1602 utamur,
1101 1514 1216 1588 anima
1239 1512 1303 1589 lno-

182 1630 286 1705 minis
312 1629 512 1703 naturaliter
540 1628 806 1729 incorruptibilis
841 1643 874 1702 et
899 1628 1099 1703 immortalis
1122 1615 1248 1703 dicitur
1271 1645 1308 1704 et

180 1760 250 1835 est,
276 1744 358 1845 quia
383 1742 477 1819 nulla
501 1761 554 1819 ast
577 1744 761 1819 intrinseca
785 1728 1009 1851 comptionis
1040 1768 1164 1833 cansa,
1194 1743 1306 1818 nulla-

182 1886 251 1961 que
274 1861 330 1935 ris
354 1876 494 1934 naturae
518 1886 607 1961 quaa
631 1885 706 1935 eam
730 1860 842 1959 possit
865 1860 1055 1949 damae,
1083 1860 1162 1937 lieet
1182 1886 1243 1960 par
1267 1884 1306 1934 sa

177 1975 305 2050 Aucwr
320 1991 461 2049 naturae
478 1974 514 2048 id
538 1975 650 2049 lacere
667 1988 795 2075 posset:
819 2000 861 2049 en
880 1999 922 2049 eo
947 1989 1060 2049 autem
1086 1974 1177 2075 quod
1195 1974 1300 2064 Deus,

178 2089 288 2164 indito
304 2084 449 2163 naturali
473 2088 733 2164 immortalitatis
754 2104 787 2163 et
810 2087 983 2163 lelicitatis
1006 2090 1178 2190 appetitu,
1196 2104 1306 2165 osten·

177 2206 267 2280 derit
296 2204 396 2279 said
421 2228 610 2305 numquam
639 2205 804 2278 lucturum
832 2204 925 2304 quod
954 2204 1108 2280 absolute
1134 2204 1305 2305 loquendo

179 2322 290 2397 lacere
308 2320 497 2421 potuisset,
517 2347 585 2395 non
603 2304 758 2420 sequitur
780 2320 929 2394 animam
954 2345 1021 2394 non
1046 2345 1125 2395 esse
1145 2321 1306 2396 intrinse-

178 2450 299 2510 cusat
325 2435 522 2509 naturaiiter
550 2435 857 2536 incorruptibilem,
888 2436 1040 2537 adeoquo
1064 2436 1140 2510 aius
1166 2437 1305 2511 immor·

178 2550 341 2625 talitatem
367 2576 388 2624 a
414 2550 488 2625 sola
512 2550 574 2624 Dei
598 2549 770 2625 voluntate
790 2550 937 2649 positiva
958 2550 1126 2650 pendere;
1154 2549 1216 2624 sed
1242 2574 1300 2624 so—

178 2664 249 2738 lum
275 2667 453 2767 sequitur,
474 2666 622 2740 animaru
645 2690 735 2766 quae
758 2682 880 2739 natura
901 2691 964 2739 sua
981 2664 1181 2740 immortalis
1202 2681 1255 2740 est
1270 2680 1305 2740 et

179 2781 457 2884 incorruptibilis,
473 2806 659 2882 numquam
685 2781 892 2857 destructum
919 2782 1090 2882 iriaeque
1110 2781 1155 2856 ab
1179 2807 1224 2857 eo
1243 2782 1304 2883 qui

179 2913 232 2972 est
256 2914 349 2972 extra
373 2922 414 2972 aa
445 2923 550 2998 sopra
574 2913 729 2971 naturam
758 2922 906 2973 omnem.
936 2896 1046 2970 Simili
1077 2898 1208 2971 ratione
1233 2920 1306 2973 ma·

179 3013 378 3117 trimonium
397 3029 451 3088 est
466 3013 664 3087 naturaliter
681 3011 937 3119 indissolubile,
959 3013 1041 3115 quia
1065 3013 1159 3091 nulla
1179 3027 1233 3088 est
1253 3002 1307 3086 in·

178 3129 326 3204 trinseoa
351 3127 586 3203 dissolutionis
610 3152 733 3215 causa,
753 3128 823 3201 imo
841 3126 933 3202 nulla
956 3128 1009 3203 vis
1035 3143 1194 3217 naturae,
1215 3150 1306 3228 quae

179 3241 267 3316 illud
300 3241 431 3317 solvere
459 3241 587 3342 possit,
610 3240 691 3315 licet
714 3240 751 3314 id
781 3241 855 3315 fieri
885 3240 996 3341 possit
1021 3241 1067 3316 ab
1095 3243 1302 3329 extrinseco,

179 3357 312 3433 scilicet
336 3357 380 3431 alr
404 3359 549 3432 Auctore
571 3373 726 3431 naturae.
746 3346 796 3430 Er
813 3382 855 3432 eo
873 3374 983 3432 autem
1009 3358 1100 3458 quod
1117 3354 1210 3432 Dans
1235 3373 1306 3432 sta·

180 3475 283 3548 tuerit
312 3473 396 3547 illud
426 3498 494 3548 uon
528 3471 677 3559 solvere,
706 3472 900 3548 nullatenus
934 3473 1004 3548 dici
1037 3472 1138 3548 debat
1171 3464 1306 3549 omnam

181 3589 513 3664 indissolubilitatem
547 3615 588 3663 ex
619 3614 660 3663 ea
682 3589 827 3690 positiva
855 3589 1026 3664 voluntate
1051 3588 1216 3689 paudere,
1244 3590 1306 3664 sed

180 3705 291 3779 solum
312 3704 516 3778 intrinsecae
536 3730 576 3778 aa
598 3702 742 3778 naturali
768 3703 990 3781 extrinsecam
1011 3704 1114 3778 etiam
1141 3695 1304 3779 rationem

183 3819 351 3893 firmitatis
377 3820 582 3894 accessisse.

253 3934 342 4007 ilino
360 3937 395 4008 3.
424 3934 497 4008 iore
514 3934 641 4035 optinum
657 3934 724 4008 dici
744 3949 855 4034 potest
872 3934 1121 4009 matrimonium
1143 3934 1303 4009 christia-

181 4075 287 4140 num,
315 4066 484 4155 quaterms
515 4067 568 4125 est
592 4065 858 4140 sacramentum,
892 4077 932 4125 ao
962 4052 1144 4153 perfectius
1168 4051 1306 4125 exhibet

181 4166 342 4240 unionem
360 4166 485 4242 Christi
504 4192 581 4242 cum
597 4167 763 4255 aeclesia,
780 4169 940 4243 maiorem
959 4169 1150 4243 firmitatem
1163 4167 1303 4257 habere,

184 4305 225 4355 ao
249 4282 404 4382 pressius
424 4308 502 4358 esse
526 4281 728 4372 insolubile,
756 4309 859 4383 quam
886 4284 931 4359 sit
956 4300 1078 4384 suapte
1100 4300 1238 4373 natura;
1265 4310 1307 4359 eu

186 4399 316 4474 ratione
340 4400 428 4473 enirn
450 4399 650 4475 sacramenti
676 4415 711 4475 et
727 4400 818 4498 signi
839 4386 1026 4476 extrinseca
1046 4401 1187 4477 {inuitas
1212 4424 1307 4500 repe
