3234 5084
285 498 353 548 mr.
369 497 415 546 n.
432 494 766 558 contestinum,
781 493 847 544 non
860 494 1020 545 consuas.
1034 492 1104 545 mr.
1121 496 1168 546 nr.
1223 477 1289 547 tot

187 614 429 688 Armentarium
453 612 491 685 st
512 610 706 701 Paulinam,
733 613 792 685 ubi
820 611 1063 687 Armentarium
1088 612 1133 686 nd
1158 640 1294 715 servam

187 728 266 802 dum
296 728 520 803 continentiae
547 741 661 800 votum
693 752 761 826 quo
791 753 829 800 se
857 725 1079 801 obstrinxerat
1111 728 1291 816 hortatur,

184 858 275 917 retat
297 858 409 916 autem
427 840 511 914 illud
529 866 674 927 serrare,
696 842 725 915 si
742 842 817 915 eins
832 867 918 915 uxor
934 868 1033 914 suum
1050 869 1117 917 non
1136 844 1295 943 praebeat

185 982 382 1044 msensnm,
408 955 592 1028 adiiciens:
613 956 727 1027 «Nam
752 972 785 1029 et
806 955 960 1029 vovenda
983 955 1065 1027 talia
1089 982 1155 1030 non
1177 974 1293 1033 sunta

184 1071 392 1167 coniugatis,
413 1069 478 1142 nisi
505 1096 545 1142 ex
565 1096 733 1144 consenso
758 1084 791 1144 et
814 1069 983 1144 voluntate
1007 1071 1188 1144 communi.
1205 1073 1293 1146 Etsi

186 1210 410 1285 praepropere
438 1182 562 1256 factum
588 1183 707 1268 suerit,
734 1183 843 1280 magis
867 1199 920 1257 est
943 1184 1140 1281 corrigenda
1164 1187 1296 1259 temeri-

185 1315 257 1383 tas,
291 1324 393 1397 quom
418 1294 648 1396 'persolvenda
682 1297 864 1395 promissio
892 1298 1006 1390 (Soio
1026 1297 1150 1371 Eadem
1177 1298 1297 1396 repetit

185 1439 217 1487 s.
232 1412 330 1486 Pater
354 1412 390 1482 in
412 1410 512 1511 epist.
528 1409 572 1483 ad
586 1410 759 1485 Ecdicium
775 1414 870 1506 ⁴(8t);
888 1425 958 1484 tum
975 1436 1016 1484 ex
1033 1438 1062 1485 s.
1080 1410 1236 1509 Gregorio
1248 1412 1291 1487 tt.

186 1528 222 1600 in
246 1527 302 1600 oit.
326 1526 470 1625 epistola
496 1525 538 1598 ad
564 1525 811 1612 theoctistam,
844 1540 945 1623 atque
970 1552 1010 1599 en
1035 1536 1064 1599 s'.
1085 1526 1208 1602 Basilio
1237 1528 1295 1627 qui

185 1641 357 1715 disserens
374 1641 417 1713 de
433 1639 650 1714 admittendis
664 1639 708 1714 ad
722 1641 940 1740 profitendam
957 1641 1059 1715 vitam
1077 1642 1296 1716 monasticam

187 1758 234 1831 ita
259 1756 396 1830 scribit:
417 1754 555 1855 «Atque
571 1756 594 1826 ii
614 1756 713 1829 etiam
731 1756 791 1855 qui
809 1757 1023 1831 matrimonio
1046 1757 1233 1846 coniuncti,
1254 1758 1297 1833 ad

186 1870 380 1945 huiusmodi
405 1870 494 1942 vitae
518 1896 624 1966 genus
658 1870 841 1957 accedunt,
878 1872 1102 1969 interrogandi
1129 1889 1226 1961 sunt,
1253 1899 1298 1946 on

185 2001 296 2059 motato
312 2008 466 2058 conteneo
486 1983 523 2056 id
539 1986 683 2085 efficiant
699 2011 739 2058 ex
753 1984 902 2084 Apostoli
922 2000 1110 2086 praecepto.
1125 1988 1229 2072 Nom,
1246 1990 1299 2061 in·

177 2101 279 2202 quit,
299 2102 354 2173 orti
369 2101 511 2197 cor-poris
524 2114 713 2197 potestatem
728 2128 793 2173 non
810 2102 916 2186 habet,
939 2103 1055 2202 sicque
1072 2103 1130 2200 qui
1148 2103 1294 2189 accedit,

183 2241 299 2291 coram
326 2212 480 2314 pluribus
499 2214 642 2287 testibus
661 2214 872 2314 recipiendus
888 2216 1104 2303 est....erod
1122 2217 1152 2291 si
1169 2217 1299 2293 dissen-

187 2330 249 2402 tiat
272 2327 376 2401 altera
401 2353 502 2426 pars,
531 2342 776 2426 repugnatque,
804 2329 895 2428 quod
924 2331 1047 2405 minus
1066 2330 1209 2406 sollicita
1234 2333 1296 2417 sit,

185 2442 355 2544 quomodo
376 2441 507 2540 placeat
522 2441 613 2528 Deo',
633 2441 668 2513 in
685 2452 829 2517 mentem
846 2444 958 2518 veniat
973 2444 1056 2519 illud
1070 2444 1220 2544 Apostoli
1239 2446 1298 2545 qui

189 2559 294 2633 dicit:
322 2559 364 2631 In
387 2562 598 2658 peccantem
621 2560 750 2631 vocavit
772 2584 829 2631 nos
847 2559 934 2631 Dens
950 2563 1063 2656 (87);»
1084 2586 1146 2637 nec
1169 2588 1236 2636 non
1260 2588 1301 2635 ex

185 2674 342 2749 conciliis
366 2699 407 2747 ae
432 2673 574 2748 summis
601 2673 836 2773 pontificibus,
869 2699 1010 2772 quorum
1039 2675 1173 2748 decreta
1198 2675 1302 2755 rotata

185 2803 318 2862 sunta
350 2786 509 2862 Gratiano
540 2813 645 2861 causa
673 2788 802 2859 xxvu.
833 2812 869 2886 q.
890 2791 927 2861 2.
954 2804 987 2863 et
1014 2789 1048 2863 in
1071 2790 1301 2865 Decretalibus

188 2901 248 2975 lib.
264 2903 326 2974 ΙΙΙ.
344 2902 394 2977 tit.
409 2903 543 2976 mu.
563 2907 651 3001 (88).
1154 2972 1158 2979 .

261 3017 351 3091 Licet
366 3034 496 3107 antam,
518 3035 617 3119 prout
634 3018 759 3093 dicitur
775 3022 811 3093 in
828 3022 924 3095 tertia
942 3021 1138 3096 difficultate
1149 3081 1166 3123 ².
1177 3038 1303 3098 utnrm·

186 3157 256 3231 que
280 3133 473 3230 coniugium
499 3150 569 3208 tum
595 3152 720 3222 ratum,
741 3151 812 3209 tum
829 3155 1097 3213 consummatum
1120 3139 1231 3238 quoad
1248 3165 1303 3213 es·

186 3247 333 3320 sentiam
358 3248 576 3336 conveniant,
599 3275 640 3321 ac
662 3238 930 3349 utrique'aptari
956 3252 1075 3325 debeat
1099 3253 1303 3327 matrimonii

188 3354 363 3448 definitio,
387 3362 477 3461 qnod
504 3362 539 3434 in
564 3378 725 3462 perpetua
749 3364 840 3437 vitae
864 3366 1107 3439 consuetndine
1131 3367 1305 3441 retinenda

190 3475 376 3563 consistat,
397 3503 457 3576 pro
473 3476 606 3551 diverso
629 3494 741 3553 tamen
764 3479 874 3553 stadio
894 3480 1055 3553 maiorem
1071 3481 1124 3555 rei
1137 3481 1304 3554 minorem

195 3588 348 3662 obtinent
380 3588 568 3663 firmitatem
599 3618 639 3664 ex
670 3592 732 3665 Dei
763 3591 1007 3693 dispositione.¹
1029 3593 1080 3666 td
1109 3618 1186 3667 eum
1215 3595 1304 3683 onim

187 3704 348 3792 modum,
369 3730 437 3805 quo
454 3705 545 3778 Deus
562 3706 599 3778 in
614 3707 717 3779 veteri
739 3692 833 3805 legs,
854 3734 921 3782 non
938 3707 1092 3782 obstante
1117 3709 1196 3782 data
1221 3709 1305 3783 defi—

191 3819 334 3907 nitione,
359 3818 533 3894 constituit
552 3835 590 3893 ut
609 3821 857 3896 matrimonium
878 3841 1164 3911 consummatum,
1184 3824 1229 3897 ad
1246 3823 1305 3898 de·

196 3932 300 4006 terius
324 3933 449 4009 malum
473 3933 661 4025 vitandum,
685 3936 826 4011 dissolri
852 3944 1055 4040 posset'per
1079 3939 1228 4014 libellum
1253 3966 1305 4015 ne*

266 4190 317 4255 (tt)
333 4191 410 4258 Epist.
420 4192 673 4251 odotemcxxvss.
687 4211 711 4248 n.
722 4205 746 4250 o.

253 4269 319 4343 x(so)
334 4271 696 4336 cenomannensis.
1167 4318 1193 4347 ς,
1296 4322 1299 4331 .

266 4350 316 4411 (87)
333 4350 544 4415 Bennlotsrtrtnr
557 4359 854 4411 troctotoc.1ntcr.xtl.
866 4361 1060 4426 opneontaur.
1072 4364 1172 4413 tom.=tt.
1187 4376 1241 4426 pag.
1253 4352 1306 4413 tet.

263 4430 314 4492 (aa)
328 4433 355 4483 ln
366 4434 469 4486 vetreto
479 4436 588 4489 Gratiani
605 4439 653 4491 tc.
663 4449 774 4505 amnti
786 4440 820 4493 td
831 4443 904 4494 toln
914 4441 1080 4495 mercentur
1095 4454 1154 4494 tero
1170 4446 1307 4507 canant.
