3234 5084
520 587 701 657 sltc'rto
727 584 934 657 ALTERA

238 828 310 915 llll
337 824 862 916 INDISSOLUBIHTATE
890 822 1211 911 MATRIMONII

571 964 875 1054 CHRISTIANI

175 1438 254 1569 Ad
277 1520 354 1567 eum
381 1494 516 1566 modum
541 1518 610 1592 quo
626 1492 837 1589 monogamia
857 1490 893 1563 in
911 1491 1090 1590 perfectam
1109 1506 1142 1564 et
1167 1492 1286 1589 imper-

175 1610 292 1682 fectam
317 1609 557 1707 distinguitur,
588 1609 638 1681 sic
664 1607 946 1682 indissolubilitas
963 1607 1032 1680 alia
1056 1607 1155 1705 plena
1179 1623 1230 1680 est
1254 1624 1288 1679 et

175 1723 339 1822 perlecta,
375 1722 444 1796 alia
477 1749 556 1796 vero
579 1722 785 1820 imperfecta.
819 1721 1108 1796 lndissoluhilitas
1139 1721 1287 1819 perlecta
1340 1708 1348 1721 ³

176 1840 313 1938 respicit
334 1838 525 1923 vinculum,
546 1838 631 1911 adeo
648 1853 685 1911 ut
701 1838 893 1934 coniugium
914 1842 1203 1931 (consummatum
1223 1837 1287 1910 sal·

175 1958 264 2046 tam)
290 1978 472 2051 numquam
490 1951 695 2026 dissolvatur
711 1950 824 2050 quoad
841 1952 1022 2035 vinculum,
1045 1976 1084 2024 ac
1102 1978 1284 2051 numquam

175 2083 350 2168 propterea
381 2067 481 2141 liceat
511 2068 642 2141 virente
671 2067 814 2164 coniuge
838 2067 1031 2164 coniugium
1063 2066 1155 2139 aliod
1186 2067 1283 2152 iniri,

174 2184 367 2283 imperfecta
387 2208 466 2258 rero
486 2183 624 2282 inspicit
643 2182 864 2257 domesticam
881 2184 1089 2270 societatem,
1111 2210 1199 2282 quae
1215 2183 1285 2256 dis

173 2300 257 2374 solvi
278 2314 404 2399 potest,
430 2299 512 2398 quin
537 2314 646 2372 tamen
668 2296 767 2371 liceat
787 2297 987 2395 coniugibus
1013 2299 1059 2371 ita
1082 2297 1225 2371 divulsis
1242 2299 1286 2370 ad

173 2414 258 2489 alias
288 2413 423 2513 nuptias
449 2413 612 2499 transire,
641 2412 808 2511 adeoque,
837 2428 991 2486 manente
1014 2412 1173 2500 vinculo,
1202 2412 1286 2486 solvi

176 2529 367 2626 coniugium
389 2542 515 2601 tantum
541 2527 651 2627 possit
675 2527 785 2628 quoad
811 2541 918 2600 torum
937 2544 970 2600 et
991 2525 1282 2601 cohabitationem.

247 2644 390 2719 llursum
416 2642 698 2717 indissolubilitas
722 2643 866 2742 spectari
888 2657 997 2742 potest
1021 2643 1055 2714 in
1075 2642 1288 2717 matrimonio

178 2757 324 2833 fidelium
357 2758 410 2831 rel
435 2759 502 2832 iam
526 2772 778 2843 consummato,
812 2756 866 2829 vel
898 2773 967 2830 rato
987 2771 1116 2829 tantum
1143 2754 1287 2828 necdum

174 2891 429 2961 consummato;
462 2872 547 2945 illud
574 2871 808 2947 indissolubile
829 2897 966 2972 prorsus
991 2889 1066 2959 est,
1094 2871 1159 2944 hoc
1175 2896 1287 2969 quan-

176 2990 287 3090 doque
315 2990 455 3064 dissolri
482 3004 602 3089 potest.

249 3106 489 3179 Praetermissa
506 3131 583 3179 vero
600 3104 860 3205 disceptatione,
877 3121 989 3178 utrum
1007 3104 1219 3191 matrimonia
1237 3104 1289 3175 in·

177 3220 343 3307 fidelium,
364 3245 451 3319 quae
475 3245 553 3292 ocra
577 3234 676 3305 sunt,
697 3219 757 3293 sed
782 3246 846 3292 ooo
870 3233 946 3292 rato
968 3246 1028 3319 per
1044 3218 1288 3318 professionem

175 3335 380 3409 christianae
405 3334 577 3432 religionis
603 3333 744 3408 dissolvi
771 3334 904 3434 possint
927 3359 988 3406 nec
1013 3360 1074 3420 ne,
1094 3358 1170 3406 cum
1189 3330 1232 3402 de
1249 3357 1289 3403 ea

176 3467 338 3550 quantum
358 3477 450 3550 ¹opus
475 3465 548 3525 erat
575 3449 662 3523 alias
686 3449 947 3524 disseruerimus
974 3450 1042 3543 (l),
1072 3446 1187 3545 plures
1211 3463 1291 3519 sunt

177 3566 357 3663 agitandas
378 3565 594 3665 quaestiones
619 3564 708 3637 circa
732 3564 889 3659 coniugia
914 3560 1063 3635 fidelium
1083 3561 1155 3633 sive
1177 3559 1289 3659 quoad

176 3680 430 3754 dissolutionem
457 3679 657 3777 perlectam,
678 3678 750 3751 sive
766 3677 878 3777 quoad
896 3675 1137 3776 imperfectam.
1163 3671 1213 3747 Ex
1234 3674 1290 3747 his

176 3795 263 3869 aliae
287 3812 368 3869 sunt
391 3794 616 3881 theoreticae,
644 3792 731 3867 eliae
756 3793 935 3892 practicae.

248 3909 299 3983 lld
324 3912 540 4011 quaestiones
565 3909 764 3983 theoreticae
790 3934 985 3983 revocamus
1012 3904 1291 3980 indissolubilite-

177 4042 242 4100 tem
260 4024 441 4124 perlectam
462 4037 612 4126 spectato
637 4024 710 4096 iure
734 4036 874 4096 naturae
897 4038 931 4095 et
954 4020 1027 4118 lege
1052 4021 1213 4094 mosaica.
1236 4020 1290 4090 ln-

178 4156 226 4213 ter
243 4141 408 4240 practioas
427 4163 639 4213 recensemus
658 4139 712 4212 ius
729 4136 960 4234 evangelicum
977 4149 1010 4208 et
1026 4133 1290 4209 ecclesiasticum

252 4327 287 4390 (t)
304 4330 332 4378 tn
344 4327 473 4379 Proelcrt.
497 4325 607 4390 theoton.
621 4327 694 4376 tract.
715 4328 753 4377 Dc
769 4327 888 4376 mntrmr.
903 4336 958 4387 cap.
972 4325 1005 4374 11.
1016 4336 1087 4388 prop.
1104 4324 1134 4375 ll.
1147 4335 1191 4373 nec
1205 4334 1254 4372 non
1265 4321 1291 4370 tn

173 4408 296 4472 asperima
313 4407 377 4459 libro
395 4406 478 4471 quoad
498 4406 699 4472 dspemtionas.
1207 4434 1210 4439 ι

259 4515 297 4570 lll
1226 4516 1243 4563 8
