3234 5084
315 451 385 510 cnr.
402 450 450 509 mc
463 452 613 508 nrsmsu
626 453 717 508 man.
730 454 814 510 crac.
831 453 944 510 nores.
961 455 1057 510 narn
1074 459 1145 511 unu.
1158 457 1182 511 r.
1236 435 1307 510 art

194 576 445 651 matrimonium
463 572 591 652 soluere
605 571 704 662 uelit,
725 574 793 649 alia
808 573 883 674 lege
898 574 1069 650 inhibeat:
1091 574 1303 677 Qaimmqun

194 691 321 793 inquit,
342 715 478 765 amorem
505 715 600 764 suum
616 688 764 775 dimittit,
792 691 862 764 nisi
883 690 922 764 ob
940 691 1197 791 fornicationem,
1225 692 1310 792 [ecit

192 832 263 882 tttm
285 806 452 880 mocultart'
476 806 616 902 (111).»

267 921 325 993 lll.
354 919 405 998 Ex
421 944 522 993 serm.
540 919 596 991 lx.
618 918 666 993 Ile
680 918 823 1019 lenibus:
841 950 858 990 α
873 919 915 994 dt
932 934 1071 995 naturae
1086 920 1210 1021 opifex,
1226 922 1309 1022 quia

193 1034 377 1110 humanam
401 1058 521 1108 creans
546 1047 718 1121 naturam,
739 1059 845 1107 unum
863 1034 1030 1136 principio
1046 1033 1174 1122 uirum,
1193 1049 1228 1109 et
1243 1036 1310 1110 loe·

192 1148 321 1223 minam
337 1146 738 1235 montemontano
751 1146 836 1223 solui
854 1147 1105 1223 matrimonium
1117 1162 1219 1235 uetat,
1234 1149 1309 1222 uni·

193 1289 337 1366 namque
348 1263 451 1337 huius
463 1261 644 1337 dirimendi
657 1286 796 1337 causam
808 1260 1097 1361 adsignaviteam,
1110 1289 1199 1365 quea
1210 1264 1310 1337 mari·

197 1376 298 1453 talem
315 1375 470 1479 copulam
492 1402 572 1452 uera
596 1375 739 1451 divellit.
758 1377 872 1451 Omnia
889 1380 987 1464 enim,
1008 1378 1072 1466 ait,
1092 1379 1152 1478 qui
1173 1376 1310 1451 demittit

192 1492 821 1593 uommnmm,ecccptcsomicctionia
830 1516 942 1578 mane,
953 1491 1305 1593 sccitecmmeecberi,

193 1622 226 1684 et
239 1608 308 1710 fqei
330 1607 500 1683 dimetrum
524 1607 677 1695 decerit,
707 1607 885 1685 odoboeot.
907 1607 1040 1696 Quibus
1064 1607 1179 1684 verbis
1199 1622 1310 1683 catera

193 1722 308 1799 uxoris
323 1723 408 1798 uitia
425 1723 503 1798 ferri
521 1722 628 1812 iubet,
643 1749 706 1798 seu
732 1721 857 1825 loquax
873 1721 919 1797 sit
935 1721 1012 1811 illa,
1027 1748 1089 1798 seu
1111 1721 1307 1810 temulenta,

193 1863 254 1914 seu
277 1838 479 1914 convitiosa:
508 1840 564 1913 sin
596 1863 676 1914 raro
708 1838 901 1940 nuptiarum
933 1836 1026 1938 leges
1050 1836 1244 1925 transiliat,
1271 1838 1309 1912 in

192 1952 365 2055 aliumque
397 1979 521 2056 procax
553 1951 727 2042 intendet,
755 1967 836 2028 tuuc
860 1951 1009 2054 denique
1041 1950 1197 2054 copulam
1221 1951 1309 2030 solui

192 2067 287 2144 iubet
314 2070 455 2166 (189).»

265 2183 400 2271 Quibus
423 2183 535 2258 braun
559 2182 665 2259 alium
694 2197 819 2259 textum
845 2182 969 2258 adiecit
996 2208 1037 2258 ex
1066 2197 1244 2259 comment.
1272 2183 1310 2258 in

192 2300 220 2373 l.
240 2297 284 2372 ad
301 2298 376 2374 Cor.
395 2298 466 2374 Vll.
487 2297 547 2373 ubi
572 2298 709 2373 scribit:
733 2299 890 2374 «Statuit
914 2299 980 2374 hoc
1008 2297 1083 2374 loco
1099 2312 1230 2374 tantum
1254 2324 1309 2374 se·

193 2414 377 2517 parationis
394 2413 515 2515 legam,
531 2441 635 2516 quam
659 2413 719 2514 qai
733 2412 816 2503 alia,
834 2441 937 2517 quam
954 2414 1186 2492 fornicationis
1203 2440 1310 2492 causa

68 2559 71 2564 ⁴
192 2528 437 2619 discesserunt,
457 2530 618 2628 coniuges
642 2554 777 2605 seruam
799 2529 944 2604 debeant
962 2532 1101 2627 (113).»

265 2645 357 2722 Ηοοο
381 2646 520 2749 quidem
545 2646 626 2748 ipsi.
646 2647 881 2720 Verumtamen
899 2645 929 2721 si
947 2661 1036 2720 recte
1059 2673 1100 2721 ea
1124 2645 1308 2749 dispician-

195 2775 269 2848 tur,
289 2787 356 2836 non
380 2761 481 2838 modo
504 2761 640 2836 diuortii
669 2761 809 2863 perlecti
835 2787 958 2836 cauwe
981 2760 1075 2835 baud
1099 2763 1227 2850 lavere,
1248 2761 1310 2837 sed

194 2873 305 2949 eidem
317 2875 428 2976 potius
440 2875 629 2965 aduersari,
645 2900 733 2976 qaae
745 2889 838 2951 tanto
850 2889 1014 2977 apparatu
1026 2875 1193 2951 iactantur
1204 2877 1311 2952 Theo·

196 2985 303 3062 doreti
321 2989 512 3066 testimonia
527 3017 569 3065 ax
586 2989 720 3064 illorum
738 2989 871 3092 analysi
889 2989 1025 3066 sobrius
1042 2991 1224 3093 quisquam
1241 2990 1310 3067 sibi

194 3100 422 3203 persuadebit.

267 3217 401 3293 Etenim
418 3220 453 3293 1.
473 3218 566 3294 Nihil
583 3219 626 3294 de
642 3246 706 3296 suo
723 3235 877 3297 statuens
893 3219 1139 3312 Theodoratus,
1155 3247 1193 3298 se
1210 3222 1312 3300 refert

194 3334 238 3409 ad
254 3333 372 3409 llettb.
391 3334 430 3408 ll.
453 3337 511 3410 32.
532 3351 566 3410 at
580 3337 668 3411 XIX.
692 3339 726 3410 9.
755 3351 886 3413 textus:
907 3336 1060 3438 adeoque
1084 3353 1154 3414 tota
1170 3337 1312 3414 resolui-

193 3464 248 3524 tur
271 3451 499 3527 controuersia
516 3451 560 3526 ed
584 3452 840 3551 intelligentiam
864 3467 1013 3527 textuum
1039 3452 1210 3527 llattbeei.
1239 3455 1310 3527 lam

193 3591 273 3642 raro
299 3593 364 3644 suo
393 3567 467 3645 loco
490 3594 552 3645 nos
579 3568 696 3643 critice
726 3583 761 3643 et
792 3568 962 3668 exegetica
989 3568 1200 3644 ostendimus
1232 3566 1310 3643 illos

193 3680 286 3757 baud
303 3682 446 3784 intelligi
463 3707 564 3786 posse
580 3683 623 3759 de
639 3683 807 3760 solutione
823 3685 972 3783 coniugii
991 3682 1105 3787 quoad
1120 3682 1307 3772 vinculum,

194 3795 241 3872 ita
265 3813 304 3873 ut
326 3799 378 3874 las
403 3800 450 3876 sit
473 3814 551 3903 post
573 3800 688 3875 uxoris
705 3798 877 3875 adulterae
900 3801 1098 3877 eiectionem
1124 3800 1234 3875 aliam
1251 3798 1311 3874 du·

193 3937 280 3990 earo.
301 3914 393 3990 Idem
418 3915 561 4020 proinde
584 3915 764 3991 dicendum
789 3916 833 3992 do
856 3916 1054 3994 Theodoreti
1080 3917 1258 3993 sententia.
1364 3955 1366 3962 ⁴

262 4084 328 4149 (tta)
343 4085 409 4138 lbld.
420 4100 474 4152 cap.
486 4089 562 4139 xxv.
574 4100 630 4153 nug.
640 4095 695 4142 tta.
707 4102 757 4141 non
772 4090 856 4141 autem
865 4101 920 4154 ono.
934 4090 1022 4141 xxvi.
1032 4089 1062 4140 nt
1072 4088 1163 4152 allegat
1172 4086 1307 4138 Lauricius.

212 4163 600 4232 sswfflmmm

261 4243 328 4308 (tta)
341 4246 379 4297 lta
394 4245 421 4297 lu
436 4247 479 4298 cit.
492 4249 595 4300 Dianam.
615 4251 654 4300 Da
675 4249 793 4301 matrim
811 4248 856 4314 qul
878 4261 929 4300 non
946 4247 1022 4299 rerba
1035 4284 1043 4313 ‚
1057 4248 1101 4300 sed
1120 4260 1219 4301 ameum
1233 4248 1312 4299 Tbeo·

192 4323 385 4457 mansitare
407 4329 520 4381 summat
541 4341 569 4380 aa
589 4328 703 4381 retulisse
722 4329 861 4393 mantne.
873 4328 938 4383 atibt
954 4331 1037 4382 tatem
1053 4331 1129 4395 prout
1141 4329 1232 4393 taccat,
1245 4330 1310 4381 reue
1391 4379 1394 4386 „

270 4419 286 4455 u
329 4419 368 4457 us.
1390 4411 1394 4422 ¹
