3234 5084
307 347 376 420 258
452 371 514 420 nn.
529 369 576 419 ιιι.
594 368 679 418 secr.
697 366 828 417 utrem.
846 366 885 416 nn
903 367 1015 417 rueres.
1032 367 1127 418 uiro.
1145 364 1267 418 onerer.

380 487 603 586 Praecipuum
622 484 850 559 testimonium
868 484 921 558 cui
941 485 976 556 hi
994 510 1109 560 omnes
1128 485 1316 558 innituntur
1338 480 1423 558 illud

305 624 368 694 est,
382 602 472 705 quod
491 600 637 676 occurrit
655 599 776 672 lib.lll.
789 617 896 674 contr.
914 602 1074 676 Marcion.
1091 626 1165 701 cap.
1181 600 1323 672 xxxw.
1339 598 1424 673 Cum

305 723 396 796 enim
411 719 559 793 Marcion
576 716 789 792 contenderet
805 716 961 790 eumdem
979 742 1045 790 non
1062 741 1136 791 esse
1151 716 1271 791 veteris
1289 741 1329 789 ac
1347 715 1423 789 nori

307 835 506 911 Testamenti
521 849 707 919 auctorem,
724 832 812 906 iuter
826 847 934 906 cetera
954 849 1150 930 argumenta
1166 831 1210 905 ad
1226 857 1325 906 suum
1338 856 1428 905 com-

305 969 455 1026 mentum
470 947 691 1023 evincendum
704 946 845 1043 urgebat
857 946 937 1019 hinc
949 945 1086 1045 quidem
1104 946 1353 1021 concessionem
1374 973 1426 1019 re·

305 1067 399 1170 pudii
416 1091 475 1164 per
487 1065 633 1161 Moysem
647 1061 780 1145 lectam,
791 1059 871 1132 inde
882 1086 963 1133 vero
972 1060 1123 1135 eiusdem
1137 1059 1352 1133 abolitionem
1365 1086 1428 1161 per

306 1182 489 1255 Christum.
506 1176 613 1249 Allato
626 1173 793 1273 siquidem
812 1190 902 1247 textu
922 1174 1101 1247 Deuteron.
1122 1176 1235 1246 Xlllll.
1256 1191 1289 1249 et
1300 1175 1423 1250 Christi

308 1299 388 1371 Luc.
403 1296 486 1367 XVI.
504 1289 725 1367 concludebat
741 1314 845 1363 ovans
859 1317 866 1360 :
880 1287 1008 1363 «Vides
1025 1288 1255 1363 diversitatem
1273 1291 1369 1388 Legis
1393 1306 1427 1363 et

305 1410 498 1510 Evangelii,
527 1410 650 1509 Moysis
670 1422 703 1480 et
721 1404 847 1480 Christi
856 1407 894 1476 7»
911 1405 972 1479 Cui
991 1408 1162 1505 respondit
1180 1405 1422 1481 Tertullianus:

309 1528 452 1601 «Plane.
474 1527 546 1597 Non
564 1523 654 1597 enim
673 1522 826 1620 recepisti
846 1519 930 1593 illud
951 1547 1089 1621 quoque
1101 1522 1321 1620 Evangelium
1337 1522 1427 1596 eius·

308 1645 384 1716 dem
402 1641 570 1724 veritatis,
591 1655 624 1711 et
641 1635 790 1710 eiusdem
808 1635 952 1722 Christi,
974 1637 1011 1708 in
1029 1663 1096 1736 quo
1113 1637 1295 1738 prohibens
1314 1638 1426 1710 divor-

310 1760 412 1844 tium,
436 1755 605 1856 propriam
624 1751 852 1851 quaestionem
875 1751 946 1824 eius
967 1751 1130 1825 absolvit:
1152 1752 1280 1851 Moyses
1293 1767 1429 1850 propter

310 1874 468 1945 duritiam
481 1868 716 1949 cordisvestri,
728 1867 895 1964 praecepit
908 1864 1055 1937 libellum
1066 1866 1199 1966 repudii
1211 1866 1309 1951 darc,
1325 1894 1346 1939 a
1354 1869 1426 1966 pri·

310 1987 434 2059 mordio
451 1998 558 2058 autem
574 2010 638 2054 nou
655 1982 721 2081 [uit
736 1984 803 2066 sic,
827 1982 906 2079 quic
923 1981 1048 2053 scilicet
1061 1984 1120 2080 qui
1134 1997 1299 2056 mar-emer
1312 1983 1429 2082 foemi-

308 2128 386 2173 nam
410 2101 547 2200 fecerat,
575 2111 669 2168 eruut
685 2094 776 2180 'duo,
799 2094 942 2180 diecret,
964 2097 1000 2166 iu
1017 2120 1112 2168 carue
1130 2122 1217 2182 urta,·
1236 2096 1323 2196 quod
1338 2097 1429 2169 Deus

308 2218 417 2312 itaque
428 2214 554 2296 iurarit,
573 2211 662 2283 lamo
675 2208 899 2281 disiuueerit?
911 2208 983 2281 Hoc
996 2210 1086 2281 enim
1102 2234 1262 2308 responso
1274 2227 1307 2284 et
1319 2210 1427 2311 Moysi

309 2329 577 2403 constitutionem
601 2326 761 2426 protexit,
781 2342 819 2398 ut
845 2324 916 2411 sui,
937 2341 970 2397 et
989 2324 1155 2400 Creatoris
1186 2326 1426 2400 institutionem

309 2444 450 2530 direxit,
466 2460 503 2516 ut
516 2442 667 2516 Christus
684 2440 805 2539 ipsius.
824 2439 889 2513 Sed
902 2457 1066 2541 quatenus
1079 2468 1120 2514 ex
1133 2442 1188 2516 his
1205 2440 1428 2515 revincendus

309 2586 365 2648 es,
385 2586 474 2659 quae
496 2558 671 2657 recepisti,
688 2559 738 2630 sic
759 2555 818 2629 tibi
842 2581 1036 2644 occurram,
1052 2583 1092 2631 ac
1105 2558 1133 2631 si
1148 2584 1243 2630 meus
1256 2557 1424 2631 Christus.

310 2679 431 2767 Nonne
440 2693 473 2749 et
486 2676 557 2776 ipse
571 2672 754 2773 prohibens
767 2672 963 2759 divortium,
981 2689 1013 2745 et
1026 2691 1152 2773 patrem
1168 2690 1277 2747 tamen
1291 2688 1429 2771 gestans

308 2819 402 2879 eum,
426 2793 485 2890 qui
509 2816 633 2862 marem
655 2805 688 2861 et
712 2787 892 2860 foeminam
914 2788 1039 2875 iunxit,
1062 2789 1272 2863 excusaverit
1297 2787 1424 2887 potius,

306 2933 407 3006 quam
421 2905 619 2978 destruxerit
628 2904 734 3003 Moysi
748 2902 1111 3009 constitutionemlsed
1125 2931 1203 2978 ecce
1216 2920 1293 2979 tuus
1306 2903 1350 2980 sit
1363 2903 1428 2977 iste

307 3021 461 3095 Christus
474 3020 678 3093 eontrarium
695 3018 820 3093 docens
834 3020 939 3120 Moysi
953 3036 986 3092 et
998 3020 1164 3109 Creatori,
1180 3038 1216 3093 ut
1228 3020 1258 3094 si
1272 3046 1338 3093 non
1352 3047 1428 3095 oon·

306 3135 444 3209 trarium
458 3133 649 3218 ostendere,
669 3158 763 3207 meus
779 3134 834 3207 sit.
851 3135 935 3207 Dico
947 3136 1036 3207 enim
1052 3132 1150 3209 illum
1168 3134 1428 3209 conditionaliter

308 3275 398 3322 nunc
423 3248 542 3323 lecissc
567 3249 701 3322 divortii
729 3250 1010 3350 prohibitionem,
1032 3251 1061 3325 si
1081 3252 1157 3326 ideo
1179 3253 1256 3352 quis
1281 3251 1428 3327 dimittat

308 3392 462 3450 uxorem,
485 3382 522 3437 ut
539 3365 639 3438 aliam
662 3365 781 3438 ducat:
803 3368 863 3465 qui
880 3366 1059 3452 dimiserit,
1083 3367 1208 3468 inquit,
1229 3395 1374 3451 umorem,
1396 3381 1427 3440 et

308 3482 411 3554 aliam
428 3480 581 3564 durarit,
598 3480 798 3553 adulterium
815 3484 999 3567 committit,
1017 3499 1048 3556 et
1065 3485 1124 3582 qui
1139 3512 1160 3557 a
1176 3486 1294 3556 marito
1312 3483 1427 3555 dimis-

307 3623 378 3669 sam
396 3597 539 3679 dueerit,
557 3595 755 3668 adulterium
768 3599 947 3682 commissit,
969 3600 1076 3696 etqui
1091 3625 1113 3670 a
1128 3601 1246 3670 merito
1260 3599 1429 3671 dimissam

309 3711 463 3795 duacrit,
489 3739 588 3810 aeque
614 3711 744 3784 adulter
768 3727 832 3797 eu,-
855 3739 895 3785 ex
917 3712 1035 3786 eadem
1059 3714 1177 3813 utique
1202 3740 1331 3801 causa,
1360 3739 1438 3815 qua,

308 3852 375 3900 non
388 3825 465 3900 licet
478 3827 618 3911 dimitti,
636 3843 672 3899 ut
686 3825 752 3899 alia
769 3827 929 3900 ducatur:
948 3827 1064 3901 illicite
1076 3829 1165 3901 enim
1179 3828 1354 3903 dimissam
1367 3854 1428 3929 pro

309 3942 483 4016 indimissa
504 3941 652 4026 ducens,
674 3940 806 4014 adulter
817 3960 886 4031 est.
916 3945 1026 4017 Manet
1043 3943 1132 4016 enim
1154 3945 1424 4031 matrimonium,

309 4160 348 4209 ed.
365 4162 464 4224 Neapol.
481 4164 548 4212 1742.
562 4164 621 4211 torn.
634 4165 666 4211 ΙΙ.
678 4176 732 4226 pag.
745 4167 791 4213 779
805 4177 857 4227 seq.
871 4165 965 4215 Deinde
981 4179 1039 4216 vero
1051 4168 1132 4216 Brenn
1144 4180 1185 4229 op.
1196 4166 1239 4215 cit.
1251 4166 1372 4216 solutioni
1381 4164 1426 4215 sal·

310 4244 360 4288 tem
381 4240 463 4289 lavere
477 4241 656 4293 Tertullianum
675 4247 775 4293 censent
787 4259 816 4293 ιιι
834 4244 1009 4295 recentioribus
1021 4247 1165 4309 anqtrell3
1178 4248 1265 4296 Franc.
1279 4248 1334 4296 Ant.
1346 4247 1426 4307 ruer,

311 4318 486 4369 Wcrlmelster
498 4324 525 4369 ut
541 4321 602 4370 alios
619 4327 776 4383 praeteream.
