3234 5084
351 388 419 463 tre
469 412 531 464 nu.
552 411 600 464 ru.
622 408 709 462 srcr.
730 409 860 461 inrum.
881 410 921 461 or
938 410 1051 462 inum.
1072 410 1167 462 mre.
1185 412 1307 463 cnusr.

347 525 458 607 autem
476 530 540 605 soli
558 545 755 615 novatores,
776 530 836 629 qui
855 528 973 602 dicunt
991 526 1167 602 ecclesiam
1185 528 1250 602 hoc
1266 530 1302 601 in
1323 529 1463 603 articulo

331 674 475 734 verrans,
503 645 714 719 anathemate
738 643 925 732 feriuntur;
955 670 1022 717 non
1047 652 1126 719 vero
1150 645 1281 742 graeci,
1302 645 1361 744 qui
1386 644 1464 718 lieet

349 760 552 834 contrarium
583 759 748 845 sentiant,
775 775 920 833 attamen
945 784 1022 831 cum
1047 758 1169 833 emeris
1194 757 1372 832 eeclesiam
1396 785 1462 832 non

349 891 511 974 arguant,
539 874 583 948 ab
608 875 673 949 hoo
697 873 911 947 anathemate
936 890 1014 947 sunt
1038 873 1218 948 immunes.

433 989 498 1063 sed
527 990 557 1064 si
589 988 633 1062 ab
661 988 874 1062 anathemate
898 989 1008 1086 graeci
1037 987 1233 1061 divellentes
1260 986 1464 1061 connubium

352 1106 516 1179 immunes
540 1119 718 1178 evaserunt
741 1102 785 1177 ob
816 1101 943 1176 formae
974 1103 1096 1201 prioris
1125 1102 1363 1190 mutationem,
1396 1129 1465 1177 non

349 1219 424 1294 ideo
438 1236 514 1320 poet
530 1235 597 1293 tam
615 1219 798 1296 solemnem
824 1217 958 1293 concilii
984 1217 1155 1291 tridentini
1177 1216 1383 1291 sanctionem
1400 1219 1465 1290 im·

350 1363 468 1411 munes
488 1337 618 1410 censeri
640 1351 782 1436 possunt
805 1360 826 1409 a
852 1351 930 1407 nota
951 1334 1146 1408 temeritatis
1162 1349 1196 1406 et
1211 1334 1335 1408 erroris
1352 1334 1386 1405 iu
1402 1333 1465 1407 do-

349 1454 477 1540 ctrina,
509 1469 542 1526 et
569 1451 681 1550 gravis
712 1450 832 1550 culpae
858 1444 908 1521 in'
923 1451 1029 1549 praxi.
1067 1449 1239 1549 Siquidem
1272 1449 1463 1524 universam

349 1566 500 1666 obligant
516 1566 694 1641 ecclesium
710 1566 845 1639 decreta
861 1565 995 1640 concilii
1013 1564 1218 1638 oecumenici
1235 1620 1245 1650 ,
1266 1564 1462 1663 praesertim

350 1681 549 1757 doctrinalia
572 1696 606 1755 et
628 1681 838 1779 dogmatica,
865 1679 1055 1754 cuiusmodi
1081 1706 1156 1753 cen.
1176 1679 1246 1750 vll.
1262 1695 1465 1752 esseesten·

266 1802 269 1809 “
350 1799 475 1872 dimus.
504 1797 715 1897 Quapropter
734 1797 797 1870 etsi
819 1796 903 1869 lorte
928 1812 1006 1869 ante
1030 1796 1131 1869 huius
1155 1795 1294 1868 canonis
1319 1793 1464 1893 promul-

350 1913 538 2012 gationem,
566 1911 813 2014 quodammodo
839 1911 873 1983 in
898 1937 960 1984 sua
990 1913 1083 2011 praxi
1108 1911 1262 1985 excusari
1288 1936 1390 2008 posse
1413 1911 1465 1982 ri-

351 2027 515 2115 deantur,
531 2043 620 2101 certe
632 2040 811 2126 postquam
825 2022 1003 2099 concilium
1020 2025 1237 2098 tridentinum
1261 2024 1348 2098 hanc
1364 2051 1464 2098 suam

351 2144 578 2217 definitionem
599 2141 737 2229 emisit,
765 2167 834 2241 qua
857 2139 1042 2214 luculenter
1061 2141 1145 2215 adeo
1161 2140 1268 2215 edixit
1281 2139 1466 2213 indissolu-

350 2258 511 2334 bilitatem
525 2257 650 2333 vinculi
666 2256 854 2354 coniugalis
876 2257 910 2328 in
931 2282 1013 2330 casu
1026 2256 1180 2330 adulterii
1197 2256 1357 2329 affirmari
1372 2257 1464 2329 iuxta

350 2372 536 2447 doctrinam
558 2371 785 2469 evangelicam
806 2386 840 2445 et
864 2371 1100 2471 apostolicam,
1128 2371 1280 2444 excusari
1307 2397 1373 2443 non
1395 2397 1464 2443 anr-

351 2488 442 2588 plius
467 2504 620 2589 possunt.
641 2490 723 2563 Nam
746 2488 834 2561 sieut
853 2487 1005 2561 doctrina
1022 2487 1215 2584 evangelica
1231 2503 1265 2559 et
1281 2485 1465 2586 apostolica

351 2630 418 2679 non
440 2620 549 2705 potest
568 2631 636 2680 non
656 2630 731 2679 esse
750 2630 846 2689 vera,
868 2606 915 2676 ita
931 2604 1082 2677 doctrina
1098 2599 1254 2701 opposito
1271 2627 1337 2676 non
1354 2618 1467 2701 potest

351 2746 418 2795 non
437 2712 515 2794 esse
538 2720 625 2795 lalsa
648 2739 682 2795 et
701 2747 858 2809 erronea,
886 2735 919 2794 et
942 2719 1002 2819 qui
1026 2718 1118 2792 iuxta
1142 2718 1232 2793 hanc
1255 2733 1460 2817 operantur,

351 2851 523 2934 nequeunt
547 2860 585 2909 se
610 2861 630 2909 a
654 2836 746 2933 gravi
765 2835 865 2935 culpa
883 2830 1083 2908 subducere.
1105 2834 1254 2906 Graviter
1275 2834 1465 2934 igiturpec-

350 2965 429 3022 cant
453 2949 564 3046 graeci
590 2950 722 3049 quoties
745 2951 936 3024 dissolvunt
958 2950 1139 3047 coniugia,
1176 2949 1242 3022 nisi
1273 2950 1465 3046 ignorantia

351 3063 537 3137 invincibili
562 3065 791 3155 detineantur,
819 3084 853 3140 et
877 3092 998 3140 norum
1025 3066 1116 3166 quod
1135 3066 1335 3140 contrahunt
1354 3068 1466 3140 metri·

352 3180 520 3267 monium,
551 3179 595 3254 ob
619 3182 894 3281 impedimentum
912 3181 1102 3281 ligaminis,
1124 3180 1251 3254 nullum
1271 3176 1310 3255 ac
1334 3181 1464 3254 irritum

350 3313 414 3370 est.
439 3298 554 3399 Neque
573 3320 632 3371 eos
657 3314 796 3371 excusat
816 3298 999 3373 inveterate
1018 3297 1245 3385 consuetudo,
1263 3323 1352 3397 quoe
1367 3322 1466 3370 evan·

351 3413 478 3511 gelioae
499 3430 534 3487 et
552 3414 757 3514 apostolicae
773 3414 944 3489 doctrinae
960 3414 1159 3513 opponitur,
1185 3439 1226 3487 ao
1240 3413 1381 3513 proinde
1396 3439 1463 3487 non

350 3547 403 3604 est
420 3531 589 3605 censenda
610 3530 677 3604 nisi
698 3531 901 3604 inveteratus
922 3529 1066 3616 abusus,
1088 3527 1355 3630 quem’eoolesia
1372 3555 1466 3629 prae

349 3647 464 3720 sertim
491 3663 568 3746 post
591 3672 686 3722 conc.
716 3645 946 3719 Tridentinnm
978 3641 1196 3719 nullomodo
1225 3644 1368 3732 tolerat,
1397 3646 1465 3718 imo

350 3789 414 3837 nec
434 3763 574 3836 tolerare
603 3778 722 3863 potest.

348 3910 350 3915 ·
424 3874 530 3976 quue
555 3875 759 3950 intellectum
775 3875 932 3950 volumus
955 3877 1027 3951 sive
1052 3878 1187 3977 proprio
1212 3893 1325 3963 motu,
1346 3902 1465 3975 nempe

352 3993 481 4090 privato
507 3990 665 4079 arbitrio,
687 3992 758 4065 sive
784 3992 922 4092 publico
937 3994 1037 4066 otiam
1055 3993 1181 4065 iudicio
1206 3993 1339 4090 cognita
1360 4016 1465 4065 cauea

351 4134 373 4180 a
398 4106 556 4180 tribunali
581 4106 810 4182 ecclesiastico
833 4124 892 4181 aut
917 4107 1006 4180 civili
1033 4135 1073 4182 ac
1096 4106 1164 4182 lata
1189 4107 1374 4193 sententia,
1393 4132 1465 4179 ma·

350 4222 543 4297 trimonium
561 4223 774 4298 dissolvatur.
791 4223 826 4295 Si
845 4246 944 4323 porro
961 4238 1079 4321 agatur
1095 4225 1138 4297 de
1154 4224 1284 4320 graecis
1301 4221 1466 4296 schisma·

352 4335 449 4424 licis,
476 4336 620 4412 ecclesia
652 4335 818 4412 catholica
848 4337 1014 4411 eiusmodi
1045 4336 1189 4412 divortia
1216 4336 1260 4411 de
1286 4337 1371 4411 lecto
1403 4336 1465 4408 im-
