3234 5084
289 483 358 534 uir.
370 481 417 533 u.
433 482 473 534 nr
485 481 563 534 nrss.
577 484 672 536 sira.
685 485 769 549 riri,
783 485 849 537 non
862 485 1023 543 oossuss.
1039 487 1111 543 ttr-
1122 488 1171 547 ω.
1231 466 1302 547 iii

265 601 315 675 td
336 600 562 703 episcopalem
588 616 712 677 statum
737 603 913 704 speciatim
937 604 1028 704 quod
1051 589 1188 695 attinet,
1214 630 1304 681 com-

194 732 347 815 paratum
372 741 449 788 cum
479 730 568 788 statu
594 715 772 815 religioso,
799 742 873 791 eam
897 717 1127 820 quaestionem
1153 717 1305 821 pluribus

192 829 352 931 expendit
375 826 518 904 eximius
543 831 683 919 Suarez,
709 832 768 932 qui
792 848 973 933 utrumqne
996 849 1119 908 statum
1144 831 1305 933 distingui

192 947 338 1020 affirmat
354 971 395 1018 ex
410 970 451 1020 eo
468 946 560 1046 quod
577 930 688 1021 status
705 945 882 1045 religiosus
901 947 946 1023 sit
963 963 1070 1023 status
1095 949 1307 1049 perfectionis

191 1059 439 1161 acquirendae,
463 1062 580 1136 status'
595 1087 674 1137 vero
699 1062 905 1164 episcopalis
923 1063 968 1138 sit
983 1062 1200 1165 per-iectionis
1215 1089 1307 1141 oom-

192 1175 425 1249 munioandae.
446 1176 496 1248 Ex
520 1202 588 1276 quo
613 1176 714 1251 infert
736 1192 861 1251 statum
894 1176 1088 1275 religiosum
1115 1203 1182 1250 non
1207 1178 1307 1254 modo

193 1291 392 1366 instructum
417 1318 493 1367 esse
516 1306 670 1393 oportere
693 1293 815 1368 modiis
841 1293 975 1367 idoneis
997 1292 1043 1368 ad
1069 1293 1307 1393 perfectionem

191 1407 472 1506 comparandam,
494 1434 609 1482 verum
626 1409 726 1483 etiam
744 1407 788 1482 ad
806 1405 982 1481 obstacula
994 1406 1207 1496 removenda,
1220 1432 1308 1507 quae

195 1518 244 1591 ilii
267 1520 482 1620 aoquisitioni
500 1521 680 1613 obsistere,
697 1506 759 1598 seu
772 1522 863 1596 iliam
878 1521 1042 1623 impedire
1055 1537 1206 1622 possent.
1221 1521 1308 1609 Con·

193 1650 245 1708 tra
268 1660 349 1710 vero
373 1635 459 1709 nihil
493 1636 613 1711 horum
648 1636 796 1738 postulat
826 1652 934 1713 status
965 1637 1220 1739 episcoporum,
1247 1637 1307 1736 qui

193 1750 397 1848 supponitur
420 1749 609 1851 perfectus,
633 1767 668 1825 et
685 1777 762 1826 curn
780 1776 849 1853 quo
872 1750 1054 1826 cohaerent
1076 1774 1220 1849 magnus
1245 1748 1309 1824 ho-

193 1889 275 1953 nor,
303 1865 458 1965 superior
481 1880 628 1967 potestas
645 1884 679 1941 et
699 1866 810 1941 minor
833 1866 1018 1954 subiectio,
1038 1890 1079 1940 ao
1096 1888 1206 1940 rerum
1224 1881 1308 1938 tem·

193 1978 358 2079 porulium
375 1982 548 2080 possessio
564 1998 737 2084 tamquam
754 1982 867 2056 media
884 1995 964 2082 apta
980 1980 1024 2055 ad
1042 1981 1216 2082 proprium
1235 2005 1306 2059 mu·

193 2120 258 2169 nus
283 2094 524 2184 exercendum,
552 2114 814 2198 supponuntque
840 2095 1107 2172 excellentiorem
1132 2092 1307 2195 perfectio-

193 2235 269 2282 nem
288 2210 323 2282 in
341 2235 400 2298 eo,
420 2210 479 2311 qui
497 2211 541 2284 ad
555 2200 660 2285 talem¹
675 2227 798 2289 statum
819 2212 981 2287 ascendit.
1002 2210 1087 2285 (ium
1104 2208 1207 2308 igitur
1222 2209 1309 2283 inter

195 2324 306 2398 modia
339 2323 461 2400 idonea
485 2324 528 2400 ad
549 2320 793 2427 'perfectionem
824 2324 1063 2427 acquirendam
1091 2324 1308 2400 consiliorum

194 2438 459 2537 evangelicorum
474 2438 664 2514 observatio
677 2441 742 2529 sit,
759 2440 917 2513 nimirum
931 2439 1112 2527 castitatis,
1129 2438 1309 2513 subiectio-

193 2553 248 2627 nis
271 2570 306 2628 et
330 2554 563 2652 abnegationis
587 2553 751 2629 bonorum
775 2555 1028 2656 temporalium,
1063 2554 1102 2629 fit
1133 2569 1172 2628 ut
1200 2567 1309 2626 status

194 2666 373 2766 religiosus
390 2686 510 2744 natura
525 2695 589 2744 sua
604 2671 759 2770 componi
774 2686 919 2770 nequeat
930 2695 1006 2744 cum
1020 2684 1111 2743 statu
1124 2667 1306 2767 coniugali,

192 2799 248 2858 ast
272 2783 363 2857 idem
388 2784 456 2860 dici
482 2786 599 2886 nequit
622 2811 665 2860 oro
688 2810 738 2870 so,
758 2802 797 2858 ut
813 2783 1132 2870 animadvertimus,
1153 2782 1197 2855 de
1219 2796 1309 2858 statu

193 2898 399 3002 episcopali,
419 2899 475 2974 cui
491 2899 635 2976 ecclesia
652 2898 726 2974 soia
742 2898 983 2974 continentiam
1001 2896 1163 2996 alligavit.
1179 2895 1310 2971 Exinde

193 3012 402 3113 dignoscitur
418 3014 509 3118 quod
525 3014 681 3117 quamuis
698 3030 807 3090 status
826 3012 1051 3115 episcopalis,
1073 3026 1175 3114 atque
1191 3008 1308 3097 etiam,

195 3131 226 3204 si
250 3127 299 3202 ita
323 3126 453 3231 placet,
481 3144 589 3205 status
613 3127 833 3207 sacerdotalis
858 3128 1074 3229 perfectiores
1095 3153 1157 3227 por
1180 3152 1213 3200 se
1242 3125 1313 3200 sint

195 3258 285 3321 statu
309 3243 489 3344 religioso,
517 3260 627 3320 tamen
653 3270 713 3346 per
736 3243 830 3317 huno
854 3243 1031 3316 dirimatur
1051 3241 1244 3341 coniugium
1263 3267 1314 3313 ra-

194 3374 287 3448 tum,
315 3384 383 3447 uon
409 3358 488 3432 item
511 3384 591 3434 vero
616 3383 677 3459 per
699 3356 776 3432 illos
792 3360 882 3453 (90).

266 3559 318 3625 (to)
333 3559 372 3612 ct.
384 3561 523 3612 suerrum
533 3559 672 3624 rottqtons,
684 3556 1036 3623 part.11.lib.1.sosp.x1v.
1047 3553 1080 3606 ad
1092 3556 1146 3606 xx.
1156 3550 1202 3605 uht
1215 3552 1311 3607 ostres-

195 3651 251 3695 tutu
263 3639 313 3693 hoo
329 3641 501 3703 argumentum
520 3637 638 3704 expendit
650 3637 753 3701 tuaeque
767 3635 922 3703 persequitur
933 3634 964 3685 de
973 3635 1039 3686 sun
1049 3633 1163 3698 religioso
1178 3631 1211 3683 ad
1220 3632 1313 3683 stam

196 3718 358 3785 episcopatem
380 3719 531 3784 comparuto.
551 3715 691 3771 Notandum
709 3719 805 3777 umes,
826 3714 902 3766 tuisse
920 3713 1068 3777 singularem
1084 3713 1224 3777 opinionem
1242 3709 1311 3761 cord.

195 3798 313 3851 osttcusu
328 3799 355 3851 in
368 3800 492 3860 summo,
506 3796 593 3849 eadent
607 3794 701 3862 potiere
712 3794 739 3846 rt
753 3807 851 3847 naum
862 3792 975 3845 crutam
989 3806 1019 3844 rc
1031 3790 1206 3857 protasium
1216 3789 1313 3854 rcttgto

194 3890 248 3928 sum
259 3878 291 3929 sd
301 3879 448 3931 tetrardum
458 3876 643 3930 msutmonluur
653 3878 742 3928 ratum.
752 3878 796 3928 Ast
806 3876 868 3926 haec
879 3874 994 3927 doctrine
1002 3874 1095 3925 directe
1104 3871 1237 3937 opponttur
1246 3873 1311 3922 corr·

197 3957 320 4009 aunum
335 3959 660 4023 tormsxxmraqcae
670 3955 786 4017 devoto,
801 3968 877 4019 quam
891 3955 1005 4020 copertus
1017 3951 1191 4017 amavimus,
1202 3950 1315 4014 adeoquo

198 4035 296 4088 nullum
316 4035 403 4091 munt
421 4037 632 4105 adstipulatorem.
650 4033 690 4086 (tt.
708 4033 783 4086 aiam
803 4033 917 4086 settara.
932 4028 977 4084 liin
989 4034 1020 4083 ΙΙ.
1034 4028 1221 4084 mmm
1234 4041 1259 4079 c.
1271 4034 1311 4079 t&

196 4129 223 4170 n.
236 4121 265 4169 rt
277 4127 347 4181 sequ
