3234 5084
306 451 377 506 oar.
395 452 420 505 1.
432 451 503 505 ιιι.
520 450 569 505 ιιι.
585 451 626 505 na
638 451 978 517 massmannum.
990 450 1062 507 nna·
1074 451 1190 507 ιιιιιι.
1245 431 1318 505 lul

273 571 362 645 llinc
375 568 580 647 concludunt
597 570 804 668 argumentis
817 569 995 661 omnibns,
1012 595 1217 672 qunesmra
1232 586 1322 647 aun-

200 685 322 774 limus,
351 687 399 761 ita
422 686 543 761 confici
564 685 813 761 matrimonium
843 702 963 761 natura
983 713 1048 762 sua
1070 713 1148 761 esse
1168 686 1319 763 indisso-

198 800 324 890 lubile,
354 814 392 876 ut
420 827 559 876 necesse
582 827 649 876 noo
667 801 713 877 sit
734 800 788 876 uel
809 801 853 876 ad
876 818 1091 903 praeceptum
1112 801 1309 902 positivum,

197 915 251 992 rel
278 916 322 990 ad
346 917 548 991 sacramenti
574 917 737 991 rationem
765 942 947 991 recurrero.

273 1033 323 1106 lta
343 1031 481 1131 quidem
506 1056 574 1105 non
606 1031 706 1131 pauci
733 1057 845 1132 neque
869 1030 1037 1129 ignobiles
1063 1029 1227 1129 theologi,
1256 1029 1316 1130 qni
1383 978 1387 997 ἶ

199 1146 344 1246 proinde
368 1146 491 1220 acriter
515 1145 719 1221 invehuntur
744 1147 779 1219 in
803 1145 899 1235 illos,
921 1146 980 1246 qui
1002 1161 1069 1220 tam
1087 1144 1217 1221 abiecte
1241 1170 1321 1218 sen-

199 1260 289 1334 tiunt
304 1259 499 1359 deqvinculo
526 1260 697 1359 coniugali
714 1285 756 1334 ox
780 1260 854 1334 iure
878 1275 1035 1347 naturae,
1058 1259 1157 1359 qnasi
1177 1258 1243 1333 non
1261 1285 1320 1333 en·

199 1390 358 1476 posceret
371 1375 599 1450 omnimodam
624 1375 659 1448 ri
684 1400 748 1449 sua
772 1374 962 1449 firmitatem
978 1399 1020 1449 ao
1035 1373 1319 1449 indissolubilite-

199 1504 268 1564 tem
292 1490 360 1564 nisi
385 1488 588 1565 sacramenti
614 1489 700 1564 ratio
725 1490 941 1566 accessisset.

274 1604 447 1705 Quidquid
466 1631 565 1706 porro
582 1604 626 1681 de
650 1605 716 1680 hac
739 1606 953 1681 contentione
978 1606 1036 1695 sit,
1064 1605 1164 1682 nobis
1184 1605 1321 1681 ridetur

199 1744 241 1794 ex
268 1746 339 1795 una
364 1735 458 1820 parte
488 1720 637 1819 coniugii
668 1719 976 1795 indissolubitntem
1010 1747 1052 1794 er
1076 1721 1152 1821 ipso
1179 1736 1321 1797 naturae

201 1836 339 1936 exposci
364 1837 459 1924 iure,
480 1836 566 1911 adeo
580 1854 620 1913 nt
643 1836 730 1910 nihil
755 1836 802 1912 sit
826 1837 861 1911 in
887 1863 998 1911 rorum
1022 1853 1143 1912 natura
1166 1834 1258 1936 quod
1282 1834 1321 1908 il·

198 1949 260 2024 lud
284 1949 470 2026 dissolvere
493 1977 534 2026 ac
558 1951 717 2026 dirimere
739 1951 872 2039 valeat,
897 1950 1058 2051 nullaque
1083 1950 1233 2025 humana
1263 1975 1321 2050 po·

198 2080 324 2155 testas,
352 2090 442 2166 quae
469 2065 641 2141 sincidunt
670 2065 781 2165 possit
808 2066 985 2164 attingere.
1017 2066 1138 2141 Verum
1163 2081 1198 2140 et
1225 2064 1316 2139 'illud

199 2179 345 2254 latemur
371 2179 550 2256 eiusmodi
567 2181 759 2255 firmitatem
777 2180 1018 2257 omnimodam
1046 2180 1138 2255 haud
1163 2196 1320 2282 spectaro

199 2295 245 2370 ad
276 2295 351 2370 iura
381 2295 541 2397 primaria
572 2322 634 2371 seu
667 2295 864 2373 essentialia
895 2295 980 2394 logis
1014 2295 1203 2387 naturalis,
1234 2296 1320 2372 alio-

200 2410 284 2511 quin
309 2437 372 2486 aec
396 2411 488 2493 Deus
514 2411 589 2513 ipse
614 2426 731 2513 possm
754 2411 839 2488 illud
861 2410 1071 2510 disiungere,
1089 2411 1189 2513 [quod
1206 2428 1319 2488 tamon

202 2551 303 2602 nemo
327 2526 429 2603 dicet.

275 2643 325 2717 llx
348 2642 455 2719 altera
469 2669 550 2719 roro
569 2660 663 2745 parte
688 2644 805 2742 negari
824 2643 916 2719 haud
941 2669 1043 2746 posse
1059 2644 1192 2720 ridetur
1208 2643 1318 2718 maius

204 2759 318 2835 adhuc
335 2758 456 2849 robur,
472 2759 1073 2860 firmioremqueindiesclubilitatem
1091 2776 1227 2834 nactum
1243 2784 1322 2834 asse

201 2874 454 2951 matrimonium
481 2875 740 2951 christianornm
766 2892 837 2951 tum
859 2903 900 2950 ex
925 2876 999 2952 iure
1022 2876 1168 2978 positivo
1187 2875 1318 2962 divino,

201 2988 335 3064 dicente
358 2989 514 3078 Christo;
538 2989 671 3077 «Quod
701 2990 793 3065 Daue
824 2990 1018 3079 coniunxit,
1047 2990 1148 3067 homo
1175 3016 1242 3067 non
1267 3015 1323 3064 se-

202 3121 316 3204 paret;
330 3135 348 3177 a
364 3120 434 3181 tum
452 3107 653 3181 animitate
679 3107 900 3195 sacramenti,
920 3132 989 3207 quo
1006 3105 1056 3196 fit,
1076 3123 1115 3182 ut
1130 3105 1223 3181 nullo
1247 3132 1322 3179 nm

201 3246 305 3321 quam
323 3221 360 3295 in
385 3247 468 3297 casu
486 3221 737 3296 matrimonium
755 3220 908 3295 fidelium
930 3221 1035 3297 semel
1052 3234 1321 3296 consummatum

200 3338 314 3439 possit
344 3337 499 3413 dissolvi.
527 3337 701 3439 Quidquid
733 3364 834 3439 portu
857 3337 1065 3438 vasquezius
1098 3362 1140 3411 ac
1168 3335 1321 3411 nonnulli

201 3451 261 3526 alii
278 3477 355 3526 curn
373 3454 449 3554 ipsc
466 3453 629 3541 sentitmt,
650 3450 798 3525 dubitari
817 3451 935 3553 nequit
953 3478 983 3526 s.
1003 3450 1228 3549 Augustinum
1252 3474 1323 3522 ma-

203 3567 308 3642 iorem
333 3568 524 3643 firmitatem
550 3568 731 3668 agnovisse
747 3592 788 3642 ac
805 3568 944 3667 saepius
964 3565 1155 3641 iuoulcasse
1180 3565 1215 3637 in
1241 3588 1322 3638 oon-

203 3682 307 3781 iugiis
337 3681 506 3771 fidelium,
534 3709 636 3784 quam
658 3682 693 3754 in
719 3697 903 3757 ceterorum
931 3680 1128 3769 manubiis,
1148 3679 1253 3779 idque
1276 3677 1322 3753 oh

204 3799 405 3873 sacramenti
430 3798 627 3897 dignitatem
646 3824 749 3900 quam
773 3798 945 3875 exclusive
968 3796 1098 3874 obtinet
1122 3795 1323 3871 christiano·

204 3940 279 3988 rum
305 3915 567 3989 matrimonium.

277 4028 329 4103 Ad
355 4030 440 4105 haec
463 4028 696 4131 componenda
712 4029 818 4132 aliqui
836 4029 1003 4130 theologi,
1024 4031 1112 4105 inter
1125 4053 1211 4130 quoe
1235 4024 1321 4102 omi-

206 4162 264 4222 net
278 4145 425 4223 Basilius
441 4148 579 4222 Pontius
595 4147 693 4244 (111)
722 4147 759 4221 in
776 4147 990 4250 matrimonio
1018 4146 1201 4246 generatim
1231 4168 1322 4220 surn-

280 4412 346 4477 (ttt)
359 4412 413 4465 Lib.
424 4415 444 4463 1.
454 4425 470 4463 a
479 4425 534 4478 cap.
546 4414 589 4465 xl.
599 4412 692 4465 cdxv.
