3234 5084
372 410 435 466 mr.
450 409 500 467 m.
515 407 602 467 urar,
619 412 642 466 r.
660 410 702 467 m
713 410 814 468 mm.
830 400 952 469 uuum.
969 409 1116 471 martra
1272 392 1297 470 'i

185 534 298 607 ninas
319 532 504 607 conformis
528 552 631 633 quam
656 533 702 606 ab
724 554 765 608 aa
789 554 928 635 prorsus
956 526 1127 610 diiiormis
1153 536 1298 613 dicenda

185 648 249 736 sit3
269 675 313 723 au
336 672 379 723 eu
403 649 518 724 divine
542 650 616 724 iure
638 651 740 724 suam
757 665 837 725 ante
857 642 1078 751 Euangeliu‘m
1100 654 1202 728 vetita
1226 654 1299 729 lue·

184 768 244 851 rit,
260 762 346 840 adeo
358 781 396 840 ut
408 766 482 839 sine
494 759 610 841 diuina
621 764 873 865 dispensatione
885 768 1088 867 frequentari
1101 759 1299 843 licitorum-

183 904 284 979 quam
304 880 466 981 potuerim
486 906 532 953 au
549 880 694 980 denique
710 881 746 952 in
772 881 846 980 legs
862 882 1065 980 Euangeliou
1091 883 1136 956 sit
1160 885 1296 960 omnino

181 995 327 1084 abolita,
356 995 443 1069 adeo
467 1011 505 1068 ut
527 996 642 1070 unitas
666 998 795 1070 censeri
826 997 946 1070 debeat
976 988 1103 1097 prima?
1119 986 1295 1074 christiani

185 1110 388 1183 matrimonii
413 1110 610 1210 proprietas.

257 1226 355 1312 Quod
384 1250 462 1300 rere
492 1240 622 1325 spectat
649 1227 692 1299 ed
716 1226 945 1326 polygamiam
977 1230 1223 1318 successivam,
1256 1255 1297 1303 ea

184 1343 339 1442 quam
371 1341 491 1417 unitati
523 1338 701 1415 christiani
731 1341 935 1416 matrimonii
970 1369 1038 1416 neu
1053 1332 1056 1335 ¹
1072 1345 1291 1434 adversetur,

182 1458 257 1532 eius
280 1473 393 1531 tamen
416 1452 611 1558 perlectioni
634 1457 745 1531 miuus
766 1458 933 1555 congruit.
959 1455 1046 1532 llinc
1072 1460 1216 1534 ecclesia
1242 1486 1296 1535 se

182 1573 312 1647 cundas
336 1570 579 1673 ulterioresque
604 1572 741 1671 nuptias
774 1598 909 1672 semper
941 1574 1077 1675 quidem
1111 1575 1232 1677 babuit
1258 1593 1297 1651 tit

182 1688 313 1762 validas
338 1701 439 1787 atque
468 1688 656 1785 legitimas,
683 1702 718 1759 at
738 1686 839 1761 simul
872 1714 951 1788 erga
983 1714 1043 1764 eas
1075 1690 1295 1791 disciplinam
1347 1712 1350 1718 '

182 1803 260 1903 plus
276 1804 434 1877 minusve
451 1828 601 1877 seueram
620 1802 792 1876 adhibuit:
814 1802 918 1879 nostri
937 1806 1049 1905 itaque
1067 1808 1217 1881 muneris
1231 1808 1295 1882 erit

181 1918 345 1992 ecclesiae
370 1917 435 1992 hac
461 1918 566 1991 dere
591 1916 776 1991 doctrinam
807 1918 1090 2021 disciplinamque
1111 1921 1292 1996 illustrare.

256 2034 309 2107 lta
332 2058 433 2134 porro
457 2037 486 2107 si
506 2058 568 2133 pro
582 2032 714 2107 viribus
731 2034 987 2134 quaestionibus
1005 2037 1290 2126 satisfecerimus,

183 2174 271 2249 quas
288 2149 331 2225 de
348 2146 541 2249 polygamia
557 2147 760 2223 simultanea
777 2176 817 2223 ac
834 2152 1027 2225 successivo
1050 2151 1290 2241 indicarimus,

180 2291 222 2339 eo
247 2265 324 2365 ipso
356 2265 466 2363 prima
496 2264 672 2339 christiani
705 2265 908 2337 matrimonii
939 2268 1145 2366 proprietas,
1173 2284 1294 2369 nempe

180 2381 313 2471 unitas,
343 2380 566 2456 illustrabitur
590 2395 624 2455 et
646 2379 885 2454 vindicabitur.

613 2579 778 2641 CAPUT
794 2583 831 2641 Ι.

495 2741 537 2793 ii!
560 2740 736 2794 rabiemi
761 2742 969 2795 siluimus.

598 2895 806 2952 amictibus
826 2897 848 2951 l.

188 3044 253 3106 Neu
271 3001 366 3107 mium
385 3044 535 3106 christiani
557 3044 734 3105 Matrimonii
751 3048 875 3123 unitati,
890 3047 940 3107 sed
961 3050 1014 3124 ipsi
1036 3048 1214 3108 Matrimonii
1235 3062 1285 3108 uo·

256 3146 341 3220 doni,
361 3149 489 3221 spectatu
509 3145 598 3203 etiam
618 3142 680 3203 solo
699 3145 915 3221 insecuturae,
935 3144 1043 3206 directa
1061 3147 1217 3222 opponitur
1236 3156 1286 3222 iio·

255 3240 392 3320 lyandria
410 3248 440 3301 et
459 3256 584 3301 morum
604 3243 783 3301 communio.

252 3413 315 3486 vix
343 3412 423 3486 olim
449 3413 492 3485 de
517 3408 714 3514 polyandria
738 3438 759 3484 a
787 3408 950 3512 theologis
983 3412 1230 3487 disserebatur:
1258 3429 1291 3487 at

182 3527 380 3627 plerumque
398 3553 501 3627 penes
520 3553 636 3602 omnes
653 3526 703 3600 uti
722 3542 830 3601 ratum
848 3528 1019 3627 linumque
1035 3524 1287 3614 assumebatur,

180 3666 256 3715 eam
269 3641 528 3716 abominandam
542 3641 785 3741 turpitudinem
799 3643 1016 3743 praeseferre.
1034 3640 1186 3713 Attamen
1202 3667 1290 3713 nuuc

179 3758 331 3856 cogimur
343 3758 455 3857 ipsam
465 3757 589 3833 adoriri
599 3773 779 3857 postquam
790 3756 928 3856 pessimi
940 3756 1093 3830 homines
1104 3754 1290 3829 doctrinam

180 3873 224 3946 de
238 3871 436 3972 polyandria
447 3872 543 3946 ioede
556 3871 762 3945 inuenerunt.
779 3870 1027 3944 Sansimoniani
1043 3867 1291 3969 proclamarunt

179 3988 282 4063 ueluti
300 3986 502 4088 principium
520 3986 767 4061 fundamentale
780 3989 1039 4060 communitatem
1051 3980 1285 4085 foeminarum,

177 4130 219 4179 ac
235 4106 394 4204 [seminus
405 4106 708 4203 emancipationem,
724 4104 898 4203 foeminam
917 4102 1052 4175 liberum
1068 4103 1132 4197 (i).
1154 4100 1291 4174 Feurie·

251 4291 286 4355 (t)
300 4292 338 4342 lta
353 4291 515 4344 Lucumone
530 4292 557 4343 iu
568 4292 684 4343 Histoire
699 4289 732 4342 cte
748 4289 797 4341 dtu
814 4289 1107 4343 circumlucentem.
1122 4288 1155 4338 ii.
1168 4300 1223 4351 pag.
1234 4274 1297 4339 tet.¹

174 4369 628 4424 ubiscribitzrbessaintsaimouieus
637 4369 789 4422 summum
798 4364 1210 4421 muteeumrmtatersuim
1219 4366 1289 4415 bum
