3234 5084
320 377 387 448 odd
462 396 523 448 on.
545 396 591 447 ιιι.
612 393 701 445 seur.
722 389 1280 443 rtrnnn.onrno1ss.rrtrn.uunrsr.

273 558 279 567 ·
317 514 538 591 subeuntium
563 536 603 586 ea
629 537 650 582 a
673 509 807 583 Christo
833 508 1002 608 provenit,
1023 507 1134 608 quoad
1155 507 1290 581 modum
1306 507 1352 581 ab
1369 535 1427 582 ee-

317 630 432 704 clesia.
454 627 544 700 Haeo
568 625 635 699 duo
660 622 853 725 permisceri
876 624 962 696 inter
977 649 1014 696 se
1031 637 1222 722 nequeunt,
1242 623 1288 695 uti
1305 623 1427 696 adver·

316 744 397 818 sarii
411 743 519 816 iacere
530 754 787 827 eunsueverunt,
804 739 883 812 dum
897 739 991 810 aiunt
1002 736 1092 837 quud
1109 753 1161 810 est
1177 736 1310 810 divinae
1325 737 1424 810 insti-

316 856 453 932 tutionis
475 880 539 928 non
564 879 664 955 posse
689 853 820 926 irritum
845 853 917 924 fieri
943 851 986 924 ab
1011 851 1158 923 humana
1182 866 1352 950 potestate.
1380 852 1421 922 in

315 996 383 1071 quo
399 970 467 1071 ipsi
486 968 608 1067 triplici
628 968 755 1040 ratione
772 983 932 1065 peccunt,
952 964 1032 1036 dum
1050 979 1229 1037 assumunt
1243 963 1423 1063 perfectius

314 1086 402 1160 vitae
424 1110 529 1182 genus
555 1083 646 1183 quod
670 1109 691 1155 a
713 1083 785 1154 uiro
810 1079 966 1177 religioso
991 1079 1195 1177 suscipitur,
1223 1103 1300 1150 esse
1323 1078 1423 1150 insti-

306 1199 451 1274 tutionis
476 1199 662 1285 humanae,
684 1224 761 1270 eum
777 1196 823 1269 sit
838 1194 1058 1269 institutionis
1083 1194 1236 1280 divinae,
1261 1193 1342 1266 dum
1367 1220 1425 1294 pa·

315 1319 393 1403 riter
409 1331 585 1391 assumunt
602 1314 645 1387 ab
657 1313 820 1388 eeclesiae
837 1312 1031 1385 auctoritate
1048 1309 1225 1409 provenire
1240 1309 1333 1409 quod
1350 1334 1425 1409 pro

315 1430 419 1506 fessio
443 1428 600 1526 religiosa
615 1427 723 1502 solvat
739 1426 930 1524 coniugium
951 1442 1080 1512 ratum,
1106 1450 1182 1497 eum
1204 1423 1240 1495 id
1261 1438 1422 1497 statutum
1489 1420 1496 1431 “

315 1545 360 1618 sit
380 1571 401 1617 a
421 1543 556 1617 Christo
578 1544 667 1637 (82),
690 1541 771 1614 dum
796 1540 943 1640 denique
967 1539 1168 1639 permiscent
1192 1538 1239 1610 rei
1265 1537 1426 1610 substan-

315 1660 396 1733 tiam
411 1659 449 1730 in
468 1656 674 1758 professione
693 1656 942 1753 religiosarum
958 1679 999 1727 eo
1016 1652 1107 1752 quod
1124 1654 1160 1725 in
1176 1652 1292 1725 eadem
1314 1652 1425 1726 adsui-

314 1773 421 1846 titium
441 1789 510 1867 est,
527 1772 647 1870 nempe
663 1797 740 1844 eum
759 1768 989 1855 solemnitate,
1010 1793 1097 1868 quae
1113 1780 1202 1840 oerte
1219 1766 1262 1840 ab
1279 1766 1423 1841 ecelesia

316 1915 412 1963 suam
438 1888 601 1986 originem
626 1887 756 1985 repetit.

383 2002 495 2076 Altera
507 1999 688 2076 difficultas
701 2028 741 2074 ex
753 2028 793 2075 eo
808 2003 946 2101 petitur,
962 1997 1051 2101 quod
1070 2016 1177 2075 ratum
1195 1998 1418 2084 solumnodo,

312 2140 378 2192 non
402 2119 481 2193 nero
502 2118 604 2192 etiam
622 2134 888 2192 consummatum
911 2118 1158 2191 matrimonium
1175 2115 1332 2213 religiosa
1348 2139 1425 2213 pre·

312 2233 459 2307 sessione
476 2232 642 2307 solvatur:
663 2232 724 2306 sed
742 2233 825 2306 haee
847 2258 981 2332 quoque
1002 2231 1189 2318 evanescit,
1211 2231 1242 2304 si
1260 2229 1343 2304 ratio
1361 2229 1422 2301 ha-

310 2346 430 2422 beatur
453 2346 589 2422 divinae
607 2348 806 2434 voluntatis,
829 2372 916 2448 quae
933 2347 1028 2420 aliter
1043 2345 1234 2432 constituit,
1255 2359 1353 2445 prout
1369 2368 1424 2416 eo-

311 2463 415 2538 elesia
440 2462 533 2537 illius
558 2462 723 2561 interpres
740 2463 861 2559 iugiter
879 2461 1030 2561 professa
1046 2477 1118 2547 est;
1139 2477 1171 2533 et
1188 2460 1217 2533 si
1237 2457 1422 2558 aliquando

310 2578 346 2651 id
357 2580 561 2651 attentatum
579 2576 695 2663 fuerit,
711 2592 903 2651 constanter
916 2577 1114 2674 reprobavit,
1134 2575 1326 2674 praesertim
1342 2599 1422 2646 earm

311 2693 400 2792 apud
421 2718 560 2792 graecos
578 2692 635 2764 hio
651 2694 779 2766 abusus
797 2692 922 2792 pariter
938 2691 981 2765 ob
999 2691 1089 2788 leges
1106 2689 1296 2789 imperiales
1315 2686 1422 2762 inole-

311 2806 359 2879 rit
385 2805 534 2881 solvendi
550 2806 597 2893 ,ob
614 2807 833 2879 monasticum
861 2805 1099 2906 professionem
1127 2804 1317 2900 coniugium
1341 2827 1424 2876 eon·

314 2922 516 2993 summatum
534 2923 622 3013 (83).
635 2922 722 2992 Sane
740 2919 774 2990 id
794 2936 885 3018 patet
902 2936 971 2993 tum
988 2946 1029 2993 ex
1046 2918 1184 3019 antiquo
1201 2932 1335 2991 auctore
1351 2917 1425 3017 epi-

311 3033 415 3107 stolae
440 3033 482 3105 ad
507 3032 692 3106 Celautiam
718 3033 804 3106 inter
830 3032 1110 3134 Hieronymiauas
1135 3032 1338 3119 recensitae,
1359 3032 1421 3133 qui

309 3147 429 3222 aeriter
444 3146 628 3220 matronam
646 3145 734 3221 hane
746 3149 868 3245 arguit,
879 3146 969 3247 quod
982 3148 1112 3247 absque
1124 3148 1234 3220 mariti
1253 3172 1421 3221 consensu

770 3238 785 3261 V

309 3262 543 3337 continentiam
561 3263 708 3337 uouisset
723 3266 757 3360 (8
764 3265 813 3359 i);
831 3278 900 3337 tum
917 3290 958 3337 ex
975 3290 1005 3336 s.
1016 3262 1194 3360 Augustini
1217 3262 1361 3363 epistola
1375 3262 1418 3336 ad

384 3451 435 3514 (aa)
450 3452 539 3516 iieipsa
557 3451 711 3502 ehemnitius
725 3451 750 3502 io
762 3452 887 3502 Bromia.
897 3465 968 3502 conr.
982 3451 1044 3502 trid.
1056 3451 1088 3502 ad
1101 3465 1155 3502 eun.
1166 3454 1196 3500 V,
1208 3453 1217 3516 (
1228 3451 1348 3515 siquidem
1368 3451 1421 3514 ipse

310 3542 428 3582 monem
443 3532 485 3581 Vl.
496 3532 542 3581 suo
554 3544 622 3582 num.
634 3534 664 3582 v.
677 3533 759 3595 posuit
766 3533 784 3593 i,
794 3534 926 3595 utrumque
937 3533 972 3582 uti
984 3537 1077 3583 cenum
1088 3533 1197 3583 amount.

377 3613 433 3673 ‘teti
449 3610 477 3661 id
487 3611 553 3662 enim
566 3610 704 3661 invenimus
714 3612 892 3674 constitutum,
903 3612 939 3662 uti
949 3611 999 3661 iam
1008 3611 1126 3674 diximus,
1143 3613 1168 3662 iu
1184 3612 1286 3663 Noreia
1299 3619 1337 3663 ιι.
1349 3611 1419 3662 lusti·

310 3690 376 3740 niani
388 3693 424 3740 De
437 3693 538 3754 nuptiis
556 3690 598 3740 ubi
617 3690 648 3740 de
661 3690 714 3740 iure
729 3691 893 3755 repudiorum.
907 3693 966 3742 item
980 3691 1022 3741 tib.
1034 3698 1057 3741 t.
1070 3689 1125 3742 eod.
1137 3690 1176 3742 tit.
1191 3695 1225 3741 17.
1239 3692 1264 3741 et
1276 3691 1302 3740 in
1312 3690 1419 3753 Digestis

309 3768 351 3819 tit.
371 3770 407 3819 De
422 3767 552 3819 divortiis.
564 3771 665 3832 insuper
676 3769 701 3818 in
710 3770 813 3820 Noreiia
827 3777 877 3821 tot.
892 3772 1107 3820 Desoncttssimts
1116 3771 1307 3833 episcopiam.
1316 3769 1418 3821 sosoi·

309 3849 391 3899 votur
399 3849 605 3898 matrimonium.
616 3849 693 3911 idque
704 3853 834 3913 postquam
847 3850 947 3900 Photide
963 3862 1008 3899 suo
1019 3850 1195 3901 iiomoeanoni
1206 3851 1271 3913 rega
1281 3850 1419 3913 imperiales

307 3930 433 3991 tamquam
441 3930 536 3991 partem
545 3926 606 3977 iuris
616 3928 725 3978 canonici
737 3928 852 3992 inseruit;
861 3932 934 3994 prout
944 3929 1035 3981 tactum
1045 3932 1081 3980 est
1089 3930 1154 3980 cirea
1163 3929 1350 3981 dissolutionem
1358 3942 1414 3981 con·

309 4007 369 4070 iugii
387 4006 420 4058 ob
440 4005 595 4069 adulterium.
617 4006 710 4057 Exinde
723 4007 787 4058 enirn
799 4010 879 4059 omnis
892 4009 949 4060 maii
960 4009 1026 4059 iubes
1037 4023 1110 4072 pones
1119 4022 1220 4072 graecos
1230 4009 1306 4073 repeti
1319 4008 1400 4060 debet.

379 4087 429 4149 (st)
444 4088 511 4137 iisse
519 4086 623 4151 epistola
632 4087 665 4138 ab
678 4090 790 4151 Ειιιιιιιο,
800 4091 825 4139 et
833 4088 865 4138 ab
877 4088 1012 4140 editoribus
1023 4089 1140 4139 mandris
1149 4088 1272 4153 adscripta
1282 4091 1348 4139 ests.
1355 4091 1416 4139 Pau·

308 4165 372 4227 iioe;
382 4167 467 4216 matra
478 4178 536 4216 rero
546 4167 680 4219 Vaiiarsius
692 4181 746 4218 eam
763 4168 849 4219 tribuit
864 4169 971 4232 Sulpicio
985 4173 1088 4232 Severo,
1104 4169 1148 4233 qui
1163 4168 1210 4219 tuit
1224 4183 1258 4220 ss.
1269 4168 1417 4233 liiuonynm

310 4248 334 4296 st
345 4244 446 4294 Pauline
460 4258 572 4297 coaevus.
581 4246 619 4297 ei.
631 4247 704 4299 huius
714 4247 815 4299 editoris
828 4249 1018 4300 adnotationem.
1031 4252 1090 4299 liam
1100 4248 1200 4299 exhibet
1210 4248 1351 4299 immediate
1361 4251 1416 4312 post

307 4324 422 4390 epistolas
434 4316 454 4375 ι’.
463 4324 603 4389 Hieronymi
623 4328 740 4388 genuinas
758 4327 804 4377 sub
819 4341 885 4377 nom.
898 4331 1028 4380 cmiii.
