3234 5084
336 454 404 526 3⁴2
480 478 540 526 Llll.
555 477 601 527 lll.
620 477 706 528 ΜΤ.
725 479 853 529 lffllli.
872 480 911 529 ll!
930 454 1153 532 mitiss-'illih-
1170 481 1292 532 cunitr.

334 611 387 667 sat
404 592 525 678 multa,
546 594 672 692 inquit,
696 594 730 666 in
752 595 899 668 medium
918 596 1120 670 adduximus
1136 598 1249 692 (itt).
1270 594 1334 667 Alii
1353 612 1449 695 opta-

335 725 469 794 verunt,
492 723 527 781 ut
552 733 659 782 canon
685 708 839 782 adulterii
866 710 1039 809 speciatim
1063 711 1265 784 mentionem
1291 710 1442 792 fecisset,

335 848 402 922 quo
428 822 592 921 probandi
618 824 649 896 vi
676 824 848 921 gauderet.
877 823 1035 898 Nonnulli
1062 824 1268 924 interpretati
1287 841 1366 899 sunt
1388 851 1447 924 po-

336 936 547 1011 stulationem
565 938 699 1013 concilii
725 939 768 1013 de
791 939 865 1038 lege
890 940 1073 1039 imperiali,
1098 957 1136 1014 ut
1160 967 1200 1014 ea
1224 940 1377 1015 illicitum
1394 941 1446 1013 di·

335 1053 496 1138 vortium,
511 1056 641 1129 virente
655 1054 758 1128 altero
774 1054 1180 1155 coniugadeclararetur
1213 1055 1291 1130 aliis
1317 1073 1446 1156 praeter

229 1265 235 1274 ·
336 1167 534 1243 adulterium
550 1172 663 1246 causis
682 1171 821 1256 lactum,
843 1170 887 1244 ad
907 1170 1034 1244 abusus
1054 1172 1304 1272 praecavendos
1329 1175 1440 1269 (191).

408 1283 467 1357 Ast
483 1311 523 1357 ex
540 1286 594 1358 his
621 1285 725 1383 ipsis,
746 1311 834 1385 quae
859 1284 1021 1358 obiiciunt
1037 1285 1222 1360 adversarii
1245 1287 1354 1384 magis
1372 1312 1446 1360 con-

336 1401 487 1473 firmatur
509 1401 561 1474 vis
582 1401 771 1475 documenti
796 1401 887 1501 quod
912 1428 972 1502 pro
996 1401 1161 1476 catholica
1181 1401 1335 1476 doctrina
1352 1403 1444 1474 exhi·

334 1515 390 1588 bet
414 1517 592 1590 concilium
617 1516 859 1590 milevitanum.

407 1632 540 1705 Etenim
565 1632 831 1720 autumabam,
860 1649 898 1706 ut
927 1634 1106 1733 imperator
1122 1633 1360 1707 Constantinus
1384 1633 1446 1706 hac

335 1747 377 1819 de
403 1774 438 1820 re
467 1764 600 1821 centum
630 1747 708 1847 plus
739 1749 853 1820 minus
879 1764 957 1821 ante
982 1774 1089 1824 annos
1114 1748 1220 1846 legem
1248 1748 1376 1834 tulerit,
1411 1765 1448 1821 ut

336 1863 448 1963 potius
467 1877 599 1962 praeter
615 1861 770 1936 adulterii
788 1862 913 1935 crimen
935 1861 1049 1961 plures
1076 1862 1161 1936 alias
1185 1889 1308 1938 causas
1326 1863 1446 1937 lacien-

334 1979 389 2053 dis
406 1979 560 2053 divortiis
577 1979 802 2077 assignaverit
822 1980 935 2076 (itt).
959 1981 1023 2053 Lex
1041 2005 1132 2066 uero,
1159 2007 1261 2080 quam
1279 1982 1447 2054 launoius

336 2094 589 2168 allonstantino
609 2094 722 2167 datam
742 2109 991 2181 commemorat,
1012 2111 1064 2168 est
1081 2093 1124 2168 de
1145 2094 1211 2169 alio
1232 2112 1443 2193 argumento,

335 2210 491 2283 nimirum
511 2210 554 2282 de
578 2208 739 2307 gradibus
763 2208 1066 2306 consanguinitatis
1083 2225 1116 2282 et
1133 2209 1307 2284 affinitatis
1328 2213 1443 2306 (tit),

336 2323 487 2425 adeoque
504 2324 589 2398 nihil
607 2350 782 2398 commune
807 2323 909 2397 habet
926 2350 1003 2398 cum
1020 2349 1078 2411 eo,
1099 2325 1190 2424 quod
1206 2325 1449 2399 constituerunt

335 2455 448 2540 patras
473 2440 669 2514 milevitani
683 2465 759 2514 can.
788 2440 909 2527 tivit,
933 2457 967 2514 et
986 2440 1109 2513 nedum
1135 2440 1210 2540 ipse
1233 2441 1346 2513 mirari
1375 2467 1448 2539 pos-

336 2558 380 2629 sit
402 2556 446 2628 de
472 2556 527 2629 lris
552 2556 721 2657 patribus,
750 2556 840 2656 quod
865 2554 973 2652 legem
994 2555 1083 2628 hanc
1108 2582 1176 2629 non
1198 2555 1363 2641 uiderint,
1391 2571 1450 2628 aut

335 2673 408 2748 eius
435 2674 597 2748 recordati
622 2699 688 2747 non
719 2671 863 2758 luerint,
898 2671 1011 2743 mirari
1038 2671 1150 2770 potius
1179 2697 1241 2745 nos
1266 2696 1448 2770 possumus

409 2921 554 2984 (1111111111.
571 2935 626 2986 pag.
641 2928 697 2972 1111.
710 2921 751 2971 ubi
767 2920 894 2971 contendit
909 2933 929 2970 s.
943 2920 1105 2984 tumminum
1124 2933 1195 2970 suam
1215 2920 1353 2970 doctrinam
1371 2934 1447 2984 (1111111

335 3000 491 3051 adstruxerat
508 3001 619 3052 inlibris
635 3001 666 3052 ad
683 3000 829 3052 uolentum
845 3003 890 3051 aut
907 3003 1050 3052 retractasse
1065 3002 1109 3051 sut
1124 3001 1210 3052 saltem
1226 3001 1381 3051 emollivisse.
1398 3004 1448 3052 Nos

334 3078 483 3130 eontrarium
502 3079 667 3140 ostendimus,
686 3093 767 3143 neque
779 3079 888 3143 prolecto
902 3079 1023 3130 eiusmodi
1038 3079 1231 3130 retractationem
1246 3080 1362 3129 evincunt
1373 3079 1445 3129 rerba

335 3160 477 3209 aLeunoio
496 3171 561 3221 quae
576 3159 617 3209 hle
634 3171 663 3209 er
684 3160 812 3222 Augustini
836 3158 880 3210 lib.
895 3161 915 3208 1.
935 3162 960 3209 et
974 3160 1004 3208 u.
1026 3162 1139 3209 11111111.
1158 3173 1172 3209 a
1189 3158 1297 3209 Leunoio
1322 3158 1446 3209 adducam

333 3241 387 3290 tur:
400 3240 487 3291 Licere
496 3240 831 3305 propterscrnicettouem,
841 3253 910 3306 quoe
920 3243 948 3291 tn
959 3242 1058 3304 stupris
1068 3242 1231 3303 continetur,
1238 3239 1370 3292 uentum
1382 3252 1447 3290 eac

333 3331 405 3383 rent,
424 3319 502 3370 nullo
520 3323 639 3386 quaetio
655 3324 702 3371 ert.
720 3322 793 3371 certe
810 3319 841 3370 de
859 3319 906 3370 hoc
924 3318 1002 3370 nulle
1022 3322 1140 3385 peralto
1157 3323 1214 3380 ert,·
1232 3320 1447 3382 montaniocel

334 3399 365 3449 rie
381 3397 496 3451 facultate
509 3398 615 3450 ducendi
625 3399 727 3451 altemm
745 3411 848 3450 uxorem
865 3402 920 3463 post
937 3398 1026 3462 prioris
1037 3397 1220 3459 dimissionem
1232 3397 1298 3462 quod
1310 3401 1449 3449 coristsntrr

335 3478 433 3543 negarit
447 3492 468 3529 s.
479 3480 638 3542 Augustinus.

408 3559 476 3621 (tsi)
490 3560 534 3632 ito¹
545 3560 603 3609 Bata
617 3560 643 3608 et
660 3559 793 3622 Brunquell
811 3558 878 3623 apud
897 3558 1040 3621 liestortny
1059 3571 1083 3621 p.
1095 3565 1148 3609 80⁰.
1227 3555 1233 3580 '

410 3639 475 3702 (195)
493 3641 529 3690 En
546 3639 624 3703 legem
636 3649 712 3702 qoam
730 3639 906 3689 Constantinus
926 3639 1007 3688 sanxit
1022 3650 1063 3688 un.
1081 3645 1133 3689 111.
1146 3651 1196 3702 qua
1214 3641 1292 3688 certas
1312 3637 1344 3688 oli
1362 3651 1449 3688 musas

334 3721 407 3772 liceat
425 3720 523 3771 libellus
538 3719 646 3784 repudii
668 3738 681 3765 ι
691 3722 722 3770 in
732 3718 837 3783 repudio
852 3718 973 3771 nitendo
989 3732 1003 3769 a
1019 3718 1126 3770 locarunt
1145 3719 1205 3769 lieet
1222 3718 1275 3768 sola
1289 3719 1394 3769 crimina
1411 3719 1447 3766 tn·

334 3801 416 3864 quiri,
430 3801 451 3851 si
465 3800 629 3860 homicidam,
646 3799 685 3852 vel
695 3799 954 3862 medicamentarium,
970 3800 1009 3850 rel
1019 3800 1203 3863 sepulchrorum
1214 3798 1386 3852 dissolutorem
1397 3811 1447 3848 ma·

335 3881 410 3931 ritum
427 3894 500 3931 suum
521 3879 736 3944 esseprobarerit‚
759 3881 786 3929 ui
799 3880 834 3930 ita
852 3878 951 3930 demum
967 3879 1066 3930 laudata
1086 3893 1182 3929 omnem
1203 3892 1272 3929 suam
1293 3878 1374 3929 dotem
1390 3879 1447 3929 reci·

333 3962 385 4024 piru
397 3962 455 4010 ...ln
465 3960 581 4011 masculis
589 3959 685 4010 etimrsi
701 3959 830 4023 repudium
840 3961 955 4022 mittant,
974 3961 1033 4010 haec
1053 3960 1213 4009 triscrimins
1223 3960 1313 4023 inquiri
1323 3959 1446 4018 marcuit,

334 4040 519 4100 umuectom,
537 4039 576 4089 rel
588 4038 845 4099 medicamentariam,
865 4040 903 4089 rei
914 4039 1104 4090 conciliatricem
1122 4039 1250 4103 repudiare
1268 4041 1404 4090 voluerit.»
1420 4040 1447 4087 in

300 4127 309 4140 “
333 4119 389 4168 eod.
399 4120 521 4171 theodos.
534 4118 578 4169 lib.
590 4119 635 4169 lll.
652 4119 820 4170 1111111111
836 4117 954 4182 repudiis
970 4132 1026 4169 cum
1044 4122 1176 4169 comment.
1200 4123 1219 4169 1.
1231 4119 1373 4170 Gotnoired.
1386 4123 1448 4182 Lug·

334 4197 393 4246 duni
411 4204 478 4250 tuot.
493 4199 553 4248 tom.
569 4200 590 4248 i.
607 4212 662 4262 pag.
682 4206 739 4250 111.

410 4278 476 4339 (ise)
490 4280 554 4329 sune
568 4279 694 4330 Leunolus
711 4279 776 4329 hanc
795 4279 873 4343 legem
884 4279 1002 4329 retrtierat
1019 4279 1044 4330 ln
1062 4281 1082 4329 Ι.
1093 4285 1156 4345 part.
1173 4281 1212 4331 sui
1222 4283 1341 4332 tractatura
1357 4283 1394 4330 De
1408 4291 1447 4328 re·

333 4359 379 4420 pie
387 4358 436 4406 ete.
454 4359 545 4408 arilli.
557 4366 638 4421 cape.
650 4362 761 4422 preter.
769 4358 841 4416 Quod
856 4357 877 4407 si
889 4357 965 4420 legem
980 4359 1054 4409 etiam
1065 4361 1217 4411 Constantini
1234 4364 1271 4411 Dc
1282 4360 1404 4411 utentes
1412 4371 1448 4408 re

334 4436 392 4486 tulit
410 4438 472 4499 part.
487 4438 529 4487 111.
543 4450 598 4501 pag.
613 4444 667 4487 aas.
679 4438 705 4487 iu
716 4437 792 4488 alium
804 4436 877 4488 sineru
894 4437 919 4486 id
940 4439 1067 4500 praestitit.
