3234 5084
329 394 373 462 ll
497 419 556 466 ιιι.
577 419 625 467 ιιι.
648 420 733 469 sucu.
756 422 777 470 ι.
801 423 840 469 on
858 423 952 470 unua.
969 424 1090 472 cnarsr.
1109 425 1251 473 turrira.

328 532 550 606 adulterinum
573 536 763 633 coniugium
787 538 890 636 prolis
916 539 1042 617 honore
1065 539 1221 636 diguatus
1239 541 1347 615 luerit.
1366 531 1433 615 lled

328 648 373 720 ita
407 649 570 721 interdum
596 650 767 724 beneficiis
794 668 897 726 certat
922 680 997 726 cum
1024 654 1198 728 hominum
1223 656 1371 744 malitia,
1400 674 1432 730 et

328 763 483 860 indignos
506 791 568 838 sua
587 767 694 863 gratia
721 768 995 866 prosequitur...
1008 769 1110 841 Paulo
1132 786 1209 842 ante
1231 772 1340 844 lloses
1357 797 1437 844 uxo

330 904 397 949 rem
418 880 548 953 vocavit
570 881 665 954 Bilha
690 909 777 981 quae
801 899 912 954 tamen
928 884 1115 980 pellendici
1130 884 1319 957 merebatur
1334 888 1433 980 (46)»

328 995 430 1067 etita
457 1023 566 1095 porro.
590 996 749 1095 Adeoque
783 997 874 1070 iuxta
899 997 1073 1069 Caluinum
1100 998 1199 1095 primi
1225 1000 1438 1099 patriarchae

332 1108 445 1207 populi
459 1110 541 1196 Dei,
569 1111 627 1210 qui
653 1109 737 1184 adeo
762 1110 855 1183 chari
882 1112 951 1184 Deo
978 1110 1110 1184 luerunt
1127 1112 1161 1183 in
1180 1128 1340 1211 perpetuo
1356 1139 1436 1187 corn-

330 1222 480 1298 tuberuio
493 1249 532 1296 ac
544 1225 762 1299 fornicatione
780 1251 841 1297 seu
859 1224 1022 1298 adulterio
1038 1227 1162 1299 uersati
1183 1227 1343 1313 luissent,
1364 1254 1438 1324 gra·

329 1337 545 1436 vissimisque
571 1337 797 1411 habitualibus
823 1340 919 1411 nonis
945 1366 982 1411 se
1006 1341 1324 1425 commaculassent,
1354 1343 1436 1441 quin

331 1470 439 1525 tamen
466 1455 535 1525 Deo
566 1454 692 1551 accepti
718 1480 794 1526 esse
819 1454 1011 1529 desiissent.
1041 1455 1151 1526 lloses
1175 1456 1255 1527 dum
1282 1456 1437 1529 Rachelis

329 1568 486 1640 ancillam
513 1568 611 1640 lacuh
642 1595 775 1640 umorem
799 1570 959 1654 uocauit,
992 1570 1130 1668 turpiter
1161 1587 1329 1657 errasset,
1361 1597 1437 1644 cum

331 1682 482 1780 pellicem
508 1684 620 1755 dicere
644 1710 716 1757 cam
742 1683 925 1756 debuisset.
943 1684 1016 1755 Huc
1034 1685 1186 1782 perducit
1202 1702 1350 1785 systema
1367 1689 1438 1784 spi·

331 1798 415 1871 ritus
442 1798 560 1896 privati
586 1799 620 1869 in
646 1798 889 1895 Scripturamm
916 1797 1203 1895 interpretatione,
1231 1816 1331 1897 atque
1356 1802 1439 1872 anti-

330 1914 476 2011 cipatum
502 1912 662 1984 iudicium
680 1914 767 2008 (dl).

403 2029 519 2126 ltaque
544 2053 587 2100 ne
612 2030 645 2098 in
671 2030 836 2102 eiusmodi
865 2031 1054 2104 incidamus
1081 2029 1248 2115 absurda,
1277 2031 1440 2105 fateamur

331 2169 469 2217 necesse
485 2161 537 2216 est
548 2145 653 2216 Deum
671 2168 772 2242 posse
789 2145 838 2216 illi
856 2145 920 2242 legi
939 2146 1099 2241 derogare
1116 2172 1177 2217 seu
1188 2145 1232 2217 ab
1244 2168 1284 2221 ea
1301 2146 1439 2243 dispen-

331 2284 427 2345 sare,
455 2258 545 2358 quod
570 2260 717 2358 prolecto
744 2287 810 2332 non
836 2276 972 2360 posset,
1001 2260 1030 2333 si
1057 2260 1248 2359 polygamia
1280 2260 1363 2334 foret
1387 2261 1440 2331 in-

332 2376 474 2448 trinsece
497 2400 556 2447 seu
575 2392 693 2447 natura
712 2402 774 2448 sua
791 2375 890 2447 mala.
908 2376 1077 2472 Distingui
1104 2376 1205 2472 igitur
1230 2376 1352 2449 debent
1372 2377 1440 2448 duo

331 2510 580 2592 praeceptorum
608 2493 807 2565 naturalium
826 2519 967 2588 genera,
988 2520 1128 2591 quorum
1152 2492 1291 2565 alterum
1309 2508 1440 2565 constat

330 2634 371 2680 ex
397 2607 645 2680 universalibus
663 2624 695 2680 et
709 2608 1011 2693 communissimis‚
1032 2633 1120 2705 quae
1138 2622 1215 2680 sunt
1231 2606 1332 2679 veluti
1348 2606 1441 2704 priu-

331 2724 419 2823 cipia
438 2724 545 2822 prima
563 2723 645 2795 iuris
664 2739 823 2807 naturae;
853 2722 992 2794 alterum
1017 2723 1230 2795 constituitur
1248 2748 1288 2793 ex
1306 2721 1440 2795 conclu-

333 2838 506 2925 sionibus,
526 2865 613 2936 quae
637 2866 677 2910 en
703 2837 821 2936 primis
848 2836 915 2909 illis
941 2837 1121 2935 principiis
1147 2837 1351 2911 derivantur.
1371 2837 1439 2907 lam

332 2980 410 3026 vero
429 2954 593 3052 principia
611 2953 668 3025 illa
686 2954 797 3052 prima
815 2979 855 3025 ac
871 2953 1161 3027 universalissima
1178 2970 1211 3024 et
1227 2953 1270 3025 ab
1283 2952 1440 3026 omnibus

333 3069 484 3141 admissa
503 3067 709 3140 rectitudinis
733 3095 882 3142 normam
901 3094 940 3141 ac
966 3069 1114 3164 regulam
1141 3069 1188 3140 ita
1212 3068 1437 3149 constituunt,

332 3201 369 3257 ut
392 3183 484 3257 nullo
509 3210 668 3282 umquam
690 3184 723 3254 in
745 3210 826 3256 casu
845 3183 940 3255 iniis
958 3183 1148 3280 dispensari
1172 3183 1298 3281 possit;
1324 3207 1440 3254 secun·

332 3300 427 3373 daria
448 3315 573 3385 autem,
594 3324 681 3397 quae
698 3325 818 3397 nempe
834 3324 874 3370 ex
892 3296 1011 3395 primis
1030 3296 1097 3369 illis
1115 3296 1344 3379 deducuntur,
1363 3293 1439 3364 licet

334 3415 480 3511 regulam
515 3412 722 3486 rectitudinis
756 3413 966 3497 contineant,
996 3438 1061 3485 non
1087 3412 1133 3483 ita
1158 3426 1236 3483 sant
1262 3410 1376 3493 firma,
1405 3425 1442 3480 ut

334 3529 470 3601 mutatis
504 3555 634 3613 rerum,
670 3544 854 3625 tempomm
887 3553 927 3599 ac
952 3551 1170 3625 personarum
1204 3523 1372 3598 adiunctis
1404 3523 1440 3592 iu

335 3644 378 3714 iis
404 3642 593 3742 dispensari
619 3668 685 3714 nou
711 3641 820 3738 possit
844 3666 884 3713 ac
908 3666 949 3713 ea
974 3638 1116 3723 mutari,
1146 3664 1211 3709 non
1236 3636 1372 3734 quidem
1399 3634 1442 3707 ab

335 3758 548 3844 hominibus,
574 3757 633 3831 sed
654 3784 674 3829 a
695 3758 764 3829 Deo
789 3754 873 3851 legis
899 3771 1036 3827 naturae
1055 3768 1200 3826 auctore.
1222 3751 1271 3823 td
1298 3750 1439 3848 primum

406 3964 455 4023 (tet
473 3961 533 4010 thid.
545 3962 570 4010 in
581 3975 634 4023 cap.
648 3963 733 4009 xxiv.
744 3961 768 4008 et
780 3961 856 4011 XXX.
871 3961 957 4008 Genus.

407 4040 457 4102 (47)
475 4043 508 4089 Dc
527 4040 663 4101 polygamta
683 4039 874 4101 patriarcharum
890 4032 1440 4094 otnantPetiututernusertx.marspt.

333 4135 386 4171 suc.
395 4134 450 4183 pag.
458 4118 649 4181 tttseuqfloit.
657 4116 787 4169 seldenum
798 4117 822 4166 in
833 4116 897 4168 ottts
908 4130 931 4181 p.
940 4121 994 4166 ato,
1007 4117 1130 4177 vesperus
1138 4114 1317 4175 promouetur
1326 4122 1379 4177 pag.
1390 4117 1440 4159 tte.

334 4206 359 4250 et
373 4208 424 4250 teo.
436 4200 525 4248 patric.
537 4199 630 4261 Delong
640 4198 666 4247 iu
678 4197 762 4247 libello
773 4197 868 4259 anglice
878 4196 944 4245 ndito
956 4209 996 4245 an.
1012 4199 1079 4245 17³7.
1090 4197 1115 4243 et
1125 4205 1210 4242 recuso
1221 4205 1262 4241 au.
1275 4195 1342 4241 17³9.
1354 4190 1393 4238 cui
1402 4190 1439 4237 t'rt.

338 4279 489 4343 Reflecttous
511 4290 581 4342 upon
603 4277 741 4341 polysema
756 4275 811 4326 und
828 4276 871 4325 tlte
887 4276 1102 4336 rarorunqrnreut
1119 4275 1194 4334 ntuetr
1210 4275 1236 4319 to
1252 4270 1311 4320 thot
1329 4271 1443 4333 practice

335 4364 361 4410 tu
375 4360 417 4409 tlte
426 4360 569 4421 srrtpttuur
583 4355 615 4416 cs
624 4357 666 4407 tlte
677 4355 722 4405 old
734 4359 882 4406 testantem.
