3234 5084
373 434 443 510 382
517 456 579 508 un.
600 455 649 507 ιιι.
671 451 1087 510 alumnusalumnus
1109 458 1205 511 urm.
1223 458 1346 511 emus.

371 588 511 661 nerunt,
540 599 649 673 neque
673 588 816 673 possunt
839 573 983 650 adulteri
1008 600 1078 651 non
1099 574 1226 651 sideri:
1249 577 1283 649 in
1295 589 1430 653 ³tantum
1448 595 1488 655 ut

368 689 471 763 etiam
496 712 556 761 aaa
580 712 763 787 personae,
791 688 917 788 quibus
941 688 1026 764 tales
1051 689 1222 765 ooniuneti
1251 706 1350 778 sunt,
1381 693 1486 769 otiam

368 805 463 905 ipsae
488 800 689 876 adulterium
720 804 935 879 commisisse
957 804 1156 892 rideantur,
1186 805 1375 881 seeundum
1399 806 1486 882 illud

368 920 459 1020 quod
484 918 625 1017 legimus
651 921 685 991 in
710 918 912 1017 Evangelio:
941 922 1001 1019 qui
1022 918 1188 994 &miserit
1208 946 1346 995 amorem
1367 948 1480 1010 suem,

367 1051 398 1108 et
417 1036 521 1108 olium
537 1034 689 1121 donem,
708 1036 905 1110 moechetur.
921 1035 964 1109 llt
980 1034 1057 1110 ideo
1077 1060 1195 1111 omnes
1213 1064 1234 1111 a
1251 1039 1487 1115 eommunione

368 1147 627 1225 abstinendos.»

440 1263 524 1364 (lap.
546 1263 605 1336 lll.
635 1292 653 1336 r
673 1263 706 1336 Si
733 1263 812 1363 quis
838 1263 874 1336 in
898 1261 1012 1338 aliena
1034 1265 1143 1365 petria
1167 1264 1326 1340 ancillam
1351 1266 1485 1342 duxerit

366 1380 401 1452 in
420 1379 644 1466 consortium,
665 1392 783 1478 postea
798 1377 836 1451 in
853 1380 1023 1480 propriam
1041 1405 1209 1467 reversus,
1232 1381 1413 1480 ingenuam
1430 1408 1485 1459 ao·

366 1495 515 1594 oeperit3
548 1509 582 1567 et
605 1495 727 1567 iterum
757 1493 952 1592 eontigerit,
979 1510 1018 1568 ut
1039 1495 1085 1568 ad
1109 1496 1220 1595 ipsam
1248 1522 1318 1597 qua
1347 1499 1484 1574 inantea

365 1610 475 1684 fuerat
499 1608 640 1710 patriam
665 1622 865 1696 revertatur,
886 1623 920 1682 et
942 1607 999 1682 illa
1023 1608 1148 1684 aneilla
1172 1636 1275 1710 Qum
1300 1611 1396 1710 prius
1420 1612 1483 1688 lna·

364 1724 459 1812 buit,
494 1724 552 1798 alii
576 1721 650 1798 viro
674 1724 800 1798 sociata
825 1722 951 1810 lueret;
979 1723 1037 1798 hio
1062 1724 1140 1799 talis
1165 1742 1275 1825 potest
1296 1725 1400 1800 aliam
1424 1754 1483 1804 ao-

365 1839 479 1939 oipere
494 1843 506 1934 (
515 1837 643 1912 scilieet
656 1853 791 1938 proptor
808 1835 1085 1935 impedimentum
1102 1839 1304 1915 eonditionis
1318 1845 1347 1937 );
1367 1858 1480 1916 tumen

365 1980 432 2028 non
452 1953 511 2027 illa
529 1954 664 2027 vivente
681 1955 845 2051 ingenua,
867 1978 969 2052 quam
987 1953 1022 2025 in
1040 1955 1149 2053 patria
1166 1956 1302 2056 propria
1319 1955 1476 2030 habuit.»

437 2067 519 2168 Cap.
539 2068 627 2139 xlx.
646 2068 724 2140 «De
741 2084 895 2167 separata
912 2069 1087 2157 emerito,
1109 2070 1138 2142 si
1155 2072 1208 2145 uir
1224 2072 1299 2145 eius
1317 2071 1351 2143 in
1368 2071 1479 2148 aliene

365 2181 538 2280 provincia
562 2183 674 2255 vivere
702 2180 898 2281 putabatur,
928 2179 964 2255 in
989 2182 1133 2283 epistola
1161 2209 1193 2258 s.
1217 2184 1339 2260 leonis
1369 2212 1480 2286 pupae

364 2292 492 2367 directa
515 2293 558 2368 ad
581 2294 731 2367 Nioetam
756 2292 998 2393 aquileiensem
1021 2295 1237 2398 'episeopum‚
1261 2298 1309 2373 ita
1333 2301 1479 2373 donuae-

364 2425 437 2483 tur:
460 2409 545 2482 Cum
567 2435 647 2508 ergo
674 2435 734 2509 per
757 2407 913 2483 bellicam
937 2408 1086 2498 cladem,
1116 2430 1149 2486 et
1174 2438 1234 2512 per
1257 2413 1477 2511 gravissimos

363 2522 559 2599 hostilitatis
576 2524 752 2612 incursus,
773 2524 821 2597 ita
838 2523 1004 2623 quaedam
1030 2525 1151 2601 dicatis
1176 2527 1288 2601 divisa
1305 2555 1381 2604 esse
1397 2555 1478 2605 oon·

362 2640 474 2739 iugis,
494 2652 533 2712 ut
549 2638 702 2713 abductis
720 2639 755 2712 in
771 2639 997 2738 captiuitatem
1014 2641 1096 2715 viris
1115 2641 1278 2716 foeminae
1295 2670 1410 2718 eorum
1426 2671 1476 2719 re

362 2754 547 2828 manserint
563 2753 760 2842 destitutae,
780 2780 870 2855 queo
884 2753 977 2828 uiros
995 2756 1167 2855 proprios,
1183 2775 1242 2832 aut
1257 2758 1474 2861 interemptos

362 2868 529 2968 putarint,
558 2886 617 2942 aut
645 2895 830 2969 numquam
854 2895 875 2943 a
900 2867 1127 2945 dominatione
1158 2873 1363 2947 crediderint
1391 2874 1474 2949 libe-

362 2982 503 3069 randos,
520 2981 608 3057 etad
620 2981 762 3057 aliorum
775 2983 970 3082 coniugium
983 2984 1165 3059 solitudine
1182 3004 1321 3086 eogente
1336 2990 1474 3064 masie-

361 3096 440 3169 rint.
467 3095 620 3197 Cumque
643 3123 732 3171 nune
757 3113 847 3172 stetu
878 3126 1007 3188 rerum,
1041 3099 1223 3176 auxiliante
1246 3102 1409 3191 Domino,
1437 3106 1472 3177 in

360 3210 500 3286 meliom
515 3237 692 3299 converso,
715 3212 866 3287 nonnulli
884 3239 1016 3302 eorum,
1031 3214 1091 3314 qui
1109 3215 1313 3316 putabanturr
1330 3218 1473 3318 periisse

360 3328 597 3403 remeaverint:
626 3329 743 3403 merito
772 3330 896 3405 caritas
921 3346 979 3404 tua
1000 3329 1133 3404 ridetur
1165 3331 1358 3430 ambigere,
1387 3333 1471 3433 quid

360 3444 403 3517 de
427 3444 643 3533 mulieribus,
666 3471 755 3545 quae
778 3445 856 3519 aliis
881 3447 1013 3520 iunotee
1038 3462 1118 3520 sunt
1140 3446 1240 3537 viris,
1261 3447 1396 3523 anobis
1412 3449 1472 3524 de-

359 3559 438 3633 beat
462 3560 624 3634 ordinari.
650 3562 714 3633 Sed
741 3563 823 3660 quia
848 3562 1001 3635 novimus
1029 3563 1215 3662 seriptum,
1243 3564 1333 3665 quod
1358 3590 1379 3638 a
1402 3565 1473 3639 lleo

360 3676 508 3774 iungitur
536 3675 657 3749 mulier
679 3677 771 3750 viro:
801 3693 835 3749 et
859 3677 978 3749 iterum
1007 3693 1223 3778 praeceptum
1248 3680 1466 3778 agnovimus,

358 3807 397 3865 ut
421 3791 511 3890 quod
536 3793 628 3865 Deus
653 3792 778 3879 iunxit,
809 3791 909 3867 homo
934 3820 1000 3867 non
1027 3810 1178 3892 separet:
1208 3819 1347 3869 neeesse
1366 3812 1470 3870 estut

358 3904 581 4002 legitimarum
606 3906 741 3980 loedera
771 3908 961 4007 nuptiarum
988 3908 1245 4005 redintegranda
1270 3907 1464 3996 credamus;

357 4036 391 4094 ot
407 4022 543 4096 remotis
562 4020 676 4108 malis,
695 4049 781 4121 quae
799 4022 967 4097 hostilitas
981 4022 1107 4111 intulit,
1123 4024 1307 4124 unicuique
1325 4024 1359 4097 id
1376 4024 1465 4125 quod

356 4136 505 4233 legitimo
522 4136 659 4226 habuit,
681 4138 1074 4238 reformeturt‘omnique
1091 4139 1203 4213 studio
1220 4140 1466 4239 procurandum

357 4266 429 4338 est,
458 4268 495 4324 ut
519 4251 659 4351 recipiat
684 4251 920 4352 unusquisque
945 4252 1036 4352 quod
1062 4252 1235 4353 proprium
1252 4270 1315 4328 est.
1332 4254 1399 4328 Nee
1417 4270 1466 4327 ta·

358 4390 433 4438 men
455 4365 633 4464 culpabilis
659 4367 845 4453 iudicetur,
866 4381 898 4440 et
915 4382 1085 4467 tamquam
1110 4368 1211 4442 alieni
1237 4368 1321 4442 iuris
1348 4394 1465 4467 perve-
