3234 5084
241 465 429 523 1111111.
442 467 479 520 n.
495 465 537 521 nr
552 465 666 523 mnrss.
679 464 893 523 unrasrner.
906 464 984 521 rnna
998 465 1175 521 noeman.
1225 444 1301 519 itti

183 584 302 663 borum
327 587 430 662 llosis
455 586 513 661 hio
542 601 634 667 esset
659 586 729 658 «Si
753 584 875 663 mulier
898 610 964 687 ope
985 583 1091 661 libelli
1119 584 1251 686 repudii
1277 610 1299 660 a

184 698 305 779 merito
329 702 495 789 dimissa,
525 700 622 777 alteri
652 701 725 779 viro
754 700 928 801 nupserit,
960 715 994 775 et
1022 699 1066 774 ab
1100 698 1165 775 hoc
1195 700 1297 776 etiam

182 817 328 893 dimissa
352 818 473 906 luerit,
495 833 553 891 aut
568 817 598 891 si
616 816 700 891 ulter
722 815 796 891 eius
818 816 959 891 maritus
976 832 1127 890 mortuus
1145 815 1210 902 sit,
1231 841 1299 891 noa

184 933 307 1032 poterit
318 933 411 1031 prior
421 933 475 1005 uir
487 932 638 1007 eamdem
652 933 763 1006 denuo
775 930 818 1006 ed
832 958 870 1006 se
882 932 1030 1030 recipere
1046 935 1160 1029 (tt),»
1177 957 1299 1031 nempe

185 1046 219 1119 in
245 1048 387 1121 istorum
412 1064 540 1136 mente,
569 1048 748 1147 supposito
773 1046 901 1121 iemdiu
926 1046 1032 1120 libelli
1059 1045 1192 1146 repudii
1210 1072 1296 1135 usu,

183 1162 295 1237 hloses
321 1161 430 1235 solum
454 1163 618 1237 uetuisset
642 1161 823 1261 quominus
848 1161 911 1235 viri
929 1161 1137 1262 repudiatam
1160 1186 1298 1237 uxorem

182 1275 295 1351 denuo
321 1278 526 1376 reciperent,
555 1302 659 1377 quum
683 1302 725 1350 ea
751 1277 824 1351 sius
849 1276 973 1349 reiecta
996 1275 1119 1349 luisset
1134 1274 1177 1348 eb
1194 1273 1299 1350 altero

183 1392 322 1480 marito,
350 1393 423 1466 sive
446 1419 487 1467 eo
502 1406 633 1466 mortuo
655 1389 759 1467 vidue
784 1391 984 1478 mansisset3
1014 1389 1167 1490 adeoque
1188 1389 1298 1465 hloses

182 1508 296 1608 potius
321 1508 472 1581 fraenum
499 1507 637 1609 aliquod
662 1507 803 1607 repudio
829 1506 1020 1595 iniecisset,
1049 1505 1182 1581 sublata
1206 1506 1297 1581 omni

185 1648 248 1723 spe
272 1623 485 1723 repudiatam
510 1649 646 1699 uxorem
671 1642 832 1723 umquem
858 1621 1054 1722 recipiendi.

266 1738 386 1811 Verum
422 1754 657 1839 praeterquam
690 1738 796 1838 quod'
815 1739 919 1836 gratis
955 1738 1139 1815 assumitur
1170 1737 1205 1809 in
1236 1735 1301 1810 h'ac

187 1851 399 1952 expositione
422 1852 494 1927 sive
518 1853 609 1952 apud
634 1868 750 1950 gentes
775 1868 922 1939 oewrss,
951 1853 1024 1926 slve
1040 1851 1131 1951 apud
1156 1850 1299 1951 patriur-

186 1966 270 2040 ohes
296 1982 330 2040 et
353 1962 517 2043 hebraeos
537 1966 729 2043 obtinuisse
752 1966 957 2043 matrimonii
985 1967 1189 2055 divortium,
1222 1982 1298 2039 cum

185 2080 290 2157 huius
315 2082 549 2158 affirmationis
575 2084 704 2157 nullum
730 2083 842 2159 allerri
861 2083 971 2183 possit
987 2083 1239 2170 documentum,
1259 2106 1301 2153 eo

184 2197 220 2271 in
244 2224 338 2272 mera
361 2199 552 2275 coniectura
576 2200 761 2289 consistat,
794 2199 904 2272 eidem
931 2199 1152 2275 adversantur
1173 2196 1298 2273 Christi

185 2312 289 2387 rerba
306 2313 450 2389 dicentis
464 2315 553 2416 apud
566 2315 769 2393 llattheeum
786 2314 924 2389 ohloses
946 2313 990 2388 oh
1006 2314 1166 2388 duritiam
1186 2311 1299 2387 cordis

185 2428 289 2503 uestri
311 2431 463 2528 penmsiit
486 2431 577 2503 coho
602 2431 770 2505 dimittere
793 2456 914 2505 uxores
945 2445 1092 2516 vestras,
1127 2428 1171 2503 ab
1201 2427 1301 2502 initio

187 2558 298 2618 autem
324 2570 391 2619 non
415 2545 481 2619 luit
504 2546 645 2636 sio,»ex
670 2546 795 2648 quihus
827 2545 1110 2647 deprehendimus
1142 2559 1176 2618 et
1207 2543 1300 2644 quod

186 2660 298 2758 llosss
318 2663 505 2759 pancherii
520 2662 601 2737 ders
621 2661 773 2737 libellum
798 2662 949 2763 repudii,
970 2679 1003 2736 et
1019 2660 1110 2761 quod
1135 2659 1179 2733 ab
1203 2658 1301 2732 initio

186 2774 233 2849 ita
257 2803 325 2855 non
351 2776 465 2865 luerit,
495 2798 561 2852 non
587 2777 695 2853 solum
721 2778 756 2851 in
783 2778 991 2852 institutione
1016 2777 1188 2876 primaeva
1219 2799 1299 2848 con·

184 2889 293 2988 ingii,
323 2891 383 2967 sed
413 2893 513 2997 etiem
538 2907 635 2991 post,
663 2892 709 2966 ita
733 2910 771 2966 ut
795 2919 907 2994 usque
930 2893 974 2966 ed
1000 2892 1138 2994 Moysen
1168 2888 1299 2971 nullum

183 3006 270 3093 forte
294 3005 429 3081 diuortii
454 3007 545 3108 pleni
574 3007 764 3108 exemplum
794 3009 999 3097 inveniatur3
1030 3007 1134 3108 idque
1162 3033 1202 3082 ex
1233 3022 1301 3080 tra·

183 3120 311 3196 ditione
322 3119 366 3194 de
378 3121 643 3199 institutaallao
656 3124 861 3199 matrimonii
879 3123 1191 3212 indissolubilitete,
1211 3147 1301 3223 quse

183 3235 307 3334 ingiter
330 3253 461 3312 servate
486 3252 555 3327 est,
583 3254 620 3311 ut
644 3237 757 3338 plures
783 3257 933 3315 censent.

257 3515 308 3581 (st)
324 3516 487 3582 Boehmerus,
501 3521 550 3571 lus
565 3520 731 3573 ecctainsttc.
742 3524 953 3588 protestantium
972 3523 1032 3574 tom.
1044 3525 1086 3574 tv.
1098 3521 1142 3572 lib.
1154 3522 1196 3572 iv.
1210 3518 1248 3571 tit.
1262 3526 1299 3571 19.

182 3594 207 3659 5.
217 3600 242 3648 t.
252 3595 349 3649 dicem:
362 3618 375 3643 ι
385 3600 469 3651 Mosen
479 3598 608 3653 nonunt
622 3602 787 3666 disposuisse,
803 3617 836 3656 ne
853 3603 1006 3668 repudiatam
1022 3602 1061 3653 slr
1075 3601 1157 3653 denuo
1172 3599 1297 3651 duceret.»

181 3676 250 3740 Popp
263 3676 355 3740 pariter
370 3677 396 3727 in
406 3691 449 3743 op.
460 3683 614 3742 germemve
624 3679 738 3732 divortio
749 3681 867 3746 Amburgi
878 3685 904 3733 at
913 3682 1034 3733 sulzbach
1049 3688 1116 3733 tsoo.
1127 3693 1182 3744 με.
1191 3683 1219 3730 11
1230 3691 1300 3742 seqq.

182 3753 308 3805 hiahetrnt
321 3757 361 3806 De
379 3759 548 3808 mctrtmonto
563 3762 592 3810 tn
607 3772 657 3811 esta
671 3758 730 3810 idea
747 3763 773 3811 et
789 3763 818 3811 tn
832 3774 883 3812 stra
897 3761 1024 3811 historica
1041 3759 1217 3824 explicatione
1228 3759 1300 3809 Bero-

183 3831 226 3883 lini
244 3838 312 3885 tati.
324 3848 381 3900 pag.
396 3843 436 3888 55.
448 3840 473 3887 et
483 3837 510 3887 hi
524 3838 624 3902 quidem
642 3842 813 3904 protestantes.
824 3844 861 3891 Eu
872 3841 1000 3892 catholicis
1015 3853 1074 3891 vero
1090 3839 1201 3890 amdam
1214 3836 1301 3888 sectati

181 3915 239 3964 sant
248 3915 393 3984 sententiem
406 3916 495 3966 sensu
508 3918 630 3968 Laonhart
641 3919 665 3969 in
677 3933 717 3983 op.
726 3933 802 3983 germ.
815 3919 1012 3971 ohservationes
1021 3919 1053 3970 dc
1063 3918 1242 3984 disputatione
1254 3918 1302 3966 Do

182 3995 248 4043 1111111
265 3994 344 4045 rao:
359 3996 452 4046 utram
468 3995 613 4049 divortium
624 4009 638 4047 e
649 3996 771 4049 doctrine
784 4001 940 4064 scripturae
956 3999 1034 4050 ttccot
1048 4011 1094 4049 trec
1105 4010 1145 4048 ne.
1154 3995 1303 4060 wurrhnrgi

184 4079 252 4125 1111.
266 4086 322 4138 pag.
338 4081 363 4126 11
375 4088 445 4140 seqq.
456 4076 609 4128 iiistemalser
630 4078 656 4127 in
676 4092 716 4142 op.
732 4093 811 4144 germ.
830 4081 983 4144 Disputatio
999 4077 1301 4143 excorttcodcprtmatu

181 4155 256 4204 Pctrt
271 4156 298 4205 st
313 4153 346 4206 de
358 4158 522 4208 matrtmontt
538 4158 655 4211 vinculo.
672 4161 803 4224 Gottingae
824 4166 893 4212 181111.
908 4159 932 4224 5.
946 4165 1033 4224 apag.
1046 4165 1084 4210 ts.
1097 4171 1202 4209 necnon
1217 4158 1243 4209 ln
1258 4170 1299 4221 op,

181 4237 278 4286 mene
290 4237 444 4301 scripturae
459 4241 521 4289 nont
533 4240 689 4291 Testamenti!
705 4239 855 4292 translatus
865 4242 891 4291 et
904 4239 1062 4305 explicatae.
1074 4237 1216 4291 monasterii
1232 4244 1300 4290 1825.

181 4317 243 4366 tonr.
255 4317 300 4368 111.
312 4330 368 4382 pag.
380 4322 409 4370 st
420 4321 636 4383 sequererne
650 4320 782 4383 itinterlm,
797 4324 836 4372 De
849 4322 1018 4373 motnmonto
1032 4332 1063 4373 oc
1077 4320 1192 4373 dtomtto
1201 4316 1301 4370 Dissol-

181 4392 252 4445 orat
265 4401 331 4447 tsrs.
340 4408 396 4461 pag.
412 4397 536 4462 tuaspud
546 4398 692 4463 Roshorlny
708 4413 748 4463 op.
760 4400 803 4450 cit.
817 4413 873 4464 pag.
886 4404 928 4452 111
940 4413 1009 4464 seqq.
