3234 5084
315 393 385 461 120
458 415 518 463 ιιι.
532 415 579 463 ιιι.
597 414 683 463 scer.
695 415 825 465 ιιιιιι.
847 415 886 463 nr
904 415 1015 465 rnurss.
1036 415 1130 465 ιιιιιι.
1149 414 1269 467 cnrrsr.

313 558 352 601 ex
378 530 498 603 Bibliis
522 557 595 604 eam
621 532 728 604 luisse
758 533 959 630 permissam
985 533 1019 605 in
1049 534 1123 631 lege
1152 536 1326 622 mosaica;
1356 536 1424 609 imo

313 662 438 718 certum
456 662 508 719 est
531 647 632 719 etiam
653 672 741 720 nunc
759 664 990 721 consummata
1010 648 1087 747 ipsa
1111 649 1297 722 infidelium
1309 651 1425 724 ceniu-

313 762 369 856 gia
386 789 425 835 ex
437 762 498 835 llei
514 762 683 836 voluntate
705 763 907 863 quandoque
934 762 1087 837 dissolvi.
1111 764 1146 835 si
1160 791 1228 864 qua
1246 766 1349 861 igitur
1372 783 1424 840 est

314 875 476 950 naturalis
493 875 546 949 lex
564 875 891 964 indissolubilitatis‚
912 903 953 950 ea
977 903 1044 951 non
1069 878 1213 975 pertinet
1229 878 1272 951 ad
1290 879 1344 952 ius
1362 906 1423 953 na-

315 1008 409 1063 turae
433 991 630 1089 primarium
655 1008 756 1091 atque
779 992 990 1066 essentiale*

400 1107 543 1181 Pronum
573 1132 651 1180 vero
677 1122 729 1180 est
753 1107 948 1194 ostendere,
982 1133 1055 1183 eam
1084 1134 1161 1183 esse
1186 1109 1330 1182 naturali
1361 1111 1424 1182 iuri

320 1246 457 1319 prorsus
473 1239 751 1309 consentaneam,
772 1222 923 1321 adeoque
947 1223 990 1295 ad
1013 1224 1066 1298 ius
1092 1223 1243 1298 naturale
1259 1225 1426 1298 secunda·

315 1337 400 1407 rium
427 1337 603 1436 pertinere.
628 1337 664 1408 ld
690 1338 774 1410 satis
800 1338 920 1411 suadet
944 1339 1020 1437 ipsa
1046 1340 1217 1413 societatis
1238 1340 1425 1437 coniugalis

315 1469 450 1539 natura,
467 1479 555 1553 quae
572 1454 662 1525 iuxta
680 1452 853 1527 rationalis
866 1469 1005 1527 naturae
1022 1454 1206 1527 dictamina
1218 1454 1318 1527 debet
1330 1455 1420 1528 iniri.

315 1567 487 1666 Siquidem
518 1568 603 1640 ratio
628 1567 749 1640 suadet
774 1569 965 1641 societatem
990 1567 1198 1665 coniugalem
1224 1571 1427 1667 perpetuita-

315 1700 381 1755 tem
400 1681 795 1781 indissolubilitatemque
812 1708 1002 1780 exposcere.
1019 1683 1103 1756 llum
1115 1710 1190 1757 cum
1212 1707 1289 1757 sese
1306 1685 1423 1783 sponsi

316 1798 395 1870 huic
419 1797 570 1871 societati
598 1798 791 1897 mancipant
815 1813 933 1870 natura
954 1798 1040 1870 duce
1060 1816 1094 1871 et
1120 1814 1255 1872 auctore
1280 1824 1322 1870 ex
1344 1799 1426 1871 alle·

315 1928 389 1984 ctus
413 1911 621 1984 vehementia
647 1911 681 1982 in
707 1927 905 2010 perpetuum
931 1938 969 1984 se
992 1912 1201 2009 obstringere
1226 1913 1421 2000 intendunt,

315 2053 356 2099 ac
373 2027 469 2099 firma
484 2026 654 2100 voluntate
671 2025 879 2099 individuam
896 2027 985 2100 vitae
1007 2027 1286 2101 cousuetudinem
1304 2027 1426 2101 ducere

316 2142 453 2239 eligunt.
483 2142 589 2215 Prolis
613 2168 680 2215 non
703 2141 802 2216 modo
824 2143 1028 2241 procreatio,
1049 2142 1110 2216 sed
1128 2141 1272 2242 physica
1288 2168 1425 2242 quoque

316 2256 504 2330 nemoralis
520 2256 686 2330 institutio
706 2256 856 2329 eamdem
874 2255 1205 2330 indissolubilitatem
1227 2282 1426 2354 permanen-

317 2390 381 2445 tem
401 2373 559 2473 postulat,
580 2400 673 2447 amor
692 2377 766 2475 ipse
785 2374 1018 2461 instinctivus,
1039 2391 1077 2446 ut
1094 2373 1140 2446 ita
1157 2372 1285 2458 dicam,
1307 2398 1428 2470 paren·

318 2508 386 2561 tum
411 2516 490 2586 erga
515 2489 638 2564 liberos
664 2517 750 2589 quos
774 2491 995 2564 communiter
1018 2504 1195 2587 procreant
1215 2486 1259 2561 ad
1279 2513 1355 2560 eam
1373 2488 1427 2558 in·

316 2604 432 2691 ducit3
460 2630 554 2678 amor
576 2604 756 2678 liberorum
783 2605 908 2703 pariter
932 2630 1012 2701 erga
1032 2618 1204 2703 parentas;
1228 2628 1268 2675 ac
1292 2602 1426 2674 demum

317 2726 490 2817 parentum
517 2722 666 2820 ipsorum
692 2719 876 2817 indigentia
897 2745 973 2793 cum
999 2719 1042 2792 ad
1064 2734 1206 2791 aemtem
1226 2716 1428 2816 perveniunt

317 2836 442 2933 inqua
472 2836 536 2909 sibi
562 2836 738 2933 providere
762 2834 909 2934 amplius
936 2853 1128 2935 nequemt,
1160 2859 1263 2933 quum
1290 2832 1427 2907 soboles

316 2949 406 3021 vices
420 2950 603 3047 rependere
615 2949 736 3023 debeat
759 2950 955 3050 parentibus
974 2976 1036 3049 pro
1053 2949 1151 3023 bouis
1170 2973 1257 3046 quae
1274 2975 1334 3048 per
1351 2948 1428 3022 illos

316 3061 438 3161 adepta
455 3078 522 3149 est,
545 3065 735 3163 nuptiarum
757 3064 1011 3164 perpetuitatem
1028 3080 1213 3163 exposcunt
1226 3065 1315 3159 (25).
1333 3063 1427 3149 Quae

316 3177 452 3276 quidem
470 3179 584 3252 omnia
602 3180 741 3252 rationis
761 3179 943 3253 dictamina
965 3177 1057 3251 haud
1081 3205 1199 3277 pamm
1224 3177 1429 3251 labefactan-

316 3307 385 3379 tur,
414 3293 443 3365 si
464 3294 546 3366 inita
567 3295 723 3391 coniugia
744 3311 883 3393 possent
904 3320 944 3367 ex
962 3292 1229 3368 contrahentium
1255 3292 1427 3367 voluntate

316 3423 348 3481 et
372 3408 533 3484 electione
553 3409 705 3484 dissolvi.

386 3525 506 3598 Verum
532 3525 620 3598 hanc
644 3526 754 3623 ipsam
783 3542 920 3598 naturae
954 3526 1174 3599 intentionem
1201 3525 1245 3596 ad
1275 3525 1424 3622 coniugii

316 3640 570 3739 perpetuitatem
610 3637 764 3739 publicae
793 3640 960 3713 societatis
988 3638 1111 3712 bonum
1139 3638 1280 3711 mirifice
1309 3638 1429 3712 coufir-

316 3771 395 3828 mat.
425 3754 596 3855 Siquidem
632 3782 671 3827 ex
703 3770 819 3829 mutua
851 3755 1031 3852 coniugum
1068 3753 1281 3852 separatione
1309 3771 1429 3852 suapte

316 3885 434 3941 natura
456 3870 608 3944 oriamur
632 3869 834 3943 familiarum
860 3868 1023 3955 dissidia,
1049 3866 1255 3953 simultates,
1280 3868 1358 3941 odia
1383 3868 1429 3941 ab

390 4126 441 4189 (rs)
454 4129 521 4185 Quae
538 4126 622 4191 nuru
646 4125 727 4177 vebis
746 4126 889 4190 complexus
909 4127 947 4176 cst
967 4126 1115 4189 aamercort
1135 4124 1256 4174 scribam
1274 4125 1326 4173 «tn
1341 4125 1429 4186 quara

314 4205 414 4273 politica
431 4206 548 4269 ttstologis
567 4206 710 4275 retempta
720 4207 741 4257 si
752 4206 873 4258 commeta
887 4207 927 4257 col
941 4204 1144 4267 nutrimentum
1160 4216 1279 4269 prosegue
1289 4203 1355 4257 eolla
1365 4203 1425 4253 edu·

315 4288 426 4347 cacione,
443 4300 457 4334 e
476 4288 497 4337 si
516 4286 599 4338 fluisce
619 4287 674 4338 coll'
683 4289 796 4339 assistere
814 4288 862 4338 alla
882 4286 1029 4337 recrhlmra.
1043 4306 1055 4329 ι
1072 4288 1139 4336 lust.
1160 4285 1189 4335 dt
1206 4288 1257 4335 cic.
1274 4284 1317 4346 fil.
1329 4287 1389 4335 tom.
1406 4287 1427 4334 Ι.

313 4379 366 4429 pag.
384 4370 438 4416 tet.
451 4369 476 4415 rt
488 4368 546 4416 toru.
559 4370 601 4417 Vt.
614 4382 636 4418 c.
652 4374 673 4418 t.
687 4367 710 4431 §.
726 4376 747 4418 a.
