3234 5084
309 438 1179 505 err.sursumsmrrmrr,roncorsuumurn.
1235 422 1304 495 iii

188 557 437 633 matrimonium
461 557 591 632 dirimit
611 572 892 634 eonsummutum.
921 559 1005 635 llum
1026 561 1184 659 quaestio.
1206 561 1241 633 in
1265 588 1307 637 eo

188 672 339 773 prueeise
362 687 535 762 versetur,
556 690 667 749 utrum
685 674 764 775 quie
781 673 892 773 possit
907 673 975 749 sibi
992 673 1201 774 spiritualem
1218 702 1307 751 mor-

186 804 254 864 tem
277 788 423 877 inferre,
451 789 589 890 quondo
609 789 645 862 id
667 789 702 861 in
726 789 802 893 eius
823 805 989 891 potestate
1009 816 1077 866 non
1094 790 1240 892 amplius
1259 792 1306 867 si-

186 919 257 978 tum
275 929 353 979 esse
367 903 501 979 videtur
525 902 569 979 ob
590 904 790 983 anteriorem
810 905 1069 1004 obligationem,
1092 932 1236 1007 eumque
1253 906 1306 981 iu·

185 1019 317 1106 stitiee,
333 1044 435 1119 quum
450 1021 626 1093 oontruxit.
647 1020 796 1093 Pessime
808 1046 907 1121 porro
920 1036 1051 1118 egeret,
1073 1021 1133 1122 qui
1147 1036 1305 1119 gravatus

185 1159 267 1209 sere
281 1132 392 1208 ulieuo
412 1132 636 1209 substantium
655 1160 754 1210 suum
773 1135 809 1209 iu
828 1162 995 1237 peuperes
1012 1135 1243 1226 distribueret,
1265 1163 1306 1212 ee

185 1248 314 1323 iutereu
331 1249 521 1325 debiturus
537 1276 604 1326 uon
622 1250 839 1351 persolveret.
856 1252 967 1327 (iretis
983 1251 1107 1327 deinde
1123 1252 1306 1327 assumitur

188 1365 223 1437 id
242 1391 309 1440 nou
328 1390 466 1464 vergere
482 1366 518 1438 in
535 1364 675 1440 ulterius
692 1366 947 1454 detrimentum
977 1392 1054 1441 uem
1075 1367 1107 1441 si
1124 1383 1244 1465 egetur
1264 1367 1307 1441 de

186 1481 287 1570 viris,
320 1508 375 1557 res
399 1483 448 1557 itu
471 1506 548 1557 esse
573 1498 702 1582 potest;
718 1483 779 1558 sed
804 1483 835 1557 si
860 1483 904 1558 de
928 1481 1050 1582 puellis
1075 1483 1208 1581 egitur,
1236 1508 1303 1557 nou
1364 1550 1369 1563 .

186 1597 235 1671 ite
248 1622 286 1671 se
298 1597 416 1686 hebet,
433 1623 510 1673 eum
522 1624 623 1697 segre
635 1598 804 1673 interdum
817 1599 975 1674 meritum
988 1599 1180 1686 inueniunt,
1201 1625 1305 1699 quun

186 1712 298 1814 doque
320 1714 456 1790 nonnisi
477 1729 554 1816 post
575 1714 690 1815 plures
710 1741 839 1805 anuos,
867 1716 1071 1818 quaudoque
1088 1717 1189 1790 etium
1207 1742 1305 1789 num·

185 1855 300 1929 quem
331 1829 456 1906 Puellis
482 1846 615 1918 sutem,
640 1856 729 1932 quse
752 1831 788 1904 in
813 1857 851 1906 se
874 1857 941 1907 non
967 1831 1183 1931 experiuntur
1204 1857 1304 1906 voee-

185 1945 309 2019 tiouem
330 1945 373 2020 ed
399 1944 593 2044 religiosum
617 1946 720 2021 vitum
745 1945 798 2021 vel
829 1945 872 2020 sd
901 1946 1123 2034 eeelibutum,
1155 1946 1305 2020 invenire

182 2059 361 2136 honestum
386 2076 596 2150 consortem,
622 2061 688 2137 hue
717 2064 752 2135 iu
776 2062 847 2138 ritu
870 2088 1004 2136 summa
1028 2088 1083 2137 res
1106 2078 1160 2137 est
1178 2064 1268 2160 (ti).

255 2250 307 2313 (st)
322 2249 380 2300 Diri
399 2252 470 2309 orsus
479 2252 507 2303 to
523 2264 551 2302 ιι
566 2253 806 2315 permetiuntur
818 2253 981 2302 emotionem
991 2250 1028 2303 ori
1042 2249 1193 2315 mitulorum
1205 2253 1301 2310 eitum,

183 2327 939 2391 oetodeoettiotrsm....ltoctnuttossmmuresest,·
955 2330 1131 2395 prorsuseuim
1142 2328 1241 2379 admitti
1252 2341 1303 2379 uon

182 2410 264 2474 potest
281 2408 350 2474 quod
369 2410 470 2462 domim
486 2412 524 2463 iis
544 2410 663 2476 Guspuriu
680 2409 707 2461 iu
726 2423 773 2461 suo
796 2423 838 2475 op.
858 2411 894 2461 Le
916 2412 1036 2473 Manuos
1051 2421 1089 2460 ers
1106 2410 1182 2474 potet
1201 2406 1234 2460 cle
1252 2419 1304 2458 orte

184 2489 310 2542 stretton.
330 2491 398 2543 Puris
419 2494 487 2542 teti.
499 2496 522 2542 ι.
541 2490 601 2542 edit.
620 2490 743 2542 affirmare
761 2503 822 2540 eure
839 2492 877 2541 eet
893 2503 948 2554 erp.
965 2491 985 2540 1.
1008 2488 1191 2540 matrimonium
1210 2485 1302 2550 prsete-

181 2573 285 2623 rendum
308 2586 362 2625 esee
384 2572 513 2624 eselibstul
537 2573 623 2637 utpote
642 2572 716 2623 tinem
739 2585 882 2637 supremum
904 2570 1041 2634 ioemiure3
1069 2569 1106 2621 sie
1129 2569 1195 2619 euim
1217 2566 1304 2619 seribtt
1390 2594 1395 2603 ι

183 2665 238 2718 ιιι.
252 2660 291 2705 is:
310 2653 394 2717 «oui,
412 2653 437 2704 iu
457 2653 547 2705 lemme
565 2655 604 2705 est
623 2652 682 2704 ielis
697 2666 760 2717 pour
775 2652 898 2703 i'lromme
912 2653 938 2702 et
953 2651 976 2701 le
994 2650 1101 2715 murirge
1118 2650 1157 2700 est
1176 2647 1221 2699 isli
1238 2660 1301 2712 pour

182 2732 206 2783 Ιι
225 2733 329 2795 semme,
348 2733 366 2784 il
385 2735 423 2785 est
438 2732 521 2795 sotis
534 2731 786 2793 noturelletrlios,
803 2731 821 2782 ii
841 2733 879 2782 eet
892 2729 972 2795 parmi
985 2729 1020 2781 les
1041 2741 1141 2792 moyere
1159 2729 1302 2789 terrestres,

183 2812 558 2877 primuliacensem
579 2813 614 2863 iul
635 2812 671 2863 ult
692 2810 774 2864 donni
792 2823 857 2876 pour
877 2810 946 2861 uider
966 2809 981 2860 i
1003 2821 1049 2860 seu
1069 2807 1303 2873 perietttorruemeut

183 2891 209 2944 et
227 2905 290 2957 puur
308 2893 424 2945 urireri
439 2894 465 2945 le
481 2890 632 2946 mtismetluu
648 2891 681 2945 tis
699 2904 738 2944 ses
751 2891 854 2943 iutiuets
871 2890 961 2943 eteris
973 2908 986 2935 ι
1004 2890 1102 2953 sture
1118 2895 1157 2941 tu.
1172 2888 1303 2939 «csu'est

182 2983 227 3036 prs
244 2970 278 3022 lei
296 2985 329 3022 ou
348 2971 390 3036 ti,
408 2972 469 3024 eieir
487 2973 513 3023 et
528 2974 651 3024 mrement
667 2971 746 3023 umes
765 2970 841 3035 qu'eu
851 2970 887 3021 les
904 2971 1048 3033 reueoutre,
1067 2981 1108 3020 ces
1118 2966 1303 3032 eomprrsisous

184 3051 227 3115 qui
245 3050 306 3109 tout:
316 3050 406 3103 trister
424 3051 452 3103 lu
464 3052 622 3117 reperiente
638 3051 677 3103 riu
692 3055 827 3117 manuos,
840 3050 902 3103 c'ert
913 3064 968 3117 por
984 3052 1052 3101 tout.
1061 3068 1074 3095 ι
1090 3049 1190 3100 scilieet
1204 3048 1230 3098 iu
1247 3048 1300 3098 uni·

183 3142 256 3183 verse
276 3144 328 3182 sse.
348 3131 483 3196 seriptum.
501 3134 634 3196 Quumque
650 3131 698 3182 sibi
716 3132 847 3183 obiecisset
864 3130 940 3182 verbu
954 3129 1065 3195 Apostoll
1081 3131 1100 3181 i.
1114 3133 1171 3181 (tor.
1187 3131 1242 3180 vll.
1257 3127 1302 3190 ubl

183 3213 236 3277 ipse
255 3211 361 3277 praeteri
379 3211 525 3264 mellentum
543 3211 671 3276 mureto,
689 3225 740 3263 ιιι
759 3214 857 3264 veretur
877 3212 937 3263 huee
952 3210 1059 3262 ioemiue
1068 3209 1205 3262 estriuiuur
1221 3208 1301 3273 rigide

182 3295 209 3344 et
228 3291 401 3344 methodistlee
420 3292 523 3343 lulleieri
535 3292 680 3357 Apostolum
695 3292 742 3343 hee
760 3293 786 3344 in
803 3306 831 3344 re
848 3290 930 3344 misse
940 3292 1093 3357 iuspimtum.
1107 3294 1143 3342 ltu
1162 3289 1236 3340 rerba
1249 3289 1303 3354 qui·

181 3373 228 3425 bus
250 3385 278 3424 se
295 3371 405 3424 detrudit
425 3373 451 3424 iu
469 3372 512 3423 iol.
533 3371 660 3437 periudleo
684 3372 808 3424 Arelrioes
826 3371 864 3423 riu
884 3371 1077 3425 christianismo
1094 3377 1133 3423 to.
1154 3370 1211 3421 iuti.
1231 3376 1298 3421 tsst.

173 3466 239 3519 prs.
256 3460 309 3506 titt.
327 3455 384 3507 «ce
399 3454 522 3518 emptore,
542 3453 637 3518 inurit,
656 3452 851 3506 reuiermerieus
863 3453 971 3518 pereles:
992 3452 1009 3504 1’
1019 3465 1068 3504 une
1089 3450 1121 3503 (le
1140 3451 1219 3515 Dies,
1234 3450 1300 3501 tort·

182 3536 222 3586 tre
233 3530 266 3586 ris
286 3532 421 3585 tremene.
439 3533 486 3598 ily
501 3533 573 3585 edes
590 3533 701 3599 portiom
718 3533 751 3585 ιιι
768 3547 797 3585 ee
813 3533 923 3598 eirepttre
938 3536 971 3584 uu
989 3532 1049 3583 Paul
1059 3531 1127 3596 purte
1145 3530 1211 3593 seul,
1228 3530 1245 3581 ii
1259 3544 1301 3595 ys

183 3612 290 3665 d’rutrss
307 3614 418 3678 portione
435 3614 468 3663 eir
483 3612 507 3664 le
521 3612 676 3678 suintesprit
690 3613 758 3678 purte
777 3626 822 3677 per
843 3612 867 3664 Ιι
887 3612 983 3663 bouetre
999 3611 1031 3663 (ie
1052 3611 1113 3662 Prui
1130 3648 1136 3661 .
1151 3648 1157 3661 .
1172 3612 1301 3662 .1'outee

183 3694 227 3759 qui
247 3705 263 3757 y
284 3707 404 3746 euueerue
420 3693 445 3745 le
465 3693 555 3744 utlibet
577 3695 616 3745 est
639 3693 671 3744 de
691 3693 817 3744 l'iromme.
840 3695 880 3744 Du
899 3692 1004 3758 premier
1028 3693 1108 3742 resset
1129 3703 1161 3741 ιιι
1177 3689 1299 3754 diximus,

183 3774 243 3825 e'est
259 3776 319 3827 Psoi
340 3775 384 3839 qui
404 3774 481 3840 perio.
502 3774 578 3825 vient
595 3773 690 3825 ensuite
709 3774 732 3824 Ιι
745 3773 830 3838 purete
846 3772 880 3823 du
897 3771 1069 3836 seigneurie
1085 3770 1169 3835 peroie
1184 3770 1300 3821 trumuine

183 3865 348 3905 reoommeuoe
369 3867 401 3906 uu
417 3855 498 3905 verset
515 3852 656 3916 douuiime3
669 3852 717 3904 elie
735 3853 835 3904 s'errete
855 3864 915 3903 eree
931 3851 954 3902 ie
976 3850 1097 3901 ιιὶιίιιιι.
1113 3852 1149 3901 Lu
1167 3850 1252 3914 peroio
1268 3849 1301 3901 ιιι

182 3932 262 3997 Prul,
291 3932 457 3999 t‘exprersiosr
483 3934 516 3988 rie
534 3948 581 3986 sorr
607 3935 712 3998 opinion
739 3932 913 3997 portieultere
938 3930 1094 3995 reprendes
1118 3932 1198 3981 verset
1224 3930 1302 3995 vingt·

182 4012 432 4076 manutenemus
449 4015 565 4067 oouiluue
582 4013 680 4078 iusqu'i
699 4014 724 4065 tu
741 4013 775 4063 liu
793 4013 828 4063 riu
845 4014 962 4077 etrrpttre.
975 4031 988 4055 n
1006 4013 1086 4070 Quam
1108 4011 1208 4076 quidem
1226 4011 1301 4075 parti·

181 4093 290 4145 eulerem
311 4094 423 4158 Apostoli
441 4096 581 4160 opinionem
597 4094 664 4145 eires
681 4092 847 4154 άιιινιιιαιιι,
867 4094 941 4143 roret
954 4104 1070 4143 errorem
1090 4090 1241 4153 funestum.
1263 4094 1300 4141 Eu

182 4174 236 4225 eius
256 4172 331 4225 verbe
349 4173 409 4224 ibid.
429 4182 451 4227 s.
472 4178 533 4228 iter.
557 4182 625 4228 test.
638 4187 693 4239 pig.
707 4181 745 4226 tt.
764 4175 889 4225 «timeor
899 4172 1024 4235 soumis,
1038 4176 1085 4236 qut
1101 4174 1198 4236 impure
1215 4170 1239 4221 te
1258 4170 1301 4221 de·

182 4255 242 4304 retr
258 4252 291 4304 ris
307 4252 391 4305 letter
408 4256 498 4306 contre
512 4267 565 4306 une
576 4255 694 4307 ootoritt
710 4252 874 4306 tenirement
889 4253 974 4304 rimee.
984 4271 998 4296 ι
1014 4251 1178 4303 oteeuimn
1189 4251 1299 4316 petulum

182 4334 246 4398 iem,
269 4332 310 4384 cui
329 4332 439 4399 apprime
455 4334 604 4387 conveniunt
621 4333 765 4386 Tertulliani
778 4331 854 4384 verbe
868 4333 895 4382 iu
909 4332 953 4383 liis.
978 4334 1015 4383 lie
1023 4333 1180 4396 praeseipt.
1195 4345 1249 4396 esp.
1260 4336 1299 4382 tr.

183 4415 262 4479 ipsus
276 4413 400 4467 mutieres
419 4413 566 4468 mesore
572 4427 653 4481 uomit
663 4415 800 4481 procrees!
819 4415 891 4475 Quos
903 4412 1003 4467 ostent
1019 4412 1120 4474 docere,
1133 4411 1296 4465 contendere.
