3234 5084
319 436 387 508 ttt
462 457 525 508 sn.
536 456 584 508 ιιι.
602 454 689 506 seor.
706 454 836 505 rnnnr.
854 455 894 505 ns
911 453 1022 506 uentu.
1038 454 1134 506 snrn.
1150 453 1273 507 cnrrsr.

389 575 487 662 Quod
505 576 535 648 si
552 601 593 649 ex
612 592 749 647 naturae
775 572 850 670 lege
871 570 1152 646 indissolubiliter
1166 573 1292 647 vinculi
1310 575 1429 647 conin-

315 691 402 791 galis
419 692 586 775 dimanat,
603 716 669 763 non
694 689 814 786 igitur,
832 686 1114 787 quemadmodum
1131 690 1268 787 quidam
1288 691 1430 790 pseudo

317 806 511 908 philosophi
542 806 736 891 affirmant,
770 830 812 876 ex
845 829 938 877 mera
968 804 1237 878 contrahentium
1267 805 1429 880 electione

317 922 514 1023 privataque
529 920 720 1005 voluntate,
742 933 801 991 aut
817 943 858 991 er
875 916 1085 991 institutione
1105 920 1360 1017 magistratuum
1379 922 1428 994 ci-

313 1035 452 1125 rilium,
472 1061 533 1109 seu
551 1033 690 1107 humani
716 1031 867 1107 cuiusvis
893 1030 1096 1129 legislatoris
1112 1060 1153 1108 ea
1170 1036 1275 1133 repeti
1292 1052 1418 1136 potest,

315 1168 375 1227 aut
398 1151 509 1225 dehet.
526 1149 738 1250 Quapropter
753 1166 792 1222 ut
808 1148 875 1223 hoc
895 1147 996 1221 etiam
1013 1147 1090 1223 heic
1106 1150 1213 1225 obiter
1229 1151 1422 1237 innuamus,

314 1284 429 1344 contra
446 1266 553 1365 legem
571 1280 710 1339 naturae
730 1279 855 1362 agunt,
878 1264 937 1364 qui
954 1264 1112 1363 coniugia
1127 1265 1333 1353 dissolvunt,
1349 1265 1425 1338 nul·

314 1384 449 1485 liusque
466 1381 596 1457 rohoria
617 1381 748 1468 civilia,
769 1397 829 1454 aut
841 1380 975 1480 politica
994 1397 1117 1455 statuta
1138 1398 1233 1469 sunt,
1253 1407 1342 1482 quae
1357 1407 1426 1454 ma·

314 1498 463 1575 trimonii
480 1496 702 1573 consummati
723 1496 979 1571 dissolutionem
996 1496 1266 1596 quibuscumque
1288 1495 1423 1570 tandem

313 1615 349 1688 in
369 1613 507 1690 casibus
533 1610 659 1686 audent
682 1610 862 1684 decernere
884 1614 973 1707 (et).

387 1730 437 1802 Ex
462 1728 631 1827 hisquae
661 1725 809 1799 diximus
843 1742 1085 1826 praeoccupata
1116 1741 1196 1799 sunt
1226 1740 1423 1822 argumenta

314 1845 515 1946 praecipua,
531 1841 655 1942 quihus
668 1841 806 1942 quidam
820 1841 1080 1943 patrocinatores
1093 1840 1326 1914 dissolutionis
1343 1864 1424 1913 con-

313 1958 436 2057 iugalis
457 1955 660 2058 persuadere
685 1955 752 2027 nisi
778 1971 877 2042 sunt,
902 1969 1050 2055 spectato
1076 1954 1148 2029 solo
1175 1970 1312 2028 naturae
1334 1955 1419 2040 iure,

312 2071 539 2148 omnimodam
566 2086 829 2171 perpetuamque
853 2071 999 2167 coniugii
1026 2070 1214 2146 firmitatem
1236 2071 1338 2145 statui
1355 2097 1422 2144 nnn

314 2215 428 2289 posse.

386 2304 456 2403 ipsi
481 2302 571 2376 euim
596 2327 670 2377 eam
692 2303 856 2402 impetunt
880 2301 915 2373 in
940 2302 1123 2400 primicer
1147 2317 1337 2377 contractus
1362 2329 1423 2375 na-

312 2436 406 2508 tura,
433 2418 493 2519 qui
520 2444 597 2492 cum
628 2417 838 2492 voluntarius
863 2417 908 2491 sit
931 2433 967 2490 ct
989 2444 1029 2490 ex
1058 2418 1218 2492 electione
1247 2417 1423 2491 admittere

311 2549 423 2634 potest
446 2532 654 2609 conditiones
680 2558 767 2634 quas
792 2531 1028 2608 contrahentes
1052 2534 1242 2633 apponant,
1262 2550 1360 2634 prout
1385 2532 1423 2607 lit

311 2652 347 2722 in
372 2649 597 2725 contractibus
614 2649 754 2736 ceteris,
775 2645 859 2722 adeo
876 2664 914 2721 ut
929 2675 981 2721 ert
999 2674 1049 2745 gr.
1065 2674 1104 2722 se
1120 2650 1261 2747 iungant
1279 2662 1422 2721 antum-

310 2765 470 2841 modoad
488 2764 702 2866 praefinitum
721 2780 872 2863 tempus,
894 2788 1020 2863 nempe
1034 2790 1145 2863 usque
1160 2764 1204 2836 ad
1222 2762 1326 2864 prolis
1344 2788 1423 2862 pro-

312 2883 530 2970 creationem,
558 2881 701 2980 eiusqne
721 2880 897 2980 physicam
916 2905 956 2953 ac
973 2879 1133 2955 moralem
1155 2879 1417 2965 iustitutionem,

311 3009 345 3068 et
361 3020 428 3069 uon
445 2996 605 3083 ulterius3
627 3011 685 3069 aut
701 2994 885 3069 dummodo
901 3020 987 3069 uror
998 2995 1043 3069 ait
1055 2994 1235 3082 loeouuda;
1252 2994 1421 3069 autetiam

313 3135 379 3184 non
393 3111 577 3184 intercedat
589 3136 628 3183 er
643 3110 802 3184 alterutra
815 3127 908 3211 parte
920 3110 1101 3184 infidelitas
1114 3111 1186 3185 sira
1198 3110 1417 3198 adulterium3

311 3240 370 3300 aut
393 3226 540 3326 denique
566 3227 631 3299 nisi
650 3224 846 3299 oboriantur
863 3226 971 3313 rinae,
993 3224 1139 3325 odisque
1155 3214 1271 3300 mutua
1287 3253 1328 3299 ex
1345 3226 1422 3326 qui·

310 3342 375 3416 hus
401 3342 461 3415 liat
484 3357 521 3416 ut
544 3343 706 3439 coniuges
731 3342 917 3415 consistere
943 3342 1042 3415 simul
1068 3358 1253 3441 nequeant,
1287 3341 1421 3441 aliaque

310 3458 477 3532 eiusmodi
499 3460 587 3553 (36).

381 3575 585 3648 Enimvero
614 3573 779 3647 eiusmodi
811 3572 1024 3647 difficultates
1053 3599 1093 3645 ex
1122 3572 1209 3646 salsa
1239 3573 1419 3673 hypothesi

309 3691 474 3763 oriuntur.
495 3691 694 3790 Supponunt
718 3692 845 3792 quippe
868 3688 1051 3763 adversarii
1078 3703 1283 3762 contractum
1307 3688 1421 3762 coniu-

309 3805 418 3900 galem
437 3803 590 3877 eiusdem
616 3830 693 3879 esse
718 3820 859 3879 naturae
876 3830 916 3876 ac
932 3817 1123 3877 contractus
1140 3802 1252 3889 ceteri,
1274 3803 1332 3903 qui
1349 3829 1421 3876 vcr-

381 4072 431 4135 (eo)
446 4072 485 4123 cl.
498 4073 619 4137 Taparclli
631 4076 725 4137 Saepto
736 4075 784 4123 etc.
796 4073 845 4124 loc.
856 4074 899 4124 clt.
911 4086 935 4122 n.
949 4079 1017 4124 15³⁰,

380 4154 431 4214 (ss)
447 4154 514 4203 Haec
527 4156 584 4203 sunt
598 4153 720 4203 rationum
738 4155 875 4213 montena,
892 4165 955 4215 qnae
970 4153 1041 4215 urget
1056 4152 1176 4203 Bettham
1192 4152 1239 4203 loc.
1252 4151 1294 4201 cit.
1308 4163 1421 4214 quaeque

309 4245 355 4281 nas
366 4232 391 4282 in
403 4232 576 4296 compendium
589 4236 664 4297 atque
674 4232 706 4283 ad
717 4233 848 4296 praecipua
858 4232 939 4297 capita
949 4231 1094 4296 redegimus.
1105 4232 1143 4282 lhl
1153 4234 1260 4296 quatuor
1268 4230 1317 4282 sthi
1332 4244 1419 4295 propo·

308 4311 358 4361 suit
372 4309 544 4375 difficultates,
562 4326 624 4376 quas
640 4326 766 4378 perperam
781 4312 877 4363 solvere
893 4313 1035 4364 mnnititur.
1050 4312 1097 4365 ulti
1111 4311 1200 4363 delude
1211 4324 1240 4363 er
1258 4312 1305 4362 hoc
1319 4313 1420 4362 auctore

309 4392 368 4441 haec
382 4391 436 4454 lpse
451 4396 594 4454 argumenta
609 4391 809 4458 desumpserunt,
827 4406 869 4444 sen
885 4393 1072 4457 exscripserunt.
