3234 5084
339 434 408 485 ose.
425 434 448 484 ι.
465 433 504 483 os
522 433 694 484 morosius
710 434 917 484 srsusrsnnn
933 435 1003 485 sss.
1021 436 1065 485 rr.
1209 416 1252 483 oi

155 575 228 625 vnto
254 549 542 636 moliebamur,
571 551 600 622 si
627 550 739 623 liceret
762 551 835 624 site
863 551 1001 623 alterum
1030 552 1158 637 virum,
1186 555 1258 626 sive

152 665 288 738 aitonm
314 664 438 737 duoero
459 688 610 737 uxorem.

222 778 298 850 Dixi
324 776 522 877 Apostolum
547 777 612 853 hoo
636 778 670 848 in
702 777 775 851 loco
803 777 951 853 allodem
979 780 1023 853 ad
1053 782 1257 878 primaevam

153 891 355 967 matrimonii
381 891 623 966 institutionem
647 920 668 965 u
685 892 817 966 Christo
834 895 1084 977 oonfinnatam3
1109 895 1258 993 alioquin

152 1030 229 1080 oum
253 1033 297 1079 ox
314 1006 388 1103 lege
404 1008 553 1081 mosmos
569 1033 637 1081 uon
653 1025 745 1083 esset
759 1009 929 1082 oonsenda
945 1008 1098 1083 adultera
1118 1010 1256 1096 mulier,

153 1144 243 1218 quoe
267 1120 415 1193 dimisso
437 1147 457 1193 a
482 1122 601 1196 morito
626 1121 722 1195 elteri
739 1121 895 1207 nuberet,
916 1122 1037 1196 falsum
1059 1138 1150 1196 esset
1171 1124 1261 1222 Apo-

154 1234 230 1308 stoli
248 1249 479 1333 assumptum,
498 1236 590 1334 quod
607 1236 750 1335 impium
771 1251 823 1309 est
839 1237 1004 1332 nogium,
1021 1236 1173 1334 adeoque
1189 1237 1262 1310 iure

155 1349 319 1422 affirmavi
344 1348 543 1448 Apostolum
560 1349 751 1424 declarasse
767 1351 893 1424 Christi
909 1351 1111 1424 sententiam
1128 1350 1171 1422 de
1191 1377 1263 1424 mo-

158 1462 310 1558 nogamia
336 1461 371 1534 in
397 1488 459 1535 sua
484 1463 557 1560 loge
582 1464 747 1537 servanda
767 1466 880 1559 (133).

229 1577 267 1646 ln
286 1575 389 1649 altero
406 1590 516 1651 autem
534 1576 724 1651 testimonio
742 1602 818 1651 oum
836 1594 950 1675 aperte
962 1575 1160 1677 pronunciet
1172 1575 1261 1649 idem

159 1689 298 1765 Paulus:
312 1691 505 1788 «Praecipio
530 1717 600 1763 non
617 1717 686 1788 epo⁴
703 1690 760 1764 sed
789 1692 947 1764 Dominus
978 1717 1115 1765 umorem
1140 1717 1162 1762 a
1191 1691 1264 1764 viro

158 1830 226 1877 nou
251 1802 446 1891 discedere3
466 1803 558 1902 quod
583 1805 614 1876 si
636 1802 852 1892 discesserit,
880 1830 1017 1879 manere
1041 1806 1261 1903 innuptam»

156 1917 298 1991 evidens
319 1934 373 1991 est
396 1919 440 1992 ad
466 1918 573 2016 legem
589 1945 666 1993 eum
684 1919 1261 2019 respioemMatth.X1X.liiam.X‚

155 2048 191 2105 ot
219 2034 298 2106 Luo.
318 2034 442 2106 xvia
471 2033 605 2107 Christo
633 2033 735 2108 latam
765 2035 809 2108 do
840 2035 1067 2131 monogamia,
1101 2035 1135 2107 ri
1166 2034 1264 2108 euius

158 2173 342 2246 numquam
368 2147 419 2223 fos
434 2163 489 2223 est
505 2146 602 2221 altori
618 2147 743 2223 nubere
761 2149 797 2220 in
813 2148 900 2222 vivis
916 2149 1029 2222 adhoc
1051 2163 1171 2245 agente
1193 2150 1265 2222 sire

159 2262 278 2334 morito
295 2262 367 2335 sive
384 2288 498 2335 uxore.
520 2263 588 2336 Neo
603 2261 714 2337 obstat
731 2262 823 2361 quod
841 2261 1019 2361 Apostolus
1033 2262 1139 2337 soiius
1152 2262 1266 2336 uxoris

159 2375 361 2448 montionem
380 2374 509 2448 iniioiat
521 2376 624 2474 ¹quasi
642 2375 801 2448 nimirum
819 2376 891 2448 viro
909 2375 1006 2448 liceat
1023 2377 1114 2475 quod
1131 2376 1264 2449 mulieri

160 2489 355 2587 prohibetur
374 2491 486 2585 (134).
508 2491 589 2562 Nam
615 2506 652 2564 ut
675 2489 782 2589 liquot
806 2516 847 2562 ex
872 2490 1033 2563 orationis
1060 2490 1148 2563 serie
1177 2491 1267 2590 Apo-

158 2604 265 2677 stolus
283 2604 318 2676 in
334 2603 452 2677 eadem
469 2604 648 2679 eonditono
665 2622 735 2678 tum
753 2604 815 2677 viri
834 2620 904 2677 tum
930 2604 1081 2677 mulieris
1108 2605 1162 2676 ius
1187 2630 1267 2676 ooo·

159 2717 278 2803 stituit,
298 2716 465 2816 siquidem
483 2730 645 2791 commate
670 2716 859 2815 insequenti
884 2716 1058 2790 constituit
1075 2741 1137 2790 neo
1157 2716 1267 2789 virum

161 2830 295 2904 fidelem
311 2830 434 2907 debere
450 2831 609 2903 dimittere
627 2830 795 2905 infidelem
808 2829 998 2916 mulierem
1014 2855 1076 2904 nee
1093 2831 1266 2903 mulierem

161 2945 296 3021 fidetem
319 2944 479 3021 domme
502 2946 613 3018 virum
639 2944 825 3031 infidelem,
853 2945 883 3018 si
910 2971 991 3043 pars
1022 2945 1175 3018 infidelis
1189 2971 1267 3019 oon·

160 3061 304 3133 senserit
316 3059 456 3158 paoifioo
467 3059 622 3135 habitare
632 3086 708 3133 mem
723 3075 819 3159 perte
832 3059 936 3133 fideli.
948 3060 1048 3133 Pares
1065 3060 1180 3159 itaque
1192 3060 1269 3133 feeit

161 3175 341 3273 Apostolus
358 3176 465 3248 vimm
477 3192 511 3249 et
522 3176 695 3249 mulierem
713 3176 825 3275 quoad
842 3176 1097 3263 dimissionem
1117 3177 1269 3275 adeoque

161 3316 261 3387 peres
273 3289 352 3365 fooit
362 3291 475 3390 quoad
492 3290 714 3365 eonditionem
728 3318 771 3365 ne
783 3291 903 3364 iterum
916 3290 1057 3380 nubent,
1071 3292 1268 3366 dimissione

231 3561 299 3621 (tot)
314 3561 454 3611 cimam
463 3560 638 3610 commentis
649 3560 876 3624 Epist.sdrom.eti
886 3560 1000 3611 h.i.item
1011 3558 1148 3610 warde
1158 3558 1266 3608 Pisonis.

234 3638 300 3699 (itt)
316 3640 393 3689 Proui
405 3638 600 3700 Ambrosium,
611 3639 703 3702 etpost
715 3639 795 3702 ipsum
810 3638 941 3689 &menos
956 3641 982 3689 et
994 3638 1148 3691 catherinus,
1158 3637 1269 3697 sunere,

163 3718 189 3766 in
209 3730 260 3780 quo
278 3718 382 3782 turpiter
403 3718 463 3782 iepsi
484 3719 555 3780 sunt3
575 3718 663 3767 horum
681 3718 845 3780 expendemus
865 3717 1025 3781 sententiam,
1046 3731 1103 3768 cuin
1120 3717 1151 3767 de
1168 3717 1270 3768 indlsso

163 3796 285 3848 tuotone
302 3809 402 3860 egeam
416 3798 508 3849 rinenlt
527 3797 671 3861 conrogatis.
686 3798 801 3849 ceterum
810 3797 837 3847 io
846 3798 885 3847 rei
897 3799 943 3860 ipsi
954 3796 1104 3861 expositores
1113 3794 1272 3860 protestantes

162 3875 237 3929 inno
247 3874 446 3931 etretioseiisiae
456 3877 579 3929 uiderem.
592 3880 654 3929 Item
664 3877 690 3928 io
700 3876 840 3931 musione
846 3877 977 3940 Koppisao
986 3877 1048 3926 Der.
1058 3877 1105 3927 ini.
1116 3879 1172 3927 Pott
1181 3875 1270 3927 reiv.

162 3959 224 4018 pert.
233 3957 255 4005 Ι.
267 3955 399 4018 Gottingae
411 3962 476 4007 toto.
489 3956 589 4005 inbono
600 3954 807 4005 ioe.oomGrotio
817 3955 853 4005 sio
863 3954 1025 4004 eduotet.rsi
1036 3955 1202 4008 bocconistus
1216 3956 1271 4005 risu

162 4033 237 4098 dixit,
248 4036 289 4085 eut
302 4036 399 4086 motum
416 4036 477 4086 iuris
493 4035 594 4086 dederat
608 4036 647 4085 ion
666 4035 756 4098 Mosts,
768 4037 861 4097 quanto
875 4035 952 4098 meme
964 4032 1028 4085 idem
1041 4032 1142 4098 intelligi
1153 4032 1225 4084 dehet
1240 4034 1273 4083 de

164 4113 282 4175 mne,
293 4115 334 4164 eoi
345 4115 383 4164 tes
395 4116 470 4165 Nesis
490 4114 552 4164 moti
571 4113 620 4164 ieie
635 4115 802 4164 oonoesseret?
821 4113 912 4163 moen
931 4127 988 4175 ergo
1007 4113 1135 4164 tolerantis
1153 4126 1227 4176 qoem
1245 4113 1270 4161 in

162 4195 296 4247 amos
305 4195 360 4257 legs
369 4194 445 4245 itosis
460 4195 573 4245 christos
586 4195 647 4245 viris
656 4195 861 4257 prmonpsersi,
874 4194 952 4245 molto
965 4193 1052 4245 iustius
1061 4192 1272 4244 esstotsserrende

163 4271 286 4335 minis,
300 4271 390 4336 quibus
408 4274 446 4325 ius
460 4285 476 4322 s
491 4273 581 4324 marito
600 4272 739 4325 dimisum
755 4272 831 4323 debet
845 4285 895 4322 uon
910 4273 949 4322 ies
960 4273 1049 4333 Musis,
1061 4272 1104 4323 sed
1119 4282 1233 4322 somenae
1246 4271 1271 4321 et

163 4364 247 4412 senene
263 4353 343 4414 tenes,
361 4352 461 4402 iliorum
480 4353 627 4417 populorum
648 4352 750 4415 ingentis
767 4353 901 4415 eptsteeiu
