3234 5084
299 425 368 498 eta
418 446 480 498 ue.
501 445 549 496 ιιι.
571 443 658 495 saer.
679 441 809 495 aarum.
832 443 872 494 na
890 442 1003 495 mnam.
1024 441 1257 496 tarraconen.
1276 468 1282 479 -

368 562 455 638 lbid.
493 562 576 662 Cap.
607 559 748 633 citant.
779 558 947 634 «Mulieri
981 585 1047 634 non
1083 557 1161 632 lieet
1189 557 1407 638 fornicantem

299 678 403 754 elium
429 677 617 777 aooiperer
642 674 701 746 uhi
725 689 839 775 aperte
864 673 987 749 desunt
1010 672 1137 749 verba:
1166 672 1327 747 oestron
1350 687 1404 759 et;

297 796 345 868 ita
369 807 405 865 ut
431 817 553 866 sensus
579 790 707 887 integer
730 790 794 863 sit:
820 788 980 863 «Mulieri
1007 813 1179 863 veronen
1205 785 1283 861 lieet
1306 785 1409 861 iorni-

296 924 427 983 oantem
453 906 620 979 dimittere
643 920 677 979 et
700 904 804 978 alium
830 905 984 1003 aecipere
999 906 1138 1000 (258).»

369 1022 450 1122 Cap.
478 1021 594 1094 XClll.
620 1019 792 1093 «Maritus
817 1020 848 1092 si
879 1019 1031 1117 seipsum
1063 1042 1197 1092 servum
1228 1015 1344 1093 fecerit
1372 1017 1409 1088 in

298 1138 404 1223 furto,
428 1136 538 1210 autin
557 1134 799 1220 fornicatione,
827 1131 948 1205 mulier
972 1130 1075 1204 habet
1098 1145 1297 1229 potestatem
1322 1130 1411 1205 aoei-

300 1278 380 1352 pere
395 1251 503 1324 uirum
520 1253 658 1345 (259).»
1075 1264 1078 1269 ’

368 1365 477 1465 Atque
494 1364 578 1437 haee
595 1379 674 1437 sunt
690 1362 839 1462 capitula
851 1361 1023 1436 Theodoro
1035 1360 1225 1459 adscripta,
1239 1384 1316 1433 eum
1333 1362 1413 1461 qui-

296 1477 380 1566 bus,
409 1477 527 1551 saltem
544 1476 657 1578 quoad
675 1477 917 1564 substantiam,
938 1473 1140 1549 conveniunt
1156 1500 1244 1575 quae
1260 1474 1296 1547 in
1308 1474 1413 1549 Theo-

297 1595 371 1669 dori
397 1592 628 1668 Paenitentiali
666 1593 849 1681 habentur,
882 1618 1036 1693 quaeque
1059 1590 1238 1690 potissime
1267 1590 1313 1663 ad
1341 1616 1412 1665 rem

299 1724 446 1783 nostram
478 1707 616 1782 iaciunt.
644 1707 818 1808 Siquidem
843 1707 911 1780 alie
935 1705 1161 1806 praetermisi,
1189 1731 1276 1806 quae
1298 1706 1415 1781 minus

301 1823 382 1896 huie
400 1823 590 1925 quaestioni
608 1839 807 1921 eongmunt.
829 1822 911 1895 ltem
932 1821 1135 1897 conueniunt
1149 1846 1226 1897 eum
1242 1820 1322 1895 aliis
1338 1846 1417 1922 pee-¹

300 1937 531 2013 nitentialibus
557 1939 629 2012 sive
648 1937 817 2035 Gregorii,
842 1937 915 2011 sive
939 1934 1161 2034 Mersehurgi‚
1183 1952 1221 2010 ut
1240 1963 1281 2011 ex
1298 1962 1420 2021 eorum,

301 2053 478 2127 collatione
502 2052 687 2153 unicuique
711 2051 849 2152 patebit.
984 2068 987 2073 “

375 2169 420 2241 tl.
447 2169 543 2242 Nune
567 2168 635 2240 iam
660 2182 807 2268 praestat
830 2167 945 2241 oritiee
971 2168 1141 2269 inquirere
1164 2166 1247 2266 quid
1264 2167 1307 2241 de
1323 2167 1415 2241 eius·

303 2282 394 2355 modi
417 2282 711 2382 poenitentialibus
730 2281 944 2357 sentiendum
962 2282 1018 2359 sit.
1040 2283 1110 2357 lam
1126 2307 1224 2371 uero,
1244 2282 1323 2357 lieet
1337 2282 1416 2355 uni·

302 2397 425 2470 versim
450 2425 471 2471 a
496 2396 649 2498 pluribus
680 2397 825 2472 saeculis
857 2398 1019 2471 tributum
1049 2397 1149 2471 suerit
1177 2396 1416 2471 Paenitentiale

303 2512 491 2599 Theodoro,
512 2538 552 2586 ac
569 2512 633 2585 sub
652 2513 727 2587 eius
752 2514 888 2588 nomine
912 2514 1040 2613 passim
1064 2511 1242 2609 allegetur,
1269 2527 1416 2586 attamen

303 2643 428 2701 eertum
453 2626 587 2702 videtur
603 2627 813 2702 Theodorum
839 2650 1023 2729 numquam
1046 2626 1213 2701 eiusmodi
1238 2653 1324 2727 opus
1341 2653 1416 2700 era·

306 2769 410 2818 rasse.
428 2745 512 2817 Nam
529 2741 613 2817 nulli
627 2745 700 2816 sive
711 2744 826 2817 coaevi
844 2743 917 2818 sive
934 2768 1097 2844 suppares
1115 2742 1293 2843 scriptores
1309 2743 1417 2817 Theo·

307 3010 363 3061 vett
381 3009 473 3061 nubem
489 3023 546 3061 eum
555 3023 585 3061 aa
598 3023 629 3061 an
642 3010 789 3063 dimittere.»
803 3011 897 3064 Tteed.
908 3013 1054 3064 Peenttent.
1065 3014 1097 3065 tt.
1109 3021 1132 3064 a.
1144 3012 1168 3077 ς.
1178 3020 1202 3063 a.
1213 3031 1226 3057 α
1235 3013 1261 3065 st
1272 3012 1343 3065 onina
1354 3024 1419 3065 naor

307 3089 449 3152 ternieartt,
471 3090 529 3141 ticet
549 3089 671 3142 dimittere
690 3104 744 3142 eam
764 3092 790 3142 et
808 3092 883 3143 aliam
901 3091 1030 3156 accipere,
1054 3092 1102 3143 hoe
1123 3096 1181 3156 eat,
1201 3092 1223 3144 et
1245 3093 1283 3143 vir
1298 3092 1419 3143 dimiserit

307 3182 409 3220 exorem
423 3183 492 3220 mam
504 3174 602 3235 propter
612 3171 813 3233 tornieationem,
826 3172 847 3222 et
859 3172 937 3236 prima
954 3172 1038 3236 tuerit,
1056 3172 1151 3224 tter'tum
1166 3173 1217 3235 est,
1227 3176 1257 3225 ut
1266 3174 1339 3223 attam
1355 3172 1417 3223 aeri·

307 3250 360 3315 piat
377 3263 497 3315 uxorem,
514 3251 558 3302 itta
577 3265 635 3302 vero
654 3251 676 3302 si
696 3252 803 3303 rotnertt
817 3253 940 3316 poenitere
956 3256 1056 3316 peecata
1073 3265 1127 3316 sua,
1143 3255 1238 3316 postu.
1250 3265 1328 3304 anana
1340 3252 1418 3303 attam

308 3331 390 3381 airum
404 3330 532 3394 amiptat.»
542 3333 606 3383 coa.
621 3333 737 3395 Greeent
747 3338 818 3383 eet.
827 3333 873 3384 «Si
886 3333 957 3382 entur
968 3345 1032 3383 naor
1041 3331 1162 3384 tormenta
1171 3332 1257 3384 mett:
1271 3332 1328 3383 lieet
1335 3332 1418 3383 dimit·

306 3412 357 3461 tare
372 3422 426 3461 um
437 3412 463 3460 et
472 3410 547 3462 aliam
564 3424 615 3462 noa
631 3411 767 3475 recipere.»
780 3412 843 3474 (nbi
855 3411 1034 3463 advertendum
1046 3415 1084 3464 eat
1096 3412 1241 3477 partientem
1254 3424 1322 3471 nea,
1334 3410 1419 3462 demae

307 3490 333 3539 tn
342 3489 399 3540 eod.
411 3488 488 3540 Paris.
501 3490 1212 3555 2133311.).ο.ιι“ὶ.«8ἰιίιὰΙιιὼοιΙῐιιιιοιαιιριορῑει
1225 3490 1420 3553 fornicationem,

308 3569 330 3619 ri
346 3569 426 3632 prima
438 3568 526 3632 tuerit,
543 3569 636 3621 tieiturn
652 3572 702 3633 ert,
715 3572 743 3620 nt
758 3569 832 3620 attam
845 3570 951 3633 acotptat
966 3583 1076 3633 naerens
1091 3571 1137 3622 itta
1147 3571 1236 3622 vemet
1248 3570 1352 3622 vetuerit
1361 3583 1418 3635 poe·

302 3648 386 3699 nitere
394 3653 494 3713 peecata
503 3663 562 3713 aua,
575 3650 631 3713 poet
640 3649 733 3712 quique
746 3662 823 3700 annor
836 3650 913 3700 arten
927 3650 1009 3701 virum
1021 3650 1150 3715 aeotpiat.»

381 3730 446 3792 (aas)
461 3728 554 3780 Yteod.
567 3731 711 3780 Poentteut.
723 3732 755 3779 u.
768 3737 805 3781 12.
815 3729 839 3794 ς.
850 3737 873 3781 6.
884 3731 1001 3783 «Mulieri
1013 3744 1061 3782 non
1072 3731 1129 3781 lieet
1138 3731 1218 3781 virum
1229 3730 1351 3782 dimittere
1362 3731 1420 3782 ticet

307 3808 341 3860 eit
358 3808 502 3871 fornicator,
514 3809 562 3859 niet
575 3809 639 3859 terte
652 3822 697 3872 pro
710 3811 867 3861 monaterio.
883 3812 987 3863 Baritim
996 3813 1044 3863 troo
1057 3811 1176 3865 todtoarit
1184 3812 1194 3876 (
1203 3812 1277 3863 ttaait.
1287 3810 1320 3861 ad
1329 3811 1418 3875 aneta.

308 3902 332 3939 e.
344 3896 367 3939 9.
382 3889 464 3952 tt.).»
476 3891 541 3939 Gan.
556 3891 661 3953 Greeer.
671 3890 863 3941 c.o7.«ttutteri
879 3904 928 3941 non
943 3895 982 3943 eet
998 3893 1094 3945 licitum
1105 3892 1186 3943 virum
1197 3905 1270 3943 suum
1280 3890 1418 3953 dimittere,

309 3968 367 4019 tieet
385 3968 537 4031 fornicetur,
555 3967 602 4018 nist
624 3967 686 4019 terte
706 3982 749 4033 per
771 3971 960 4034 monasterium
971 3972 1076 4022 Basilius
1091 3971 1234 4023 iudicarit»

381 4048 447 4110 (tae)
466 4047 560 4099 Theocl.
572 4051 716 4099 Peenttent.
730 4063 752 4100 e.
765 4056 787 4100 e.
804 4050 927 4101 «Medma
937 4051 959 4100 si
971 4051 1078 4115 seipsum
1090 4052 1116 4101 tn
1128 4052 1195 4103 iirrto
1205 4054 1249 4102 aut
1260 4051 1421 4103 fornicatione

309 4139 407 4177 unum
420 4128 488 4195 tacit,
499 4131 544 4179 aut
554 4141 710 4191 quocumque
720 4132 832 4193 peceato,
849 4130 937 4181 mutter
947 4130 968 4181 st
980 4132 1048 4195 priua
1059 4145 1108 4183 non
1120 4131 1206 4183 tabuit
1217 4131 1420 4196 centonomiu-

310 4206 352 4257 het
372 4208 514 4270 potestatem
530 4211 586 4272 port
600 4221 693 4259 annum
709 4210 813 4261 attenm
835 4210 945 4274 aroipere
964 4210 1263 4276 rememoratae
1276 4226 1326 4264 uon
1338 4213 1420 4264 tinet.»

313 4287 377 4336 cea.
388 4287 491 4351 ὕπερον.
499 4301 523 4338 c.
533 4292 585 4339 tte.
596 4290 717 4341 «arantur
727 4291 748 4341 si
760 4290 868 4355 mipaum
878 4291 904 4341 in
915 4290 981 4341 inea
995 4294 1038 4344 aut
1049 4291 1207 4346 fornicatione
1215 4306 1313 4345 mnam
1323 4292 1418 4355 tenerit,

312 4365 403 4417 rnutier
415 4366 489 4419 habet
498 4370 642 4431 potestatem
657 4370 760 4421 atterere
773 4370 883 4435 accipere
894 4371 999 4421 virum.»
