3234 5084
314 453 383 524 tti
470 473 533 524 ιιι.
544 472 593 524 ιιι.
609 470 697 524 ιιιι.
714 472 845 524 rursm.
862 472 902 523 ιι
919 471 1032 524 meres.
1049 472 1145 524 ιιτι.
1161 473 1286 526 cunm.

313 591 433 665 imbuti
451 607 584 679 essent,
601 605 702 691 atque
720 590 863 665 instituti
883 591 917 663 in
934 589 1086 664 doctrina
1098 589 1225 666 Christi
1244 591 1287 665 de
1302 590 1431 667 sinenti

314 706 504 804 coniugalis
530 708 768 807 perpetuitate,
797 733 838 780 ac
859 705 934 805 lege
963 707 1131 806 primitiva
1160 707 1251 781 circa
1278 707 1433 782 eamdem

243 856 244 859 ¹
312 821 458 919 coniugii
490 820 849 907 indissolubilitatem,
886 845 953 895 non
987 819 1054 896 alio
1086 846 1190 895 sensu
1221 846 1262 895 ea
1297 847 1436 923 compa-

312 937 441 1011 ratione
467 938 515 1010 uti
543 952 673 1038 poterat
701 935 881 1037 Apostolus
912 936 956 1009 ad
986 963 1045 1011 eos
1076 936 1240 1011 scribens.
1266 938 1432 1012 Rursum:

314 1052 453 1126 biennio
478 1069 657 1151 antequam
676 1052 719 1124 ad
748 1076 904 1125 romanos
923 1050 1046 1124 Paulus
1073 1076 1167 1125 suem
1190 1051 1286 1124 daret
1307 1053 1435 1152 episto-

315 1166 401 1254 lem,
437 1166 659 1265 praemiserat
687 1165 833 1264 priorem
864 1191 966 1266 quom
998 1163 1042 1237 ad
1071 1162 1257 1239 corinthios
1287 1166 1435 1267 scripse-

313 1297 364 1355 rat
384 1283 496 1377 (117).
519 1282 640 1366 Porro,
669 1297 705 1354 ut
729 1307 807 1353 mox
832 1280 1064 1368 ostendemus,
1086 1280 1121 1352 in
1147 1278 1212 1353 hac
1235 1298 1434 1380 perpetuam

313 1397 526 1470 adstruxerat
549 1394 676 1470 vinculi
703 1394 891 1492 coniugalis
917 1394 1119 1469 firmitatem.
1143 1397 1317 1469 Praeterea
1338 1395 1435 1471 Chri·

316 1511 359 1585 sti
378 1510 422 1584 de
440 1510 613 1609 primitivo
629 1508 719 1607 lege,
739 1510 851 1609 deque
869 1507 1168 1584 indissolubilitate
1183 1509 1336 1584 doctriua
1353 1528 1434 1586 nota

312 1641 384 1701 erat
409 1625 558 1700 romanis
583 1651 623 1698 er
650 1624 825 1722 evangelio
842 1625 968 1711 Lucae,
990 1625 1024 1696 in
1042 1650 1126 1727 quo,
1146 1641 1184 1699 ut
1200 1625 1430 1712 ostendimus,

313 1742 440 1815 diserte
456 1741 610 1815 doctriua
627 1738 808 1813 salvatoris
827 1739 871 1812 de
888 1754 1050 1841 perpetuo
1066 1756 1169 1841 atque
1186 1739 1339 1815 absoluta
1355 1766 1434 1815 con·

314 1856 397 1953 iugii
423 1852 721 1928 indissolubilitate
745 1854 903 1941 refertur,
930 1853 1021 1954 quod
1050 1853 1188 1954 quidem
1221 1853 1431 1952 evangelium

313 1971 348 2042 in
373 1967 502 2043 Achaia
526 1968 661 2069 scriptis
686 1968 921 2066 consignatum
938 1984 1007 2055 est,
1028 1968 1226 2068 priusquam
1251 1967 1433 2069 Apostolus

314 2109 410 2159 suam
427 2082 559 2157 dederit
580 2082 623 2156 ad
646 2107 803 2158 romanos
826 2082 1002 2184 epistolam
1023 2085 1138 2179 (tto).
1160 2082 1211 2155 Ad
1234 2081 1299 2158 hoc
1319 2098 1432 2159 eutem

312 2197 525 2297 evangelium
552 2198 644 2270 iaxta
668 2212 798 2272 veteres
819 2196 945 2270 Paulus
968 2195 1116 2296 appellat
1136 2198 1254 2292 (tit);
1278 2196 1433 2299 adeoque

314 2315 409 2387 iuxta
433 2313 536 2387 huius
561 2312 727 2410 evangelii
754 2312 940 2386 doctrinam
965 2310 1056 2385 circe
1073 2311 1265 2408 coniugium
1283 2310 1431 2387 locutum

313 2455 392 2502 eum
418 2427 525 2501 luisse
549 2427 592 2500 ad
619 2452 774 2500 romanos
799 2425 979 2500 dicendum
1004 2441 1068 2499 est.

385 2542 436 2615 Ex
454 2541 510 2617 his
529 2542 595 2615 iam
614 2558 859 2642 preoccupatae
873 2557 951 2616 sunt
964 2537 1196 2627 difficultates,
1212 2540 1338 2641 quibus
1352 2542 1432 2616 Ere·

312 2684 425 2747 smus,
453 2657 653 2745 caietanus,
674 2657 877 2732 Catharinus
896 2657 984 2731 inter
999 2653 1185 2731 catholicos
1202 2657 1343 2755 permoti
1366 2683 1433 2758 pu·

312 2790 426 2847 tamnt
449 2772 577 2847 nullam
599 2798 677 2847 esse
694 2771 761 2847 vim
780 2770 944 2871 propositi
963 2770 1164 2868 argumenti.
1185 2770 1318 2845 Etenim
1336 2773 1433 2848 aiunt

311 2886 510 2986 Apostolum
540 2885 685 2960 locutum
716 2884 759 2958 ad
789 2878 951 2959 mentem
966 2883 1051 2982 logis
1081 2885 1265 2973 mosaicae,
1297 2887 1332 2958 in
1361 2912 1430 2987 que

311 3017 420 3074 tamen
434 2999 696 3074 obmittebantur
708 2999 865 3087 divortia,
882 2999 1078 3100 Apostolum
1092 3014 1264 3100 praeterea
1281 3000 1426 3077 dixisse:

308 3258 419 3323 rnnnrgt
430 3257 540 3323 Brisgor.
553 3263 620 3308 teet.
630 3256 674 3308 lib.
686 3258 707 3307 1.
716 3250 770 3321 cap.
782 3258 814 3307 11.
826 3269 852 3321 q.
865 3263 890 3308 t.
903 3255 994 3307 Penius
1007 3267 1067 3305 vero
1082 3253 1212 3319 epistotam
1226 3254 1326 3321 scripsit
1339 3255 1371 3307 sd
1380 3257 1429 3308 iio·

308 3353 397 3393 menos
410 3353 441 3391 ox
454 3337 588 3390 meinis
597 3351 638 3387 en.
653 3350 724 3388 neree
737 3336 846 3401 vulgaris
857 3338 933 3388 Lvti.
947 3336 986 3387 ci.
997 3335 1109 3387 Tirinum
1122 3335 1150 3386 in
1160 3336 1298 3401 commeo,
1311 3350 1355 3389 seu
1371 3340 1430 3402 post

309 3418 442 3472 secundam
464 3432 534 3469 suam
552 3418 578 3468 in
599 3420 681 3469 Astera
702 3416 932 3482 peregrinationem.
945 3416 983 3466 ct.
996 3415 1110 3465 william
1131 3415 1204 3479 Peley
1229 3417 1268 3466 Lo
1290 3417 1376 3467 oerttd
1395 3414 1430 3469 de

311 3497 437 3550 t'ittstmre
449 3497 482 3549 de
496 3511 518 3549 r.
526 3494 598 3548 Paul
610 3498 785 3562 proueeepor
797 3495 826 3546 la
838 3494 1077 3560 compescentes
1088 3492 1192 3558 optines.
1207 3492 1283 3546 Tred.
1294 3494 1326 3547 de
1338 3494 1427 3561 imm.

305 3579 382 3631 Poris.
401 3588 468 3631 teti.
480 3578 519 3633 cli.
533 3579 566 3631 ΙΙ.
580 3577 673 3642 Epttre
693 3590 751 3628 ouo
770 3579 898 3637 remotos,
913 3588 938 3626 n.
951 3582 975 3626 t.
1409 3566 1412 3571 ’

385 3660 451 3723 (iti)
465 3659 504 3709 ct.
518 3659 613 3712 menn
634 3657 659 3708 in
678 3660 821 3720 ergumento
831 3655 898 3721 quod
911 3656 1036 3721 praemisit
1052 3654 1110 3707 huic
1123 3654 1256 3721 epistolae,
1268 3668 1314 3709 nec
1324 3670 1375 3709 noo
1387 3670 1427 3711 ιι.

309 3739 352 3790 cit.
363 3739 506 3804 praesertim
522 3738 608 3803 Pniey,
622 3738 754 3789 premiere
772 3736 855 3801 epitre
871 3749 928 3787 auc
945 3734 1122 3798 corinthiens,
1134 3746 1163 3785 n.
1180 3742 1209 3787 ιο
1223 3748 1293 3800 seqq.

384 3821 451 3883 (trs)
464 3819 508 3870 Uti
522 3817 614 3870 diserte
625 3817 1075 3870 renotare-risuncsrmnxxm.
1085 3819 1111 3869 et
1121 3817 1285 3882 Hieronymus
1294 3821 1428 3872 ωιιιιιιιι

306 3901 332 3949 io
343 3901 431 3951 esto.
446 3898 558 3962 sdeoque
575 3899 641 3949 cirre
658 3911 699 3950 ιι.
709 3899 772 3949 le.
785 3911 857 3949 serae
866 3897 950 3949 christ.
964 3901 1008 3948 eut
1020 3898 1108 3960 etiem,
1119 3900 1148 3950 ut
1156 3899 1212 3950 eliis
1222 3899 1316 3963 pleeet,
1329 3901 1429 3966 scripsit

307 3981 386 4030 Locos
397 3979 557 4043 Erengeiinm
568 3978 677 4028 suumin
689 3977 746 4028 Asis
756 3978 816 4028 itin.
831 3978 898 4028 circe
910 3992 951 4029 ιι.
965 3991 1036 4029 aerae
1050 3978 1147 4042 vulger.
1161 3980 1271 4030 xisvill.
1280 3992 1311 4030 ιι
1326 3980 1430 4045 prolude

307 4059 380 4122 louge
399 4061 532 4121 eotoqnsrn
545 4057 637 4108 Penius
647 4057 774 4121 scripserit
785 4056 913 4120 epistotam
925 4055 957 4107 sd
980 4071 1042 4109 rom.
1058 4070 1123 4122 ques
1139 4058 1165 4108 in
1180 4059 1315 4111 cedre·
1324 4063 1427 4112 exorate

308 4138 430 4188 ioiteircs
441 4138 688 4200 suessionensi
696 4137 825 4189 mocrite
834 4136 1346 4204 oet‘notorrsrtss.1>aote,e.11.rsrir,
1357 4146 1427 4194 teti.

382 4218 403 4280 (t
411 4218 448 4280 to)
464 4220 502 4268 tte
514 4230 536 4268 s.
546 4217 712 4281 Hieronymus
723 4217 946 4269 moestuosos.
957 4231 979 4269 c.
991 4223 1016 4271 7.
1026 4221 1089 4271 lusi
1099 4219 1170 4297 epist.
1180 4219 1212 4269 ed
1223 4220 1354 4272 mulinum
1363 4234 1390 4272 u.
1404 4229 1429 4273 s.

307 4312 329 4347 s:
339 4296 482 4348 Ambrosius
501 4297 528 4348 io
545 4299 605 4348 Luc.
617 4296 661 4347 lib.
674 4299 694 4348 1.
707 4295 730 4361 5.
744 4303 781 4348 tt.
793 4297 947 4361 origenesin
958 4300 1018 4350 Luc.
1035 4301 1108 4353 non.
1121 4301 1140 4349 i.
1153 4298 1241 4351 Possit.
1255 4299 1300 4353 lib.
1312 4302 1390 4352 illst.
1403 4306 1427 4355 t.

306 4377 432 4442 consco-
445 4378 519 4428 noni.
533 4378 551 4428 t.
562 4376 588 4427 in
598 4378 668 4428 Acts.
682 4378 756 4428 item
765 4380 795 4426 x.
808 4377 834 4426 in
846 4379 878 4428 tt.
891 4376 999 4431 timoth.
1419 4418 1422 4424 s
