3234 5084
292 469 362 522 cir.
380 466 428 520 rn.
446 469 485 518 on
504 465 602 520 srusu
617 467 711 519 raro.
728 463 810 521 crac.
827 465 941 519 mnrss.
959 467 1055 519 nara.
1072 467 1142 521 mr.
1159 467 1182 520 r.
1237 445 1306 523 301

190 587 270 664 hinc
287 614 317 662 s.
341 587 559 688 Epiphanius
585 587 732 661 ostendit
761 585 860 661 laicis
886 587 1081 662 hominibus
1107 589 1308 665 indiscrimi-

186 706 289 779 natim
315 703 493 791 omnibus,
516 719 593 802 post
622 703 745 802 prioris
771 703 926 802 coniugis
944 720 1083 778 mortem
1109 704 1306 781 interdictas

185 846 254 895 nou
286 847 364 894 esso
382 819 551 893 secundas
577 819 730 919 nuptias,
759 846 801 892 ne
826 819 870 893 iis
901 819 1037 920 quidem
1061 821 1209 921 exceptis
1234 848 1307 895 ma·

187 936 275 1024 ritis,
296 933 356 1036 qui
376 933 419 1009 ob
445 934 617 1034 propriam
643 935 715 1007 sive
741 933 897 1006 adulterii
925 933 996 1008 sive
1021 933 1159 1009 alterius
1184 935 1304 1034 flagitii

186 1050 320 1150 culpam
346 1076 367 1122 a
398 1073 461 1122 sna
491 1047 594 1148 priori
619 1048 763 1146 coniuge
791 1048 939 1149 separati
965 1048 1128 1139 fuissent,
1151 1066 1209 1124 aut
1238 1066 1306 1125 sta·

186 1165 281 1238 dium
307 1164 463 1263 publicae
488 1161 715 1262 poenitentiae
741 1178 985 1262 percurrerent.

260 1280 323 1352 llis
349 1278 541 1353 notionibus
568 1278 778 1378 praemissis,
803 1303 846 1350 er
869 1277 972 1351 allato
997 1277 1190 1354 testimonio
1213 1303 1305 1353 com·

188 1393 339 1495 perimus
365 1419 394 1466 s,
415 1391 645 1493 Epiphanium
662 1391 782 1466 docere
799 1394 835 1465 1.
852 1389 939 1466 Solis
958 1391 1164 1493 presbyteris
1183 1409 1216 1467 et
1236 1393 1308 1467 dia·

187 1509 284 1584 conis
297 1508 490 1581 interdictas
508 1506 794 1581 luissc'secundas
812 1508 948 1609 nuptias
962 1523 1039 1608 post
1052 1508 1174 1607 prioris
1191 1510 1305 1583 uxoris

187 1624 334 1710 obitum;
352 1624 386 1695 2.
404 1619 467 1697 has
493 1649 586 1710 vcro,
612 1638 762 1724 spectata
788 1625 957 1697 communi
975 1622 1168 1721 fragilitate,
1195 1623 1306 1697 homi·

187 1739 289 1813 nibus
307 1738 404 1813 laicis
418 1737 566 1812 indultas
579 1764 667 1827 cssc;
686 1741 721 1812 3.
738 1754 771 1812 ct
788 1738 853 1812 hoc
866 1738 1000 1813 etiamsi
1013 1738 1171 1813 alteruter
1183 1740 1307 1814 coniux

181 1855 348 1930 adulterio
375 1872 433 1929 aut
458 1854 523 1927 alio
549 1854 690 1928 crimine
713 1880 752 1930 se
781 1854 1099 1943 commaculaverit,
1128 1880 1168 1929 ac
1193 1856 1306 1930 divor-

185 1972 269 2045 tium
283 1971 329 2045 ab
341 1970 444 2045 altero
465 1970 592 2059 lecerit,
613 1970 906 2072 poenitentiaeque
919 1970 1019 2044 luerit
1030 1970 1205 2058 addictus,
1228 1988 1307 2072 pust

185 2104 324 2162 mortem
349 2086 488 2160 alterius
513 2087 685 2184 coniugis;
709 2089 742 2160 l.
771 2104 825 2162 ast
852 2087 957 2161 altero
986 2087 1098 2161 adhuc
1124 2087 1307 2187 superstite

185 2228 289 2277 novas
316 2204 463 2300 ¹iungere
492 2200 629 2303 nuptias
661 2202 756 2276 nelas
786 2229 882 2291 esse;
912 2206 946 2276 t.
977 2220 1079 2302 atque
1102 2202 1187 2278 haec
1212 2203 1304 2277 cuin-

185 2343 262 2394 cere
286 2318 483 2393 auctoritate
499 2316 672 2419 Apostoli,
693 2318 752 2418 qui
769 2318 883 2392 viduis
902 2320 1062 2418 permittit
1078 2344 1202 2392 novum
1226 2343 1307 2391 con-

185 2431 335 2530 iugium,
355 2449 388 2507 et
408 2434 537 2507 incesto
556 2432 731 2507 Corinthio
747 2433 881 2507 veniam
904 2460 944 2508 ac
967 2434 1206 2535 poenitentiam
1225 2450 1304 2534 post

187 2547 313 2622 delicta
338 2549 509 2647 indulgen
539 2552 573 2623 θ.
603 2550 779 2623 confirmat
804 2550 940 2624 demum
957 2551 1047 2624 hanc
1065 2550 1251 2646 doctrinam
1269 2566 1303 2623 et

186 2665 317 2764 praxim
340 2665 504 2740 ecclesiae
528 2664 701 2739 orientalis
727 2666 938 2766 praesertim,
964 2666 1041 2740 aliis
1066 2665 1301 2764 argumentis,

188 2778 315 2879 quibus
340 2781 487 2856 ostendit
511 2782 559 2855 ita
584 2780 656 2854 ficri
681 2807 723 2854 ex
748 2781 897 2882 quadam
929 2808 1008 2880 erga
1042 2780 1224 2855 humanam
1250 2780 1302 2853 in·

190 2893 380 2968 lirmitatem
411 2894 641 2993 indulgentia,
662 2922 704 2969 ne
729 2896 764 2969 in
795 2912 912 2996 stupra
932 2922 973 2971 ac
998 2896 1163 2970 adulteria
1187 2922 1229 2969 ex
1251 2921 1308 2971 no·

191 3008 401 3083 vatianorum
425 3010 549 3084 duritie
573 3011 652 3112 quis
677 3011 860 3100 incideret,
890 3013 1044 3113 adeoque
1068 3012 1115 3087 ita
1139 3011 1307 3112 explicare

190 3121 275 3196 illud
302 3126 338 3196 io
362 3125 498 3197 Dornioo
523 3126 675 3200 eiusdem
696 3127 862 3226 Apostoli.

259 3239 311 3313 Ex
337 3239 393 3314 his
418 3257 509 3341 patet
531 3241 633 3315 verba
658 3241 729 3329 illa,
751 3269 839 3342 quac
856 3243 966 3342 prima
992 3243 1101 3318 fronte
1125 3239 1307 3316 difficulta-

187 3371 254 3429 tem
273 3356 445 3430 lacessere
467 3356 643 3431 uidentur:
666 3358 749 3430 Gom
764 3361 929 3431 occasione
951 3360 1068 3457 aliquo
1084 3359 1192 3457 stupri
1210 3357 1308 3429 odol-

185 3473 333 3572 tcriiquc,
351 3487 409 3545 out
433 3471 569 3546 alterius
593 3473 719 3574 slcqitii
742 3500 815 3546 com
843 3500 881 3547 ec
902 3473 1079 3549 diuortium
1107 3473 1219 3571 feccrit
1243 3486 1304 3546 etc.

186 3586 327 3687 intelligi
345 3588 470 3662 debere
485 3588 529 3662 de
545 3589 690 3664 divortio
714 3605 815 3663 cuma
838 3589 926 3664 lacto
942 3615 1019 3663 cum
1036 3588 1198 3686 coniuge,
1218 3611 1308 3688 quae

185 3700 264 3775 dein
290 3720 342 3777 est
367 3704 545 3792 defuncta,
575 3720 611 3778 ut
636 3704 807 3778 declarant
832 3731 920 3805 quac
952 3703 1146 3777 immediate
1170 3726 1307 3802 pracce-

184 3816 282 3891 dunt:
295 3821 336 3893 Si
350 3823 406 3894 cui
419 3836 549 3894 mortue
559 3847 627 3894 coc
643 3846 708 3893 oon
725 3820 869 3920 sufficit:
890 3821 941 3895 sic
956 3819 1083 3921 paritor
1100 3817 1168 3894 alia
1181 3817 1303 3894 acrba:

184 4085 243 4124 cum
264 4073 352 4126 cudcru
369 4074 666 4128 mmucsmlmmmm
682 4077 820 4128 arceantur.
828 4079 882 4126 Hoc
897 4077 973 4126 etlam
988 4075 1021 4126 dc
1036 4075 1090 4126 viro
1106 4074 1132 4124 in
1151 4073 1302 4138 pocuttcutta

184 4151 265 4217 posito
280 4154 374 4219 placuit
386 4154 538 4208 menni.»
552 4156 707 4208 celebratum
718 4170 793 4221 porro
809 4159 848 4206 cst
865 4156 912 4207 hoc
928 4155 1061 4206 concillum
1071 4168 1112 4205 an.
1124 4161 1179 4207 stc.
1191 4152 1303 4218 adcoqoe

183 4237 243 4285 ante
262 4236 533 4300 superseminare
554 4236 626 4288 tacilc
647 4238 727 4301 pocot
746 4233 906 4302 Epiphanius,
926 4237 970 4300 qul
990 4236 1018 4285 tn
1036 4235 1139 4288 scelesta
1155 4247 1242 4299 mccc
1262 4234 1307 4286 Ιο·

184 4313 262 4379 rotat,
273 4317 299 4366 ct
314 4315 341 4366 ln
351 4328 404 4379 qus
421 4316 542 4368 clusurodi
555 4316 688 4380 disciplina
704 4329 754 4369 non
774 4315 910 4379 ootimtct,
922 4315 955 4366 cd
974 4316 1042 4368 uuae
1056 4315 1175 4368 accim
1192 4314 1305 4367 ooetcen·

183 4394 242 4447 talto
259 4397 365 4460 rigum
377 4396 496 4461 alludere,
515 4410 623 4462 wmquc
643 4397 670 4450 la
689 4397 796 4450 adducto
814 4397 870 4449 loco
889 4409 971 4449 arcere
986 4397 1018 4448 ab
1035 4397 1138 4449 uteris
1158 4408 1254 4462 graeca

1160 4479 1181 4520 s
