3234 5084
291 438 359 492 cur.
377 438 410 490 rr.
427 440 467 490 on
481 438 593 490 rnorss.
610 438 704 489 ιιιιιι.
722 438 753 487 ιιι
768 439 857 487 onus.
871 438 982 487 novur.
999 440 1068 488 ιιι.
1087 440 1133 488 ιιι.
1205 418 1272 487 225

163 554 223 631 sed
236 582 310 631 eam
324 582 390 631 non
409 557 535 655 patitur
550 572 742 640 contextus,
765 581 873 654 neque
893 581 1015 652 scopus
1030 554 1155 627 Christi
1172 556 1275 628 disci-

162 673 259 771 pulos
285 672 498 771 alloquentis.
527 672 569 743 Et
592 672 676 743 haec
699 672 742 743 de
767 673 888 745 Marco.

233 787 284 859 hd
311 804 433 860 textum
461 814 540 861 vero
566 789 672 860 Lucae
698 788 780 858 xvl.
806 790 865 857 18.
895 787 985 885 quod
1004 788 1145 871 attinet,
1172 787 1202 860 is
1230 788 1276 859 ita

163 928 199 975 se
221 902 345 974 habet:
370 902 538 987 «Omnis,
563 903 622 1001 qui
641 902 777 974 dimittit
793 926 929 974 uxorem
951 928 1066 987 suam,
1087 918 1121 973 et
1137 902 1278 1006 alteram

162 1016 273 1102 ducit,
293 1016 511 1102 moechatur,
540 1032 573 1089 et
597 1017 657 1115 qui
681 1015 860 1087 dimissam
885 1014 995 1102 ducit,
1029 1015 1273 1088 moechatur.»

163 1129 255 1202 Haec
273 1128 376 1202 verba
392 1126 580 1202 clarissima
597 1146 693 1214 sunt,
715 1154 754 1201 ac
772 1128 989 1201 divortiomm
1008 1145 1166 1227 patmnos
1186 1156 1278 1227 pror-

164 1270 223 1317 sus
249 1237 427 1342 perimunt.
455 1244 516 1317 Ast
540 1244 604 1317 hoo
627 1244 702 1343 ipso
726 1244 864 1317 technas
895 1269 1010 1317 omnes
1036 1244 1209 1341 inquirunt
1233 1245 1276 1317 ad

164 1384 279 1431 eorum
302 1358 370 1430 vim
395 1357 606 1432 eludendam.
640 1360 742 1431 Aiunt
766 1359 855 1431 enim
882 1357 983 1432 veluti
1005 1386 1044 1430 ex
1071 1358 1212 1457 abrupto
1237 1386 1277 1430 ea

165 1474 298 1546 abuca
328 1472 441 1546 relerri
471 1474 600 1573 absque
626 1474 695 1547 ullo
726 1500 811 1547 nexu
838 1500 913 1546 cum
946 1474 1218 1546 antecedentibus
1245 1490 1278 1547 et

166 1589 469 1687 consequentibus,
491 1616 578 1688 quae
605 1605 683 1662 sunt
707 1589 887 1687 parabolae
912 1590 954 1662 de
984 1588 1094 1662 villico
1120 1588 1279 1687 iniquita-

167 1704 211 1775 tis
236 1719 269 1775 et
295 1703 338 1777 de
361 1703 464 1777 divite
489 1704 644 1804 epulone.
674 1706 756 1777 ltem
784 1705 953 1777 concisam
979 1705 1078 1776 nimis
1104 1730 1178 1777 eam
1202 1730 1279 1776 esse

168 1816 391 1903 sententiam,
419 1843 505 1916 quae
534 1834 709 1917 propterea
741 1843 800 1916 per
824 1832 947 1891 textum
973 1818 1130 1891 Matthaei
1156 1819 1279 1917 exponi

167 1929 309 2017 debeat,
337 1932 492 2029 apposita
519 1930 671 2004 clausula
696 1931 739 2005 de
764 1931 993 2004 fornicatione.
1028 1933 1180 2031 Denique
1205 1958 1279 2004 eam

168 2046 210 2117 ad
243 2046 328 2117 nihil
366 2047 527 2120 inservire
565 2047 598 2117 in
638 2048 835 2146 quaestione
864 2045 908 2120 de
941 2047 1150 2120 matrimonio
1183 2074 1281 2120 cnar-

170 2161 275 2234 randa
295 2163 408 2256 (108).

250 2277 371 2349 Verum
399 2277 566 2351 enimvero
598 2277 631 2349 id
664 2278 801 2377 perinde
827 2295 877 2351 cst
902 2304 942 2351 ac
975 2278 1056 2351 dare
1086 2304 1206 2351 manus
1234 2280 1282 2351 vi·

168 2409 251 2479 ctas,
270 2417 331 2466 nec
344 2390 446 2464 ullam
459 2417 535 2466 esse
552 2393 654 2479 viam,
676 2420 743 2492 qua
764 2418 801 2465 se
822 2393 1021 2491 expediant,
1042 2407 1156 2491 aperte
1169 2392 1277 2465 lateri.

171 2508 286 2606 ltaque
305 2508 413 2605 primo
439 2505 523 2579 lalso
553 2524 731 2580 assumunt
756 2507 821 2580 boc
846 2508 970 2579 Christi
996 2508 1156 2593 effatum,
1187 2525 1283 2605 prout

169 2647 190 2693 a
222 2623 311 2695 Luca
343 2622 505 2708 refertur,
543 2621 634 2694 nullo
666 2648 752 2695 nexu
788 2647 864 2693 cum
898 2621 1174 2719 praecedentibus
1204 2648 1284 2694 oon-

172 2736 281 2832 iungi,
311 2762 415 2835 quum
440 2736 552 2834 potius
576 2752 690 2834 pateat
714 2736 795 2808 illud
814 2735 938 2833 optime
958 2761 1034 2807 cum
1062 2735 1285 2835 praecedenti·

172 2850 236 2923 bus
257 2850 453 2937 cohaerere;
476 2850 596 2923 salsum
615 2852 693 2924 item
711 2868 762 2925 est
779 2851 814 2922 in
833 2851 1109 2950 praecedentibus
1128 2850 1174 2922 nil
1192 2850 1284 2924 aliud

172 2963 300 3050 haberi,
317 2981 447 3065 praeter
464 2965 657 3064 parabolam
675 2966 718 3037 de
734 2965 847 3039 villico
866 2966 1053 3065 iniquitatis
1072 2997 1078 3053 ;
1100 2966 1285 3064 postillam

171 3080 261 3152 enirn
279 3080 407 3153 dixerat
418 3080 595 3153 Christus:
616 3110 633 3149 r
646 3082 709 3153 Len
726 3097 758 3153 et
777 3081 978 3179 prophetae,
1000 3108 1109 3181 usque
1127 3082 1170 3154 ad
1189 3083 1286 3155 loan-

173 3221 264 3268 nem:
283 3222 323 3268 ex
335 3221 376 3269 eo
389 3221 527 3292 regnum
540 3195 601 3266 Dei
615 3194 880 3291 evangelizatur,
897 3213 928 3268 et
945 3198 1054 3270 omnis
1069 3198 1103 3269 in
1119 3197 1204 3269 illud
1217 3199 1285 3270 vim

173 3308 264 3381 lacit.
286 3309 430 3382 Facilius
443 3324 495 3382 est
512 3326 622 3381 autem
640 3310 768 3381 coelum
787 3328 821 3381 et
836 3326 956 3381 terram
976 3312 1167 3408 praeterire,
1183 3337 1285 3409 quam

173 3423 306 3521 delego
328 3450 433 3496 unum
456 3425 583 3523 apicem
601 3424 771 3511 cadere3»
793 3424 915 3497 deindo
928 3425 1065 3496 subdit:
1089 3427 1201 3497 Omnis
1219 3440 1283 3497 etc.

176 3537 336 3624 Quaestio
353 3541 467 3638 itaque
492 3540 705 3613 discutienda
722 3557 774 3614 est
789 3540 832 3613 de
850 3566 995 3639 quanam
1014 3540 1086 3635 lege
1103 3540 1179 3613 heic
1195 3540 1289 3610 Chri-

176 3668 248 3727 stus
272 3654 473 3729 mentionem
501 3656 639 3741 lecerit,
660 3655 703 3729 de
728 3657 825 3727 cuius
853 3654 1065 3754 implemento
1090 3654 1133 3726 ad
1158 3655 1287 3753 apicem

175 3793 283 3868 usque
308 3795 418 3843 sermo
443 3770 598 3845 habetur.
627 3773 728 3844 Porro
753 3772 883 3844 nullum
914 3770 1053 3843 dubium
1076 3770 1152 3842 heic
1170 3771 1222 3866 agi
1247 3769 1289 3843 de

176 3884 301 3958 vinculi
319 3886 506 3981 coniugalis
524 3887 747 3986 perennitate,
763 3887 916 3986 adeoque
935 3886 977 3959 de
994 3886 1079 3982 lege,
1100 3911 1188 3984 quae
1201 3887 1290 3958 eius·

177 3997 253 4070 dem
278 3998 404 4072 vinculi
431 4024 609 4098 perennem
629 3999 957 4074 indissolubilitatem
976 3999 1149 4074 constituit
1165 4056 1173 4085 ,
1191 4000 1237 4073 ita
1253 4015 1291 4072 ut

179 4137 286 4212 neque
311 4114 345 4185 in
371 4138 453 4186 casu
471 4114 694 4213 separationis
712 4140 772 4188 seu
790 4113 1018 4199 dimissionis,
1041 4112 1084 4185 ad
1104 4138 1208 4186 novas
1232 4141 1291 4186 nu·

248 4302 313 4364 (los)
328 4304 366 4353 lta
387 4303 575 4366 Hammodes,
596 4306 771 4367 neumarum,
797 4306 871 4368 Poll3
893 4304 1026 4354 Christian.
1049 4304 1169 4366 Morlllo,
1185 4316 1292 4367 quorum

177 4381 286 4434 omnium
301 4384 451 4445 oenbnt'ras,
473 4397 517 4435 nec
534 4398 583 4435 non
605 4384 727 4436 Koinoelil
739 4385 837 4449 copiose
847 4385 921 4436 refert
931 4384 1075 4448 Roslrovhny
1090 4384 1112 4448 §.
1127 4389 1165 4436 ol.

258 4488 297 4543 lll
1212 4493 1243 4542 15
