3234 5084
387 470 455 522 crs.
468 471 501 522 v.
515 472 555 522 os
568 472 675 522 sotor.
693 473 819 522 ιιιιιιιι.
836 474 930 524 turs.
949 476 1018 524 sor.
1035 475 1070 525 11.
1217 455 1284 524 ttt

179 586 361 665 adtemsrii
380 587 629 661 indissolubilis
645 589 782 662 unionis
795 588 997 674 infortunia,
1017 590 1181 689 pericula,
1202 592 1288 665 alia·

177 730 244 805 que
261 705 295 777 id
313 730 421 801 genus
446 703 552 776 multa
575 719 788 802 exaggerant.
810 703 937 801 Religio
953 705 1134 803 pharmaca
1150 707 1288 805 praebet

179 820 232 894 bis
249 812 356 894 malis
381 818 537 892 omnibus
562 836 619 892 aut
644 818 799 892 tollendis
818 835 876 891 aut
893 818 1076 907 leniendis,
1096 821 1179 920 quin
1201 848 1286 920 opus

178 936 223 1009 sit
248 960 416 1008 recursem
438 933 522 1007 ad
513 936 721 1008 iterationem
751 934 962 1033 nuptiarum,
993 962 1081 1036 quae
1105 938 1214 1037 impar
1235 955 1290 1011 est

98 1068 100 1070 ’
178 1047 222 1121 sd
247 1047 438 1122 beatitatem
459 1046 677 1120 afferendam.

219 1163 368 1235 Fateor
391 1161 591 1258 gratissima
608 1161 774 1259 percelli
762 1162 886 1235 iniuria
903 1189 961 1261 qur
953 1161 1176 1237 ''infidelem
1168 1191 1202 1235 ιιι
1219 1190 1288 1238 ma-

180 1276 335 1349 trimonio
363 1275 538 1372 coniugem
567 1276 746 1373 experitur.
767 1274 995 1350 Nihilominus
1026 1291 1074 1350 etn
1089 1275 1169 1350 buis
1198 1278 1287 1353 malo

181 1388 298 1485 religio
322 1388 505 1462 remedium
530 1389 650 1462 allerre
679 1391 870 1477 consuerit,
898 1390 979 1462 dum
1003 1391 1171 1489 optionem
1200 1395 1286 1491 parti

181 1504 348 1578 innocenti
375 1503 491 1576 tribuit
515 1520 574 1576 aut
598 1505 633 1575 in
660 1522 859 1605 perpetuum
884 1531 923 1578 se
947 1505 992 1578 ab
1015 1505 1143 1580 inlideli
1163 1533 1205 1581 ac
1227 1534 1287 1581 oo-

179 1635 274 1693 cente
297 1619 438 1716 coniuge
463 1618 682 1715 seiungendi,
703 1634 761 1692 aut
785 1645 863 1692 cum
880 1618 940 1692 ills
958 1620 1001 1693 ad
1019 1621 1287 1720 resipiscentiam

180 1749 331 1807 revocata
355 1758 393 1808 se
417 1732 631 1807 conciliandi.
651 1733 687 1804 Si
712 1732 792 1807 relit
816 1733 977 1807 caelibem
1002 1734 1163 1836 deinceps
1184 1738 1287 1812 ritum

179 1848 320 1935 ducere,
341 1865 441 1948 atque
462 1847 567 1921 invita
582 1847 683 1921 etiam
701 1849 843 1945 coniuge
859 1865 984 1923 statum
1001 1849 1193 1947 religiosum
1215 1879 1288 1925 am·

179 1963 297 2062 plecti,
323 1979 383 2037 aut
407 1963 531 2035 initiari
557 1963 664 2036 sacris
689 1963 882 2050 ordinibus,
905 1990 1005 2038 nemo
1020 1982 1073 2040 est
1088 1967 1149 2066 qui
1172 1966 1238 2042 hoc
1255 1970 1289 2040 ei

178 2077 330 2176 deneget.
352 2078 449 2164 Quod
462 2077 491 2151 si
502 2077 567 2151 boo
590 2079 626 2150 in
643 2104 725 2152 casu
742 2104 821 2177 pars
838 2077 1000 2153 derelicta
1018 2079 1055 2151 in
1070 2081 1198 2179 flagitia
1211 2108 1288 2182 pro-

179 2209 270 2280 ruat,
288 2193 353 2266 boc
368 2191 435 2265 sibi
453 2190 559 2265 solum
577 2219 617 2266 ac
634 2193 791 2292 propriae
819 2193 967 2269 malitiae
983 2194 1150 2294 imputare
1167 2195 1284 2285 debet,

180 2331 246 2381 ιιοιι
271 2322 381 2381 autem
403 2306 595 2395 deserenti,
611 2333 671 2382 seu
691 2306 889 2394 dimittenti,
915 2308 975 2407 qui
993 2308 1097 2383 utitur
1116 2310 1282 2413 iur'e'suo.

253 2421 348 2509 Quod
375 2423 404 2496 si
430 2421 544 2497 laesus
572 2423 697 2497 coniux'
717 2424 880 2498 caelibem
904 2427 1009 2501 vitam
1034 2424 1118 2500 nolit
1145 2425 1284 2513 ducere,

180 2551 289 2635 potest
314 2535 444 2610 indulta
468 2537 569 2611 uenia
592 2537 726 2635 coniugi
751 2538 960 2638 delinquenti
986 2540 1107 2613 itemm
1136 2565 1213 2613 eum
1247 2564 1287 2612 ea

178 2650 341 2751 copulari.
355 2652 404 2726 Eo
416 2652 469 2726 rel
484 2652 609 2749 magis,
625 2652 717 2752 quod
729 2652 897 2726 interdum
917 2655 1085 2729 immunes
1101 2655 1165 2730 riri
1182 2655 1288 2729 omni-

180 2790 223 2838 no
240 2791 306 2838 non
325 2766 393 2840 sint
408 2765 451 2840 ab
469 2766 559 2839 omni
577 2766 679 2866 culpa
697 2767 732 2838 in
751 2794 893 2843 uxorum
905 2769 1190 2858 aberrationibus‚
1205 2768 1288 2842 dum

179 2894 239 2950 aut
264 2905 301 2952 se
326 2880 426 2952 nimis
451 2879 608 2953 difficiles
633 2906 713 2978 erga
739 2907 798 2954 eas
824 2908 864 2955 ae
890 2881 992 2959 duros
1021 2883 1201 2983 praebent,
1229 2896 1288 2957 aut

181 2990 284 3064 nimis
305 2991 515 3089 indulgentes
532 3018 572 3067 ac
588 2993 721 3081 faciles,
741 2994 823 3068 dum
848 2995 1017 3071 licentiam
1041 2997 1155 3096 potius
1178 2996 1283 3084 ritas,

180 3135 283 3209 quam
300 3110 503 3199 libertatem,
522 3128 556 3186 et
572 3113 848 3186 consuetudinem
863 3111 1003 3186 tolerant
1018 3112 1166 3186 uirorum
1181 3128 1287 3186 extra·

181 3247 339 3309 neorum,
367 3239 467 3323 atque
492 3250 612 3298 uxores
637 3224 886 3324 quodammodo
911 3225 947 3297 in
977 3224 1127 3324 pericula
1151 3222 1286 3297 labendi

180 3339 247 3437 ipsi
273 3339 468 3413 coniiciunt.
486 3339 651 3426 Quocirca
667 3340 790 3436 dignae
812 3340 979 3415 interdum
997 3354 1077 3413 sunt
1093 3337 1218 3437 quibus
1235 3338 1287 3409 in-

180 3453 266 3527 iuria
290 3452 510 3539 condonetur,
541 3456 569 3526 si
599 3479 677 3529 tero
699 3480 758 3527 eas
784 3454 906 3554 patrati
936 3453 1073 3528 sceleris
1099 3453 1284 3551 poeniteat,

179 3584 393 3668 statuuntque
410 3566 600 3643 decaetero
626 3569 661 3640 in
686 3568 798 3642 officio
821 3595 1026 3669 permanere.
1049 3568 1123 3654 Quo
1148 3567 1287 3642 refertur

180 3685 339 3757 monitum
365 3682 448 3757 illud
473 3710 503 3758 s,
524 3684 722 3780 Augustini,
750 3685 810 3784 qui
836 3685 973 3758 scribit:
999 3685 1123 3759 «Haeo
1146 3683 1287 3757 crimina

182 3798 378 3894 (adulteris)
395 3800 429 3871 in
445 3814 559 3874 uetere
575 3800 636 3873 Dei
654 3799 727 3897 lege
748 3799 851 3873 nullis
874 3800 1052 3874 sacrificiis
1077 3798 1287 3872 mundaban-

179 3928 318 3985 tur...et
334 3913 410 3988 ideo
427 3930 507 3989 tuno
523 3915 615 3990 omni
633 3914 735 3988 modo
750 3914 956 4012 prohibitum
974 3930 1026 3989 est
1038 3914 1081 3988 ab
1094 3913 1161 3988 alio
1173 3929 1288 3987 conta-

179 4025 338 4098 minatam
350 4028 587 4130 riroreoipere
604 4032 908 4103 uxorem....Nunc
926 4042 1036 4103 autem
1054 4044 1287 4128 posteaquam

178 4138 333 4213 Christus
355 4142 402 4214 ait
419 4143 606 4218 adulterae:
630 4143 697 4219 Nec
723 4172 779 4243 eqo
806 4160 835 4216 te
861 4144 1039 4228 damnabo,
1066 4141 1167 4226 uode,
1196 4141 1288 4213 deiu-

179 4280 250 4353 capo
279 4253 349 4328 ooli
371 4281 535 4354 peceurc;
563 4259 641 4359 quis
670 4286 737 4333 non
769 4258 935 4356 intelligat
963 4257 1084 4331 debere
1114 4257 1287 4355 ignoscere

178 4369 351 4456 maritum,
378 4372 469 4470 quod
494 4371 585 4445 ridet
610 4373 780 4469 ignovisse
802 4374 982 4448 Dominum
1006 4371 1197 4458 amborum,
1226 4395 1287 4443 nec
