3234 5084
313 463 383 513 err.
400 461 448 513 ιιι.
465 462 504 512 ιι
517 461 614 512 ssusu
632 462 723 512 ιιιι.
740 462 802 512 ιιι.
817 461 1121 513 insessurum.
1137 465 1160 512 ι.
1234 444 1302 514 ιιι

186 582 368 656 hunnum
395 581 509 681 ipsum
534 580 743 656 recordatum
763 606 829 653 non
848 606 940 666 esse,
962 580 1069 679 legem
1087 607 1107 653 a
1131 607 1170 655 se
1191 580 1309 656 lauda-

185 713 254 770 tam
279 696 323 770 de
343 695 412 770 alia
433 695 571 770 omnino
593 721 629 769 re
652 695 754 769 latam
780 696 897 768 luisse.
925 693 1022 770 Certe
1046 712 1158 798 putres
1176 698 1307 772 milevi·

185 812 256 885 tuni
281 811 378 885 illam
402 809 512 908 legem
532 833 594 883 nee
609 809 782 894 viderunt,
803 835 915 908 neque
934 809 1008 884 eius
1027 810 1189 884 recordati
1208 830 1303 899 sunt,

186 952 229 1001 eo
253 927 345 1026 quod
371 950 558 1024 numquam
582 923 745 1011 extiterit,
767 939 824 997 aut
848 924 879 997 si
904 950 973 1024 qua
996 925 1122 1012 extitit,
1141 928 1308 999 contraria

188 1066 328 1140 prorsus
348 1056 421 1115 erat
443 1042 494 1128 ei,
518 1066 621 1140 quam
645 1040 712 1139 ipsi
734 1038 946 1138 expetebant.

263 1154 362 1243 Quod
373 1180 454 1228 vero
470 1170 591 1252 negm,
607 1152 789 1228 concilium
801 1154 1032 1228 milevitanum
1046 1157 1309 1231 communivisse

187 1295 231 1343 ee
246 1269 440 1344 defendisse
468 1268 660 1344 absolutam
683 1269 831 1366 coniugii
850 1268 1182 1344 indissolubilitatem
1208 1273 1307 1345 etiam

188 1384 327 1459 exclusa
344 1384 497 1459 adulterii
512 1409 634 1469 eausa,
656 1409 716 1483 pro
736 1383 874 1459 arbitrio
896 1408 958 1459 suo
976 1403 1009 1459 et
1026 1385 1192 1460 immerito
1212 1403 1310 1484 negat

191 1518 229 1574 ut
245 1500 466 1575 ostendimus.

264 1615 319 1688 Sie
334 1630 423 1689 oerte
439 1612 666 1688 llellarminus
684 1614 864 1712 Augustini
884 1615 1155 1704 commentarios,
1176 1642 1217 1690 ex
1233 1619 1310 1718 qui·

191 1730 256 1802 bus
273 1728 441 1803 launoius
458 1745 506 1803 tot
524 1729 613 1803 eruit
633 1729 836 1817 testimonia,
862 1755 906 1803 ne
924 1730 1028 1803 torvis
1045 1731 1183 1830 quidem
1201 1730 1309 1807 oeulis

189 1844 339 1945 aspexit,
358 1843 466 1920 oeulis
491 1843 626 1918 scilieet
646 1870 686 1917 ae
711 1861 823 1919 mente
838 1844 996 1932 launoii,
1017 1844 1060 1917 ad
1085 1844 1219 1919 illomm
1237 1872 1310 1921 een

189 1985 267 2034 sum
292 1959 553 2059 intorquendum
574 1961 688 2056 (iti).
816 2021 817 2026 ,

262 2074 314 2147 sd
338 2073 423 2146 illud
448 2074 538 2173 qnod
561 2074 621 2147 elii
645 2100 682 2148 se
703 2089 821 2174 optare
844 2075 987 2175 professi
1010 2092 1107 2163 sunt,
1129 2093 1167 2149 ut
1190 2103 1311 2177 nempe

190 2207 306 2291 patres
329 2189 514 2265 milevitani
534 2189 718 2289 specialem
735 2192 939 2265 mentionem
956 2191 1114 2266 adulterii
1131 2193 1308 2282 fecissent,

189 2331 260 2405 quo
283 2306 353 2380 uim
377 2304 544 2405 probandi
571 2303 712 2378 haberet
731 2304 884 2404 ipsorum
906 2331 1033 2393 oanan,
1062 2306 1159 2381 leeile
1183 2325 1235 2382 est
1259 2335 1312 2385 re·

193 2446 337 2518 ponere,
366 2420 496 2495 nullum
521 2419 631 2494 luisse
654 2445 814 2508 seusam,
841 2420 885 2493 ob
910 2446 1012 2521 quam
1041 2423 1238 2497 nominatim
1268 2423 1311 2499 de

192 2532 357 2610 adulterio
376 2535 580 2611 mentionem
606 2535 799 2623 inficerent,
821 2561 916 2623 eum,
937 2551 974 2612 ut
990 2535 1076 2611 alius
1101 2538 1312 2613 animadver-

194 2650 320 2737 timus,
348 2650 553 2751 explorntum
579 2664 670 2724 esset
696 2649 787 2749 apud
809 2675 929 2725 omnes
955 2652 989 2723 in
1016 2651 1091 2749 lege
1119 2651 1312 2750 evangelica

193 2762 320 2835 nullam
344 2781 432 2838 certe
455 2763 591 2838 diuortii
615 2790 677 2837 seu
694 2764 825 2864 repudii
843 2790 981 2839 eausam
999 2766 1185 2840 admissam
1206 2792 1307 2855 esse,

194 2895 327 2977 praeter
344 2879 556 2953 adulterium.
576 2879 667 2955 Satis
688 2881 779 2953 enim
804 2896 878 2954 erat
898 2881 941 2954 ad
961 2881 1026 2956 hoo
1042 2881 1311 2980 cognossendnm

192 2992 407 3091 evangeliaet
419 2995 580 3094 epistolas
590 2995 684 3069 Pauli
698 2995 833 3093 legisse.
847 2997 951 3094 lgitur
963 3022 1039 3070 oum
1054 2998 1152 3071 unice
1166 3026 1207 3072 er
1219 3000 1313 3073 adul-

194 3108 269 3181 terii
293 3134 398 3182 eausa
421 3110 464 3184 ob
489 3112 646 3186 lletthaei
672 3112 837 3198 incisum,
864 3113 1035 3213 quispiam
1060 3116 1226 3214 potuisset
1248 3116 1312 3189 ali-

192 3249 298 3323 quam
326 3223 501 3299 dubitandi
536 3226 697 3300 rationem
727 3226 897 3324 ingerere,
926 3245 1038 3328 patres
1060 3227 1243 3303 milevitani
1268 3232 1311 3303 ad

194 3340 329 3416 unionm
350 3340 438 3415 hano
462 3341 704 3438 excludendam
728 3368 867 3417 eausam
884 3341 1018 3418 diuortii
1038 3370 1137 3419 snum
1151 3369 1311 3419 canonem

194 3454 383 3531 ediderunt.
401 3455 500 3543 Quod
524 3458 625 3531 etiam
650 3459 760 3555 magis
778 3458 1045 3532 confirmatores
1057 3483 1098 3533 eo
1114 3458 1223 3558 quod,
1244 3460 1311 3531 An-

195 3570 487 3667 gustinomaxime
500 3589 653 3660 auotore,
677 3573 732 3645 hio
745 3593 855 3646 canon
868 3572 979 3647 editus
996 3574 1057 3661 sit,
1078 3575 1137 3675 qui
1159 3576 1311 3673 energioe

268 3820 335 3881 (tel)
349 3821 436 3884 ltelpsa
456 3820 529 3884 pluro
550 3833 580 3872 ιιι
603 3820 738 3883 smmum
759 3821 885 3872 lannoius
906 3820 1047 3872 testimonis
1070 3819 1174 3871 sddudt
1190 3833 1221 3870 ιι
1240 3820 1312 3872 libris

195 3897 283 3960 partlm
294 3901 350 3950 unte
358 3936 365 3961 ,
373 3902 464 3963 partim
476 3903 531 3964 past
541 3899 730 3952 eelebrstionem
741 3901 840 3952 concilii
860 3901 994 3954 milevitani
1004 3902 1157 3966 oonsonptis.
1172 3902 1219 3952 lita
1229 3903 1312 3954 omnia

193 3976 336 4039 singillatim
357 3977 475 4042 expendi,
486 3991 556 4029 sene
573 3993 650 4029 unum
671 3979 770 4043 quidem
784 3981 861 4044 reperi
880 3980 947 4044 quod
965 3980 1040 4031 luctet
1055 3995 1100 4045 pro
1116 3994 1190 4032 eausa
1203 3995 1248 4032 sne
1260 3983 1310 4032 imo

194 4057 262 4119 qood
271 4056 318 4120 lpsl
329 4069 377 4108 non
386 4058 420 4109 ιιι
428 4059 591 4123 ιιιιιιιίιιι;
605 4059 694 4110 etenim
708 4063 849 4111 oonstsater
866 4060 891 4110 ln
903 4060 935 4111 lis
950 4073 1031 4111 senno
1041 4063 1079 4112 est
1096 4060 1128 4112 ‹le
1144 4060 1213 4111 ltelts
1228 4062 1312 4111 utens

192 4133 335 4188 dimissione
352 4141 449 4202 pmpter
466 4138 624 4203 adulterium,
641 4139 710 4204 qnod
721 4153 794 4192 remo
805 4153 923 4204 umquem
934 4141 1113 4193 estuolioornm
1123 4141 1246 4192 lntleistus
1258 4143 1309 4201 ests

193 4214 238 4266 sed
255 4215 374 4267 alludent
394 4216 518 4268 dimittere
537 4231 638 4268 uxorem
660 4219 812 4283 adulteram,
832 4219 901 4271 alind
919 4232 977 4269 vero
996 4222 1051 4283 post
1071 4218 1253 4282 dimissionem,
1272 4232 1311 4268 es·

194 4307 245 4357 qne
262 4293 473 4358 elvestadensem
489 4298 579 4361 sllsm;
589 4299 672 4350 ethoe
682 4302 720 4350 est
736 4299 803 4363 quod
816 4311 950 4362 numquam
961 4298 1045 4349 docuit
1057 4300 1223 4362 Augustinus,
1236 4301 1312 4349 immo

192 4374 261 4436 quod
282 4386 395 4438 expresse
415 4375 466 4425 lieri
488 4387 558 4439 posse
573 4390 667 4443 semper
682 4379 791 4442 nsgsvlt.
