3234 5084
353 440 422 489 ιιι.
443 438 466 488 ι.
482 439 522 488 ιι
540 437 715 490 rouretum
732 438 938 490 ιιιιιιιτιιιιι.
955 440 1023 489 ιιι.
1041 437 1075 489 ιι.
1218 419 1260 488 2⁹

158 558 238 644 bus,
265 557 319 629 uti
345 583 422 630 cum
447 582 476 629 e.
493 554 618 630 Thomu
638 558 711 651 (67)
735 557 883 630 sentiunt
899 555 1036 630 Bitluart
1056 560 1144 652 (68),
1161 558 1263 631 Tour-

158 670 233 771 nely
249 673 341 765 (69),
358 669 484 767 Kugler
503 672 592 766 (70),
608 670 670 769 qui
692 668 805 768 plures
828 669 912 743 alios
937 670 1073 744 adducit
1096 688 1259 757 auctores,

159 784 353 885 praesertim
379 810 458 858 uero
477 783 733 870 Beilarminum3
764 783 865 858 immo
890 783 1029 858 ulterim
1055 786 1263 884 progreditur

158 900 365 973 constituens
391 897 524 973 seclusa
546 898 608 972 Dei
625 897 897 997 dispensatione,
924 899 1170 973 matrimonium
1186 926 1262 974 cum

159 1013 290 1087 duabus
314 1029 374 1086 aut
397 1013 551 1112 pluribus
583 1012 768 1099 uxoribus,
807 1028 956 1111 spectata
983 1014 1176 1088 minatore
1206 1043 1262 1088 nec

162 1130 285 1201 licitum
309 1155 366 1200 nec
391 1128 538 1201 validum
561 1127 667 1203 fuisse
687 1143 745 1201 aut
765 1153 860 1214 esse;
886 1127 1024 1227 inquo,
1044 1143 1081 1200 ut
1096 1129 1258 1218 diximus,

160 1243 299 1316 ulterius
324 1243 468 1317 fortasse
491 1268 593 1342 quam
618 1269 679 1341 par
704 1243 767 1328 sit,
795 1268 992 1341 progressus
1015 1259 1086 1330 est,
1106 1271 1215 1344 neque
1230 1247 1261 1319 ei

163 1372 312 1431 auctores
343 1384 460 1431 omnes
494 1356 626 1454 allegati
653 1357 718 1430 heo
740 1357 774 1428 in
801 1382 838 1430 re
863 1356 1099 1453 suffragantur.
1115 1358 1201 1443 atii,
1225 1376 1262 1432 ut

162 1472 275 1560 Cedet,
291 1471 473 1570 Theologia
485 1471 693 1560 nuncianda,
710 1497 750 1545 ac
762 1471 1029 1568 rothomagensis
1041 1473 1113 1566 (Ἡ)
1128 1490 1263 1548 censent

161 1588 382 1688 polygamiam
400 1588 512 1660 minus
525 1613 602 1661 esse
614 1586 757 1660 naturali
775 1587 840 1659 iuri
857 1601 1113 1659 consentaneam
1131 1604 1263 1686 propter

159 1704 387 1791 incommoda,
413 1730 501 1803 quae
517 1730 557 1776 ex
574 1729 614 1776 ea
630 1701 708 1776 oriri
727 1716 987 1787 consueverunt,
1015 1716 1115 1800 atqm
1137 1701 1262 1778 idcirco

160 1818 223 1916 ipsi
261 1844 447 1919 repugnare
472 1817 680 1893 solummodo
712 1832 750 1888 ut
773 1814 903 1914 aliquid
928 1816 1040 1889 minus
1064 1816 1258 1915 perfectum.

231 1935 298 2007 Nos
313 1934 345 2005 in
359 1934 423 2007 hac
436 1934 675 2007 sententiarum
697 1930 924 2029 discrepantia
949 1929 1032 2028 quid
1055 1929 1260 2029 probabilius

160 2047 311 2120 videatur
329 2051 535 2148 aperiemus,
551 2073 591 2119 ac
603 2045 746 2119 mediam
760 2046 984 2130 taramriam,
1000 2060 1101 2143 atque
1116 2062 1261 2120 extrema

160 2161 309 2236 devitare
332 2162 536 2237 curabimus.

231 2278 348 2376 ltaque
379 2294 517 2352 naturae
549 2278 613 2350 iuri
638 2277 840 2352 conformem
865 2303 940 2351 esse
965 2277 1190 2377 polygamiam
1214 2281 1261 2353 si-

162 2390 362 2465 multaneam
386 2419 461 2466 cum
481 2392 682 2492 quibusdam
706 2391 817 2467 dicere
834 2418 901 2466 uon
918 2393 1100 2479 audemus;
1125 2392 1185 2467 sed
1202 2421 1262 2468 ne-

163 2532 226 2605 que
250 2507 483 2581 contendimus
504 2535 578 2582 eam
604 2523 742 2581 naturae
767 2508 831 2581 iuri
853 2509 899 2581 itu
922 2507 1111 2596 adversari,
1136 2526 1173 2583 ot
1190 2510 1262 2595 solo

161 2638 310 2719 spectato
334 2640 472 2697 naturae
495 2623 567 2697 iure
592 2640 661 2697 tum
687 2622 841 2696 illicitum
863 2639 932 2695 tum
953 2624 1053 2696 etiam
1077 2623 1260 2698 invalidum

161 2735 226 2809 dici
252 2740 361 2835 possit
385 2738 594 2835 coniugium,
621 2738 712 2837 quod
738 2754 865 2812 retenta
889 2738 1001 2810 adhuc
1026 2764 1127 2812 uxore
1158 2739 1259 2837 priori

162 2850 311 2925 iniretur.
328 2852 486 2953 Adeoque
505 2854 739 2927 constituimus
754 2856 876 2952 primo,
902 2853 1125 2953 polygamiam
1149 2853 1261 2928 minus

161 2991 236 3039 esse
249 2967 314 3039 iuri
329 2984 466 3042 naturae
481 2969 700 3057 conformem
715 2968 853 3043 secondo
869 2968 1020 3042 eamdem
1039 2968 1148 3067 potins
1165 2985 1261 3043 natu·

162 3106 217 3154 rae
241 3083 305 3154 iuri
327 3083 573 3182 quodammodo
594 3083 777 3159 adversari.

231 3197 278 3270 Ac
303 3225 339 3271 re
363 3225 445 3272 saue
468 3226 546 3273 vera
570 3199 712 3274 societas
736 3199 821 3273 haec
848 3198 994 3298 postulat
1026 3200 1259 3298 aequalitatem

162 3311 311 3399 iunium,
346 3313 473 3387 seilicet
497 3314 580 3387 alter
610 3314 788 3412 coniugum
822 3330 925 3387 totum
951 3341 989 3387 se
1013 3313 1106 3386 alteri
1132 3314 1261 3387 tradere

160 3426 276 3515 debet,
296 3444 330 3500 et
345 3428 481 3527 quidem
498 3428 677 3502 donatione
694 3429 792 3528 plena
809 3444 910 3527 atque
928 3428 1093 3527 perfecta,
1113 3428 1146 3502 vi
1163 3428 1260 3501 cuius

161 3542 243 3616 alter
261 3545 398 3618 alterius
416 3546 473 3634 fit,
494 3546 540 3619 ita
556 3562 593 3619 ut
609 3562 726 3618 neuwr
745 3546 852 3645 possit
868 3544 934 3619 dici
951 3569 1088 3642 compos
1112 3543 1260 3643 eorporis

162 3659 226 3730 sui.
244 3660 404 3733 Nimirum
426 3659 648 3759 dependentia
665 3686 705 3733 ex
722 3660 846 3732 unione
869 3658 1035 3756 coniugali
1061 3658 1259 3758 proveniens

161 3773 330 3872 reciproca
354 3800 430 3848 esee
455 3775 572 3862 debet,
592 3791 661 3849 tum
679 3774 789 3848 mariti
814 3800 892 3870 erga
919 3799 1075 3859 uxorem,
1095 3788 1128 3846 et
1145 3772 1257 3845 uxoris

231 4040 281 4099 (ιιι)
297 4041 359 4088 lut.
372 4041 478 4090 sentent.
490 4039 515 4089 d.
528 4047 566 4091 rt.
575 4053 600 4103 q.
617 4047 637 4090 ι.
648 4042 695 4090 art.
706 4047 728 4090 ι.
740 4039 764 4088 io
777 4041 850 4101 corp.

233 4119 284 4180 (08)
298 4118 394 4170 utut
412 4122 499 4171 tan.
514 4119 571 4183 t.§.
584 4128 606 4171 1.

231 4202 282 4260 (⁶0)
296 4201 344 4257 Qu.
358 4201 401 4249 vl.
413 4200 459 4250 ιιι
473 4208 495 4251 ι.
506 4202 565 4252 sect.
582 4207 604 4251 1.

233 4278 284 4339 (ιο)
300 4281 398 4337 Quaest.
409 4282 542 4331 xxxwll.
552 4294 578 4330 n.
593 4287 660 4332 18³⁸.

231 4360 281 4419 (71)
296 4358 367 4422 Apud
378 4360 502 4422 cerdera,
512 4362 573 4412 torn.
587 4363 606 4412 Ι.
616 4363 679 4424 part.
692 4363 723 4411 ΙΙ.
734 4374 759 4410 ιι.
771 4363 822 4409 177,
