3234 5084
309 454 381 508 ear.
396 453 445 506 ιιι.
462 453 503 505 ιι
522 451 935 507 sauromatarum.
954 452 1052 504 nra.
1072 453 1143 503 aar.
1160 454 1184 504 1.
1251 429 1320 502 tta

199 573 269 650 alio
280 571 374 650 loeo:
388 571 512 646 Alalis
523 571 666 672 ollipoto
690 586 738 646 eat
754 586 819 646 etc.
840 569 968 646 Omnes
985 570 1088 668 igitur
1105 572 1320 645 causationes

200 687 384 792 Apostolus
409 702 611 788 amputans,
638 687 854 788 apamissime
877 686 1052 776 definivit,
1085 686 1220 760 utente
1250 686 1325 761 viro

199 804 389 881 adulteram
413 828 491 877 ease
522 801 717 891 molieram,
746 803 776 879 si
809 802 905 877 alteri
936 802 1103 902 nupserit.
1124 800 1209 876 Nolo
1237 801 1323 874 mihi

201 919 352 1022 proferas
378 917 523 1018 raptoris
547 916 761 1004 uiolentiam,
782 918 900 992 matris
919 916 1196 1020 persuasionem,
1217 916 1325 1018 patris

198 1035 453 1122 auctoritatam,
482 1033 749 1134 propinquorum
773 1049 964 1121 mtoruam,
984 1057 1157 1107 servorum
1179 1032 1326 1106 insidias

201 1164 305 1251 atque
330 1163 579 1248 contemptum,
607 1148 732 1222 damna
757 1148 805 1221 rei
832 1146 1022 1223 familiaris.
1044 1145 1215 1234 Quamdiu
1240 1146 1327 1221 vivit

202 1265 274 1353 vir,
302 1263 381 1338 lieet
404 1262 537 1338 adulter
560 1263 624 1349 sit,
651 1263 732 1337 lieet
748 1263 935 1352 sodomita,
954 1261 1034 1337 lieet
1054 1261 1194 1360 flagitiis
1211 1261 1325 1336 omni-

203 1377 269 1453 bus
294 1393 493 1480 ooopertus,
520 1394 555 1452 et
577 1376 622 1451 ab
646 1403 750 1453 uxore
783 1394 920 1478 propter
948 1375 1035 1451 haee
1067 1374 1197 1451 seelera
1227 1374 1325 1450 dere-

205 1493 326 1582 lictus,
347 1492 489 1567 maritus
506 1489 582 1567 eius
601 1509 792 1594 reputatur,
812 1493 867 1566 oui
884 1491 1026 1566 alterum
1042 1491 1153 1565 airum
1171 1489 1326 1589 accipere

205 1635 274 1686 non
298 1607 389 1684 lieet.
416 1608 485 1682 lleo
510 1606 692 1709 Apostolus
716 1608 803 1683 haee
826 1608 965 1709 propria
989 1606 1188 1682 auctoritate
1210 1605 1327 1678 dooer-

206 1724 278 1814 nit,
305 1723 367 1798 sed
392 1721 527 1797 Christo
552 1723 588 1796 in
614 1749 653 1798 se
676 1721 856 1824 loquente,
884 1721 1010 1797 Christi
1035 1719 1139 1797 verba
1160 1735 1327 1821 sequutus

204 1851 278 1929 ast,
306 1839 367 1940 qui
399 1838 448 1913 ait
471 1838 507 1911 in
532 1837 744 1936 Evangelio:
778 1838 847 1925 Qut
869 1838 1008 1913 dimittit
1035 1864 1172 1912 morem
1199 1861 1323 1921 emm,

204 1968 342 2054 ooooptn
359 1978 459 2027 tauto
475 1952 724 2053 somiootiootit,
745 1953 829 2053 [etit
849 1980 922 2027 eom
944 1954 1129 2039 mecum
1148 1968 1179 2027 et
1199 1955 1260 2053 qai
1274 1950 1328 2025 di·

205 2072 343 2144 miteom
359 2070 535 2169 occeperit,
555 2068 686 2143 motor
701 2084 771 2143 eat:
786 2069 1023 2145 Animadverte
1039 2070 1122 2171 quid
1139 2069 1251 2144 dieat:
1270 2070 1331 2168 poi

204 2184 379 2262 dimittam
395 2188 572 2285 occeperit,
592 2185 723 2260 adulter
738 2201 806 2260 eet.
827 2188 906 2262 Siue
921 2187 998 2288 ipsa
1015 2185 1183 2261 dimiserit
1197 2185 1325 2273 uirum,

205 2300 280 2376 sire
296 2326 318 2374 a
333 2298 407 2375 viro
423 2298 570 2374 dimissa
594 2300 659 2390 sit,
685 2301 818 2376 adulter
840 2318 893 2377 est
917 2303 977 2403 qui
994 2328 1070 2377 eam
1095 2302 1325 2401 aooeperit....

208 2412 298 2512 Ergo
314 2429 348 2488 at
364 2413 429 2489 ista
448 2439 563 2503 soror,
582 2441 688 2517 qaae,
708 2432 746 2490 ut
762 2417 866 2502 dicit,
885 2417 953 2492 rim
970 2442 1074 2518 passa
1090 2432 1159 2504 ast,
1178 2432 1217 2489 ut
1233 2413 1328 2490 alteri

212 2527 422 2625 iungeretur,
442 2529 474 2603 si
489 2529 564 2604 vult
580 2555 704 2631 corpus
720 2530 849 2605 Christi
866 2530 1037 2630 accipere,
1052 2546 1087 2604 at
1097 2556 1164 2604 non
1177 2530 1330 2605 adultera

212 2643 387 2743 reputari,
420 2660 500 2741 agat
522 2645 789 2745 poenitentiam:
824 2646 873 2720 ita
897 2646 1090 2733 dumtaxat,
1117 2663 1157 2719 ut
1180 2644 1330 2720 seeundo

209 2759 299 2847 viro,
320 2758 382 2859 qui
399 2785 468 2834 non
486 2760 677 2861 appellatur
691 2762 765 2851 vir,
785 2761 848 2837 sed
865 2759 1018 2849 adulter,
1038 2775 1225 2860 atampore
1249 2784 1332 2860 poe·

210 2872 373 2947 nitentiaa
390 2899 458 2949 non
479 2874 655 2977 oopuletur
674 2879 813 2974 (164).»

290 2986 383 3061 llaec
399 2988 485 3064 adeo
502 2989 689 3067 decretoria
706 3009 806 3082 sunt,
823 3009 862 3067 at
873 3015 1160 3095 supervacaneum
1174 3016 1332 3066 aenaeam

215 3100 286 3176 alia
319 3102 472 3178 eiusdem
498 3133 528 3181 s.
554 3108 707 3208 llootoris
739 3108 872 3184 adlerra
895 3109 1107 3197 testimonia,
1140 3107 1175 3179 in
1206 3105 1333 3207 quibus

210 3215 368 3292 eamdem
385 3218 429 3292 de
450 3222 646 3298 omnimoda
670 3223 973 3299 indissolubilitate
994 3221 1198 3298 matrimonii
1220 3222 1332 3296 ortho-

212 3332 337 3410 doxam
354 3333 541 3411 doctrinam
558 3339 717 3415 ineuloat.

285 3446 420 3549 Operae
445 3453 559 3553 potius
585 3456 729 3555 pretium
754 3471 824 3543 est,
853 3453 1014 3530 subdolas
1039 3469 1141 3553 atque
1165 3466 1335 3526 contortas

212 3564 353 3639 launoii
379 3580 635 3669 oeterorumque
650 3571 726 3644 aius
744 3570 951 3645 asseclarum
977 3567 1155 3644 suasiones
1180 3565 1335 3667 praeola-

211 3677 305 3754 dare.
327 3681 425 3756 lanta
441 3684 628 3759 launoium
641 3686 864 3787 «Hieronymi
890 3683 1058 3760 sententia
1074 3700 1143 3771 est,
1164 3700 1201 3757 nt
1225 3697 1332 3784 patet,

215 3795 277 3871 viri
303 3811 338 3871 et
360 3800 477 3875 uxoris
502 3799 729 3875 conditionem
754 3828 870 3904 parem
896 3828 964 3877 non
989 3825 1085 3888 esse,
1106 3800 1142 3873 in
1164 3824 1222 3887 eo,
1242 3796 1335 3898 quod

211 3910 334 3987 attinet
356 3912 583 4004 adulterium
603 3941 645 3991 ae
663 3917 738 3992 viro
761 3917 879 4005 lioeat,
900 3916 1045 3992 dimissa
1067 3929 1202 4016 propter
1226 3912 1337 3989 solum

212 4025 418 4103 adulterium
435 4057 551 4121 uxore,
567 4031 668 4107 aliam
683 4031 819 4121 dooere3
832 4032 891 4108 sed
905 4057 1001 4120 uxor,
1011 4032 1084 4107 uiro
1098 4046 1233 4132 propter
1244 4028 1339 4104 adul·

213 4141 336 4217 terium
353 4144 510 4236 dimisso,
525 4174 593 4223 nen
611 4164 722 4249 potest
737 4148 853 4237 alteri,
870 4147 1033 4248 quamdiu
1051 4147 1215 4222 dimissus
1232 4146 1334 4233 vivit,

214 4258 354 4335 nubere.
366 4261 477 4363 Atque
493 4263 584 4339 istud
599 4265 691 4365 quod
711 4264 945 4341 observatione
962 4289 1096 4339 summa
1108 4263 1251 4363 dignum
1269 4276 1334 4348 est,

287 4409 354 4475 (ιιι)
371 4411 434 4465 thid.
451 4413 528 4480 Epist.
540 4415 591 4466 tv.
602 4428 628 4467 n.
640 4417 698 4470 aet
710 4420 733 4469 t.
744 4416 794 4470 eol.
808 4422 855 4470 ιιι
868 4428 921 4481 seq.
