3234 5084
305 409 376 484 286
427 433 489 485 ιιι.
511 433 558 485 ιιι.
579 430 666 485 srcr.
688 431 819 484 turem.
840 431 879 482 nr
896 430 1009 484 mons.
1030 430 1126 484 rim.
1144 429 1267 484 cnnrsr.

303 568 438 653 ceptum
466 551 593 628 violent
618 550 758 627 obtentu
781 550 894 649 legum
922 548 1099 640 civilium,
1128 576 1217 650 qnae
1241 549 1423 628 divortium
1513 549 1522 570 '

305 667 543 769 permittebant
562 669 651 764 (86).

378 784 473 857 Hanc
493 800 636 857 mentem
657 809 734 857 esse
757 782 891 856 concilii
918 797 1009 880 patet
1034 796 1104 857 tum
1129 809 1171 854 ex
1196 783 1361 856 sermonis
1379 797 1425 854 te-
1516 845 1523 856 .

305 927 407 989 nore,
436 916 506 973 tum
531 926 572 971 en
597 898 692 971 titulo
718 925 779 972 seu
805 899 989 972 summario
1014 897 1167 971 eiusdem
1184 897 1348 972 canonis:
1382 899 1425 970 Ut

305 1019 355 1101 ie,
388 1018 481 1088 cuius
511 1041 596 1088 osor
625 1013 848 1098 adulteravit,
881 1014 986 1086 aliam
1012 1014 1074 1089 illo
1096 1016 1224 1086 uiuente
1252 1040 1316 1087 ooo
1337 1015 1424 1085 occi-

303 1132 379 1232 piat
399 1132 472 1227 (87)
488 1159 496 1219 ;
514 1145 583 1203 tum
601 1130 748 1229 denique
765 1155 806 1203 ex
828 1128 977 1228 eoquod
996 1129 1025 1201 si
1047 1129 1229 1211 consilium,
1252 1128 1350 1201 cuius
1367 1127 1424 1200 hic
1522 1192 1527 1202 .

305 1245 431 1319 mentio
453 1245 511 1331 fit,
533 1244 741 1343 acciperetur
757 1242 800 1314 de
823 1268 859 1314 re
882 1241 1006 1330 libera,
1028 1260 1066 1315 ut
1086 1242 1293 1316 contendunt
1310 1242 1425 1317 adrer-

304 1358 409 1447 sarii,
438 1359 571 1433 concilii
599 1357 772 1458 praesules
798 1356 865 1430 sibi
883 1356 1179 1460 contradicerent,
1215 1357 1298 1430 dum
1333 1357 1424 1456 quod

303 1473 449 1546 obsolute
467 1474 562 1573 prius
588 1473 757 1546 affirmant
773 1497 841 1544 esee
856 1473 1074 1569 prohibitam,
1102 1472 1192 1545 idem
1210 1472 1333 1546 deinde
1350 1473 1426 1546 libe·

303 1613 379 1662 rum
401 1589 674 1688 pronunciarent.

378 1704 473 1791 Quae
493 1730 569 1778 cum
590 1704 636 1777 ita
662 1704 754 1791 sint,
775 1703 958 1778 concidunt
983 1730 1047 1777 sua
1067 1701 1170 1777 veluti
1190 1717 1310 1804 sponte
1325 1728 1428 1802 quae·

303 1807 698 1920 cumqneexcogitarunt
724 1818 943 1892 divortiorum
962 1819 1094 1917 patroni
1113 1833 1150 1891 ut
1166 1818 1271 1892 huius
1287 1818 1426 1892 canonis

304 1935 374 2009 vim
397 1934 590 2022 eluderent,
612 1934 715 2008 immo
737 1959 817 2009 roro
841 1949 875 2008 et
899 1934 935 2005 in
960 1960 1031 2006 rem
1058 1960 1154 2008 snam
1180 1949 1422 2009 converterent.

306 2044 455 2122 launoio
479 2049 569 2121 enim
596 2047 838 2145 antesignano,
858 2047 1066 2122 contendunt
1090 2063 1305 2149 praeceptum
1323 2073 1429 2149 quon·

307 2163 388 2237 dam
403 2163 598 2265 impositum
612 2189 688 2237 esse
705 2188 749 2235 ne
766 2161 935 2237 secundas
952 2163 1088 2263 nuptias
1106 2162 1335 2237 adolescentes
1349 2189 1430 2237 neo-

308 2278 431 2380 phythi
457 2279 604 2366 inirent;
630 2278 673 2351 ob
699 2277 803 2351 huius
820 2294 932 2353 autem
957 2280 1091 2353 concilii
1118 2280 1271 2379 patribus
1297 2279 1331 2351 in
1349 2304 1430 2353 con—

306 2394 422 2470 silium
438 2421 573 2469 versum
591 2394 716 2484 fuisse,
734 2395 826 2496 quod
843 2396 903 2496 qui
922 2410 1142 2497 sequerentur
1158 2396 1244 2470 hene
1262 2395 1425 2482 lacerent,

304 2512 365 2612 qni
380 2537 461 2586 vero
479 2511 702 2610 negligerent,
724 2512 891 2588 immunes
908 2541 929 2587 a
947 2511 1082 2613 piaculo
1102 2529 1216 2587 essent
1230 2514 1320 2608 (88).
1342 2513 1430 2586 Hinc

305 2627 468 2703 extollunt
491 2628 705 2727 prudentiam
733 2628 901 2728 sapientia
923 2629 1079 2728 plenam,
1100 2628 1429 2729 moderationemque

305 2758 437 2843 patrum
459 2743 696 2820 arelatensium
717 2748 813 2841 (89),
842 2743 901 2844 qui
934 2759 1042 2818 aetate
1073 2741 1132 2818 illa
1156 2745 1230 2819 ausi
1258 2771 1326 2820 non
1350 2761 1432 2819 sunt

305 2860 483 2960 perspicue
505 2860 723 2936 orthodoxam
744 2860 932 2935 doctrinam
957 2886 1165 2960 proponere,
1187 2887 1229 2934 ne
1255 2860 1291 2933 in
1312 2876 1428 2960 aperta

306 2972 397 3048 lucta
421 3000 498 3048 cum
519 2975 609 3049 cirili
636 2976 778 3075 imperio
803 2976 1045 3050 invenirentur.

378 3088 441 3162 Ast
465 3090 606 3163 istomm
632 3116 725 3163 error
749 3093 784 3162 in
809 3117 850 3165 eo
873 3107 1045 3179 versatur,
1079 3091 1170 3192 quod
1195 3090 1369 3164 nomiliam
1392 3089 1427 3163 in

306 3230 390 3279 casu
409 3203 453 3277 de
470 3232 538 3305 quo
555 3206 666 3304 agitur
686 3205 875 3281 iunioribus
892 3207 1042 3281 dandum
1059 3234 1080 3280 a
1097 3206 1251 3307 patribus
1269 3206 1423 3292 edicitur,

306 3329 453 3404 reserant
469 3329 542 3405 sire
566 3330 609 3402 ad
631 3331 836 3420 doctrinam,
857 3332 930 3407 sire
947 3331 990 3406 ad
1009 3359 1079 3407 rem
1098 3330 1363 3432 disciplinansm.
1385 3331 1428 3403 Ar

306 3445 342 3517 in
358 3462 500 3546 utroque
517 3444 741 3546 decipiuntur.
769 3447 991 3548 Decipiuntur
1007 3447 1088 3521 dnm
1108 3444 1191 3520 illud
1216 3447 1363 3521 referunt
1382 3445 1425 3519 ad

306 3560 514 3650 doctrinam,
543 3587 631 3661 quae
655 3579 769 3662 aperte
794 3563 953 3636 statuitur
976 3560 1046 3637 illis
1078 3561 1217 3638 verbis:
1246 3561 1292 3634 Et
1311 3561 1426 3661 proli-

379 3766 430 3830 (ta)
446 3767 498 3815 Has
511 3764 576 3828 leges
589 3764 662 3827 paulo
673 3766 730 3814 ante
747 3763 884 3815 attulimus.

378 3847 428 3909 (87)
444 3843 475 3895 Hl
485 3843 551 3894 tituli
562 3844 729 3907 antiquissimi.
735 3847 801 3907 suut,
809 3846 834 3895 et
842 3845 866 3894 in
878 3844 993 3894 omnibus
1000 3839 1126 3895 codicibus
1135 3845 1297 3907 reperiuntur.
1305 3841 1427 3893 Linvttl.

308 3927 410 3976 onrea
420 3924 503 3976 tronis
513 3936 537 3974 c.
550 3931 604 3975 258.
617 3924 664 3974 sub
675 3925 722 3974 hoc
732 3924 805 3975 titolo
816 3924 917 3975 effertur
930 3937 1008 3975 canon
1024 3927 1114 3975 noster:
1135 3926 1168 3974 Ut
1183 3925 1356 3988 quantumvis
1366 3922 1427 3973 odo·

307 4005 442 4067 mocula,
461 4005 612 4057 otveuttbur
630 4005 760 4056 ceantur
774 4008 848 4067 eutr,
871 4004 941 4056 attae
961 4017 1013 4056 non
1031 4004 1143 4056 ducant.

378 4084 428 4147 (aa)
444 4085 547 4135 Monoi.
566 4097 606 4148 op.
619 4084 662 4135 cit.
674 4097 730 4149 pig.
743 4089 796 4135 827.
810 4086 835 4135 et
851 4091 920 4135 rote.
938 4086 1018 4134 Braun
1034 4082 1148 4134 diescit.
1162 4082 1228 4148 opud
1241 4081 1325 4133 lambi
1336 4084 1375 4132 Dc
1389 4084 1427 4132 tu-

306 4161 396 4215 dtstnl.
407 4171 489 4230 pato.
502 4166 561 4216 fleo.
576 4163 696 4215 Leonard.
710 4162 895 4226 Werkmeister,
907 4162 1043 4214 &betisste
1053 4163 1182 4227 tubingeos
1198 4161 1265 4227 apud
1279 4160 1426 4224 Roskortny

308 4258 350 4308 op.
364 4244 407 4295 cit.
419 4244 443 4309 §.
459 4251 513 4296 128.

378 4324 430 4390 (aa)
445 4325 487 4376 uti
502 4324 581 4377 Nicol.
598 4324 763 4377 marchesio
774 4323 871 4376 annot
881 4323 976 4390 pltttos.
990 4326 1017 4376 et
1028 4323 1106 4376 tacet.
1121 4323 1220 4376 cathol.
1238 4323 1345 4374 Koblenz
1358 4328 1426 4373 reso.

307 4418 362 4469 pag.
379 4411 418 4457 as.
