3234 5084
359 437 428 490 ιιι.
439 436 487 490 ιιι.
501 438 541 489 ιι
558 416 654 490 sensu
671 435 764 488 rmn.
779 436 843 488 ιιι.
859 436 972 489 mures.
986 438 1080 490 ιιιι.
1238 415 1305 489 stt

262 555 301 630 ld
323 581 424 657 porro
444 573 509 645 est,
533 554 626 657 quod
649 554 947 631 demonstrandum
969 555 1033 632 hon
1059 555 1095 629 in
1120 555 1232 657 eapite
1256 557 1310 629 di·

190 671 312 747 stinote
323 670 544 760 assumimus,
558 686 597 744 ut
608 670 820 746 vindicemus
833 696 995 746 emonem
1005 670 1077 744 vlt.
1091 696 1178 745 sess.
1192 670 1307 744 XXIV.

191 786 325 862 concilii
350 786 536 860 tridentini.
554 788 593 858 ln
619 786 684 861 hae
710 813 811 886 porro
830 786 1028 887 quaestione
1052 812 1135 860 suae
1159 812 1228 860 non
1249 785 1309 860 de-

191 916 277 976 sunt
291 900 508 977 diffieultates
526 900 734 989 enodandae,
755 917 793 975 ut
810 928 851 975 ex
872 901 916 975 iis
933 900 1124 975 traditionis
1143 899 1306 990 tontibus,

189 1042 276 1118 quos
288 1016 571 1104 enumeravimus,
587 1017 770 1114 genuinum
788 1042 927 1091 sensum
945 1015 1192 1091 traditionalem
1209 1042 1310 1090 erua-

190 1158 280 1205 mus.
311 1132 396 1205 Nam
418 1130 639 1205 divortiorum
662 1131 793 1231 patroni
821 1130 907 1203 nihil
935 1131 1134 1205 intentatum
1158 1130 1305 1231 relique·

190 1261 285 1334 runt,
317 1262 354 1320 ut
385 1262 582 1344 argumenta
610 1271 651 1318 ex
684 1247 728 1320 iis
758 1244 862 1346 petita
892 1245 991 1320 nobis
1016 1245 1205 1345 eriperent,
1233 1271 1310 1346 per·

190 1363 438 1462 suaderentque
449 1361 642 1437 universam
656 1361 870 1437 traditionem
884 1362 937 1436 sin
954 1361 1067 1435 minus
1085 1361 1158 1435 suis
1176 1360 1311 1461 placitis

189 1478 313 1567 fuvere,
341 1478 459 1553 saltem
482 1478 620 1554 dubiam
644 1505 740 1568 esse,
761 1505 801 1554 ao
818 1505 879 1579 pro
896 1494 1041 1579 utraque
1058 1478 1224 1552 sententia
1245 1503 1310 1575 pu-

187 1619 302 1691 gnare.
330 1593 451 1667 Verum
476 1618 543 1668 non
568 1593 735 1695 estquod
764 1593 1035 1669 adversariorum
1059 1591 1308 1666 assertionibus

189 1708 478 1810 perterrefiamus,
497 1735 607 1810 neque
631 1708 831 1784 eruditionis
850 1709 926 1783 inco
946 1734 1212 1808 permoveamur.
1232 1708 1309 1779 Sin·

188 1823 268 1923 gula
276 1824 367 1897 enim
376 1825 576 1899 documenta
587 1824 1030 1924 expendentes,videbimns
1042 1824 1236 1899 universam
1249 1850 1311 1896 an·

188 1938 376 2040 tiquitatem
385 1939 605 2014 christianam
614 1940 873 2043 veritati,quum
883 1939 1304 2038 adstruimussnffragari.

190 2051 355 2140 Quamvis
392 2079 471 2127 vero
510 2053 647 2152 longum
679 2070 780 2156 atque
804 2054 1006 2155 impeditum
1031 2055 1096 2127 iter
1119 2054 1211 2155 quod
1240 2080 1313 2156 per·

191 2195 325 2243 currere
346 2168 509 2244 debemus
533 2169 707 2259 videatur,
729 2170 813 2244 illud
835 2186 947 2245 tamen
973 2170 1017 2245 ab
1035 2169 1113 2244 aliis
1129 2171 1198 2243 iam
1223 2195 1313 2244 oom-

191 2284 367 2384 planatum
385 2285 609 2360 inveniemus.
623 2286 707 2360 Cum
727 2286 818 2360 enim
831 2286 998 2387 quaestio,
1014 2285 1307 2386 qunmagitamus,

191 2400 333 2501 antiqua
358 2401 423 2489 sit,
451 2400 560 2502 primo
588 2401 633 2476 ob
658 2399 855 2475 dissensum
879 2401 1043 2476 ecclesiae
1075 2398 1248 2475 orientalis
1278 2414 1312 2474 et

190 2514 410 2591 occidentalis
432 2516 551 2592 saltem
577 2517 690 2619 quoad
716 2517 859 2617 praxim,
889 2543 978 2618 quae
1002 2515 1094 2616 apud
1124 2540 1312 2614 graeoosa

186 2629 286 2729 longo
311 2648 461 2730 tempore
482 2631 598 2730 viget;
615 2631 737 2706 deinde
761 2657 841 2706 vero
869 2631 913 2706 ub
944 2631 1130 2707 doctrinam
1161 2628 1311 2730 pseudo·

189 2744 442 2821 reformatorum
468 2747 595 2822 saeculi
612 2749 695 2820 XVI.
722 2748 940 2836 factumest,
961 2761 999 2821 ut
1018 2746 1063 2821 ab
1092 2744 1235 2820 eruditis
1252 2769 1307 2819 na·

188 2859 323 2935 tholinis
339 2862 421 2938 viris
438 2862 531 2937 hand
562 2863 684 2963 exiguo
709 2863 900 2938 seculorum
921 2878 1029 2938 tractu
1051 2879 1185 2965 patrum
1216 2861 1311 2936 testi-

191 2974 308 3050 monia
326 3002 387 3076 pro
407 2978 568 3054 alterutra
588 2979 754 3055 sententia
770 2978 889 3055 sedulo
913 2993 1137 3080 accurateque
1152 2977 1312 3053 discussa

187 3091 327 3166 tuerint.

260 3209 483 3300 Testimonia,
501 3237 590 3313 quae
607 3212 719 3287 favere
735 3211 893 3287 videntur
909 3211 1053 3311 graecis,
1073 3209 1235 3311 expendit
1249 3208 1311 3281 Ar-

184 3324 306 3400 sudius
328 3328 400 3424 (1);
421 3354 510 3428 quae
534 3354 614 3402 vero
644 3328 774 3427 prolata
799 3346 880 3404 sunt
903 3327 1219 3428 aprotestantibns,
1248 3349 1310 3397 no-

186 3440 341 3516 minatim
379 3469 459 3519 vero
488 3470 509 3518 a
539 3444 753 3535 Chemnitio,
783 3445 929 3519 examini
965 3443 1112 3518 subiecit
1135 3439 1310 3515 Bellarmi-

187 3582 253 3631 nus
275 3559 341 3655 (2).
369 3560 489 3636 Postea
512 3587 593 3636 vero
621 3559 665 3634 de
686 3560 751 3635 hos
774 3562 851 3661 ipso
871 3574 1068 3659 argumento
1094 3554 1310 3659 pertractavit

185 3671 434 3766 Rsnaudotius,
449 3677 509 3779 qni
527 3702 724 3776 graecorum
742 3675 942 3778 disciplinae
959 3674 1070 3751 favere
1086 3674 1220 3749 videtur
1240 3673 1304 3768 (3).

185 3787 231 3862 At
254 3793 365 3865 acrior
388 3794 497 3868 evasit
526 3793 755 3869 controversia
779 3793 822 3867 de
846 3793 994 3892 genuina
1018 3806 1152 3893 patrum
1178 3802 1304 3873 mente,

185 3928 228 3976 ex
240 3932 308 4005 quo
321 3932 388 3981 non
401 3909 502 3985 modo
517 3910 553 3982 in
572 3910 761 3999 Germania,
776 3935 893 3984 verum
916 3908 1017 3984 etiam
1041 3907 1077 3980 in
1090 3903 1207 3980 Galliis
1224 3919 1257 3978 et
1271 3903 1307 3975 in

259 4143 295 4207 (ι)
311 4147 351 4197 De
364 4147 507 4201 soneordtu
528 4147 652 4202 sectatae
665 4147 837 4201 oectdeatults
852 4150 879 4199 et
893 4146 1032 4199 ortmtultr
1044 4145 1088 4197 tn.
1100 4147 1155 4196 vtt.
1165 4143 1208 4195 obt
1228 4142 1306 4193 mser

187 4233 243 4286 ΦΨ·
257 4224 391 4292 Vtraque
406 4227 438 4278 td
454 4241 510 4293 cap.
522 4231 621 4281 xxxv.
641 4229 673 4282 da
691 4229 739 4281 noe
757 4230 901 4294 argumento
914 4229 1052 4292 nemrastat.

264 4308 300 4372 (ι)
317 4310 355 4359 ne
372 4312 453 4361 mae.
471 4323 527 4375 up.
549 4313 632 4361 ιιιιι.

262 4389 297 4453 (t)
313 4388 467 4454 remorant
477 4388 510 4439 de
526 4387 553 4439 lu
563 4387 616 4450 sot.
632 4392 693 4442 torn.
705 4392 737 4441 V.
749 4390 792 4441 tir.
804 4390 847 4440 vt.
858 4388 897 4438 etr.
910 4391 933 4437 7.

268 4497 309 4553 ΙΙΙ
