3234 5084
299 474 370 525 car.
385 473 421 525 ιι.
438 472 478 523 ns
491 470 604 523 morsa.
622 471 717 522 narn.
736 470 770 521 m
783 468 874 521 caus.
891 468 1003 520 acuar.
1027 469 1101 519 aar.
1116 468 1164 519 ru.
1218 444 1290 519 223

240 589 466 669 Contradictio
490 603 602 663 autem
627 613 730 689 quam
755 587 875 662 dieunt
898 612 1059 684 exurgam
1083 585 1171 660 inter
1186 584 1288 660 ldarci

170 732 211 783 ac
227 708 338 805 Lneae
362 704 655 804 evangeliumque
675 702 888 800 evangelium
905 699 1085 789 Matthaei,
1114 700 1181 775 nisi
1199 699 1234 772 in
1252 699 1293 772 il-

170 822 213 897 lis
238 820 511 918 subintelligatur
534 817 774 919 exceptionalis
803 816 956 892 clausula
987 817 1031 891 de
1058 843 1163 892 causa
1187 816 1293 891 iorni-

171 938 330 1022 cationis,
360 936 514 1011 innititur
542 951 670 1009 tantum
701 934 885 1033 anticipato
909 934 1035 1007 iudicio
1061 933 1104 1006 de
1127 934 1295 1033 interpre-

170 1053 308 1126 tationis
332 1052 493 1137 veritate,
522 1050 613 1149 quod
646 1049 801 1123 Christus
826 1047 920 1146 apud
945 1047 1149 1121 Matthaeum
1175 1048 1290 1147 reipsa

170 1168 323 1243 docuerit
339 1167 424 1241 solvi
450 1166 598 1263 coniugii
615 1164 787 1238 vinculum
812 1190 872 1263 per
897 1164 1174 1250 fornicationem,
1200 1163 1293 1263 quod

170 1284 380 1359 ostendimus
405 1297 520 1381 aperte
545 1281 666 1356 salsum
690 1306 767 1355 esse
792 1280 946 1379 pluribus
972 1280 1192 1376 argumentis.
1222 1279 1294 1353 llao

172 1399 306 1474 sublata
331 1397 630 1496 interpretatione,
658 1396 770 1469 omnis
798 1395 1018 1470 contradictio
1048 1393 1147 1492 plane
1171 1419 1294 1467 evane-

172 1515 261 1588 scit:
290 1514 358 1587 imo
383 1539 452 1586 una
477 1538 616 1612 prorsus
640 1526 693 1584 est
715 1535 923 1608 concorsque
948 1508 1133 1582 sententia:
1153 1533 1291 1581 uxorem

172 1630 274 1703 aliam
300 1628 379 1701 duci
405 1653 590 1726 numquam
615 1653 741 1727 posse,
771 1626 875 1724 priori
901 1626 1093 1724 superstite.

244 1745 310 1818 Sed
336 1768 399 1816 nec
422 1742 545 1816 desunt
567 1739 780 1815 validissima
809 1756 1006 1837 argumenta
1033 1765 1073 1812 ex
1099 1739 1217 1811 intima
1242 1739 1291 1811 rei

173 1878 292 1934 natura
316 1859 439 1958 petita,
465 1882 553 1957 quae
576 1855 757 1930 ostendant
777 1854 871 1928 illam
892 1854 1114 1929 adiectionem
1131 1853 1175 1927 ab
1193 1880 1293 1928 evan-

173 1975 262 2075 gelio
295 1975 398 2048 Marci
432 2000 510 2048 esse
539 1972 676 2047 omnino
709 1971 959 2072 respuendam,
997 1972 1099 2043 immo
1129 1986 1163 2043 et
1193 1996 1293 2069 repu-

172 2117 276 2190 gnare
291 2088 471 2165 contextui.
492 2089 577 2161 Nam
600 2086 702 2161 llarci
721 2087 752 2160 si
776 2102 967 2161 contextum
993 2085 1287 2185 introspiciamus,

172 2232 213 2280 ex
234 2206 310 2307 ipso
331 2203 458 2277 Christi
481 2228 602 2303 scopo,
624 2203 682 2303 qui
704 2217 775 2275 erat
792 2200 980 2301 discipulos
1004 2228 1086 2275 suos
1106 2202 1290 2301 privatim,

174 2347 236 2395 seu
258 2323 293 2393 io
319 2319 410 2393 domo
430 2318 474 2393 de
498 2318 712 2392 matrimonio
739 2318 933 2403 instituere,
963 2317 1055 2392 illico
1078 2317 1290 2416 colligimus,

173 2600 217 2636 cns
233 2585 314 2637 ordint
328 2599 349 2637 e.
361 2585 477 2637 mathaei
498 2599 549 2636 non
570 2585 702 2650 adhaeret;
723 2584 795 2650 pinra
816 2583 924 2636 iilustrat
944 2584 1048 2636 diversis
1067 2583 1169 2635 adiectis
1188 2584 1292 2634 circum·

173 2666 284 2729 eandm
296 2666 353 2717 etsi
369 2679 434 2730 quae
448 2665 542 2717 omittit
550 2702 559 2729 ,
580 2678 629 2715 nou
640 2678 719 2730 pauca
735 2666 810 2716 etiarn
828 2663 859 2715 tis
871 2664 963 2715 adiecit
979 2677 1043 2727 quae
1059 2663 1133 2714 habet
1145 2663 1291 2714 mathaeus.

174 2745 210 2796 ad
231 2745 342 2797 ordinem
362 2744 430 2809 quod
452 2746 553 2807 attinet,
573 2746 650 2796 atium
663 2745 764 2796 omnino
783 2744 867 2795 serrat
887 2746 985 2794 Marcus
1003 2742 1034 2793 ab
1055 2756 1098 2805 oo,
1116 2755 1190 2806 quem
1211 2755 1292 2806 prose·

172 2827 245 2876 cutus
263 2828 301 2876 est
320 2826 457 2876 Matthaeus
477 2838 531 2890 cap.
551 2830 581 2875 x.
602 2827 657 2877 iiii.
674 2827 699 2876 et
719 2826 785 2875 xiii.
809 2826 911 2888 Insuper
930 2824 1000 2887 ptura
1026 2822 1133 2873 illustrat
1151 2836 1172 2873 s.
1197 2825 1295 2873 Marcus

174 2904 279 2957 obscure
297 2905 365 2957 dicta
382 2918 397 2956 a
417 2906 556 2969 Maniam
579 2909 624 2957 Er.
639 2920 676 2968 pr.
690 2905 732 2958 nbi
750 2905 824 2956 refert
836 2905 997 2956 emersionem
1009 2903 1101 2955 consti
1117 2902 1143 2954 in
1157 2903 1293 2967 desertum,

172 2985 257 3035 addit:
274 2988 393 3051 Eratque
410 2998 472 3036 rum
489 2987 576 3036 bestiis
595 2988 691 3037 terroe.
709 2985 843 3037 Historiam
863 2984 1031 3035 decoliationis
1048 2983 1147 3034 ioannis
1162 2983 1241 3034 sosius
1259 2998 1294 3035 re·

173 3064 222 3115 tart
232 3066 343 3128 mame,
361 3077 436 3128 quam
448 3065 591 3115 Matthaeus.
604 3066 666 3129 cap.
678 3068 697 3115 i.
705 3072 728 3115 a.
740 3078 785 3129 pro
793 3064 870 3115 domo
887 3066 978 3124 Petit,
995 3064 1024 3114 ut
1041 3063 1126 3114 scribit
1137 3063 1291 3127 idattiraaos,

173 3145 272 3195 Harena
283 3144 369 3195 hand:
383 3146 498 3195 Domum
508 3146 620 3194 stomata
630 3146 656 3194 et
668 3142 787 3194 Andreae
800 3156 863 3195 eum
880 3143 978 3195 torreo
987 3145 1013 3194 et
1025 3144 1134 3194 Ioanne.
1152 3144 1180 3192 in
1193 3141 1297 3193 nlstoria

172 3224 300 3289 paralytici
311 3225 405 3289 plenior
414 3227 452 3275 est
462 3226 558 3274 Marcus
566 3236 642 3287 quam
651 3226 795 3275 menaeus.
802 3227 830 3274 in
841 3224 906 3275 iacto
916 3223 1032 3287 despicis
1042 3223 1186 3273 interseruit
1196 3225 1295 3273 Marcus

173 3304 224 3356 rut
243 3304 374 3356 ducitur
386 3307 508 3369 principe
527 3303 701 3355 sacedotum.
721 3305 775 3354 iiia
794 3317 845 3354 non
862 3317 940 3369 pauca
962 3304 1144 3369 praetermitto,
1160 3301 1297 3365 exquibus

174 3387 243 3449 patet
258 3385 352 3436 nouam
372 3386 424 3435 tere
439 3384 519 3448 ipsum
534 3383 653 3447 attingere
670 3383 797 3434 historiam
815 3396 831 3434 a
853 3384 977 3435 Matthaeo
997 3383 1117 3445 relatam,
1132 3380 1192 3444 quin
1208 3378 1296 3430 mdori

174 3465 414 3517 circumstantiarum
435 3466 553 3528 apparatu
575 3477 630 3514 earn
646 3466 818 3527 repraesentet.
842 3466 948 3514 Tantum
972 3462 1059 3525 abeat,
1080 3464 1108 3512 ut
1126 3460 1159 3511 ait
1178 3459 1296 3510 Matthaei

175 3544 337 3608 epitomatori
360 3543 408 3594 Sed
429 3546 553 3607 praeterea
569 3542 634 3593 haud
649 3555 726 3606 pauca
737 3541 812 3592 habet
826 3545 924 3592 Marcus
935 3555 1042 3605 quorum
1054 3541 1150 3591 nulium
1164 3539 1294 3601 vestigium

174 3625 283 3675 occurrit
304 3623 369 3688 apud
389 3625 558 3686 idamaeam,
577 3622 662 3686 qualia
680 3623 739 3673 sunt
760 3634 824 3685 quae
844 3621 917 3672 reteri
938 3620 971 3672 de
991 3619 1189 3671 demanaret.
1207 3626 1245 3670 aa.
1266 3617 1297 3668 de

174 3716 248 3755 caeco
260 3704 563 3769 Vtii.2t.depaupercuia
575 3703 650 3754 vidua
661 3703 772 3755 mittente
781 3701 942 3767 quadrantem
953 3703 979 3752 in
989 3700 1189 3766 gazophyiacium
1198 3701 1294 3750 xliii.

161 3783 207 3859 'de
220 3784 372 3849 apparitione
385 3785 476 3836 curati
496 3784 593 3837 duobus
610 3783 738 3849 discipulis
751 3783 867 3835 euodius
878 3784 903 3833 in
914 3786 1031 3833 Emmaus
1045 3784 1111 3832 xvi.
1126 3789 1162 3831 tt.
1174 3781 1206 3830 de
1215 3792 1297 3830 ascen

175 3865 244 3916 done
262 3866 395 3917 christiin
414 3866 510 3917 caelum
528 3869 593 3917 xvi.
610 3873 645 3917 ta.
661 3865 741 3930 deque
756 3864 883 3917 nonnuliis
900 3864 1022 3929 paraboiis
1039 3862 1165 3914 achrieto
1187 3860 1295 3925 prolatis.

177 3948 214 3995 its
233 3946 272 3996 his
288 3944 403 3996 concludi
418 3944 503 4008 debet,
517 3945 585 4009 qued
603 3958 634 3996 aa
655 3946 793 3997 amessiona
809 3943 928 4009 evangeiii
941 3942 1018 3994 Marci
1036 3942 1139 3994 historia
1156 3941 1188 3991 da
1207 3940 1259 3992 vita
1273 3942 1298 3992 et

177 4024 361 4076 resuscitati
381 4025 459 4075 mutto
483 4025 533 4076 iam
553 4025 643 4076 clarior
672 4038 702 4076 ae
730 4024 862 4075 dilucidior
881 4024 946 4075 tacta
969 4025 1021 4087 sit,
1043 4024 1171 4086 multoque
1191 4020 1296 4071 auctior.

176 4105 231 4153 lion
251 4102 309 4154 iude
325 4106 408 4155 tamen
429 4104 584 4155 interemoto
595 4107 633 4156 est
644 4117 701 4155 cum
721 4104 839 4167 Calvino,
856 4102 1002 4164 Dodweiio,
1018 4103 1142 4154 Lamoero
1155 4103 1181 4151 et
1191 4100 1296 4151 Michae-

176 4183 221 4247 lis,
235 4183 303 4248 qnod
315 4186 414 4236 Marcus
433 4198 464 4236 na
482 4184 572 4237 viderit
584 4185 686 4250 quidem
702 4184 819 4237 itauhad
841 4185 1003 4248 eraugeiium.
1016 4185 1124 4234 Graecae
1133 4181 1199 4232 euim
1211 4180 1297 4231 dictio·

176 4274 236 4326 aas,
248 4275 314 4326 qnae
327 4263 353 4314 in
366 4266 471 4328 auoque
483 4265 610 4329 evmgaiio
624 4268 771 4327 occurrunt,
789 4263 941 4315 eontrarium
958 4263 1031 4327 piane
1042 4262 1158 4312 evincunt
1169 4297 1178 4323 ,
1189 4262 1214 4311 at
1224 4260 1296 4325 plura

176 4354 240 4406 ocae
254 4342 328 4395 habe
348 4344 560 4395 communionum
581 4344 705 4395 matthaeo
724 4343 812 4395 iisden
825 4341 967 4395 imererbis
986 4342 1074 4404 mista,
1090 4340 1148 4393 iicet
1170 4338 1293 4390 interdum

176 4422 275 4475 matus
292 4428 476 4493 exponatquae
497 4424 575 4475 insius
595 4425 733 4475 Mattbaars
755 4424 836 4474 reteri.
