<?xml version="1.0" encoding="UTF-8"?>
<!DOCTYPE html PUBLIC "-//W3C//DTD XHTML 1.0 Transitional//EN"
    "http://www.w3.org/TR/xhtml1/DTD/xhtml1-transitional.dtd">
<html xmlns="http://www.w3.org/1999/xhtml" xml:lang="en" lang="en">
 <head>
  <title>
</title>
<meta http-equiv="Content-Type" content="text/html;charset=utf-8" />
  <meta name='ocr-system' content='tesseract 3.04.00' />
  <meta name='ocr-capabilities' content='ocr_page ocr_carea ocr_par ocr_line ocrx_word'/>
</head>
<body>
  <div class='ocr_page' id='page_1' title='image "./dematrimoniochr03perrgoog_0298.png"; bbox 0 0 3234 5084; ppageno 0'>
   <div class='ocr_carea' id='block_1_1' title="bbox 299 415 1257 486">
    <p class='ocr_par' dir='ltr' id='par_1_1' title="bbox 299 415 1257 486">
     <span class='ocr_line' id='line_1_1' title="bbox 299 415 1257 486; baseline -0.003 -1"><span class='ocrx_word' id='word_1_1' title='bbox 299 415 367 485; x_wconf 76' lang='lat' dir='ltr'><strong>tit</strong></span> <span class='ocrx_word' id='word_1_2' title='bbox 418 435 479 484; x_wconf 85' lang='lat' dir='ltr'><strong>nn.</strong></span> <span class='ocrx_word' id='word_1_3' title='bbox 502 436 549 483; x_wconf 87' lang='lat' dir='ltr'><strong>nr.</strong></span> <span class='ocrx_word' id='word_1_4' title='bbox 571 434 657 484; x_wconf 88' lang='lat' dir='ltr'><strong>srcr.</strong></span> <span class='ocrx_word' id='word_1_5' title='bbox 678 435 808 484; x_wconf 74' lang='lat' dir='ltr'><strong>sereni.</strong></span> <span class='ocrx_word' id='word_1_6' title='bbox 832 435 871 484; x_wconf 84' lang='lat' dir='ltr'><strong>nr</strong></span> <span class='ocrx_word' id='word_1_7' title='bbox 889 434 1001 485; x_wconf 84' lang='lat' dir='ltr'><strong>rnnrss.</strong></span> <span class='ocrx_word' id='word_1_8' title='bbox 1023 435 1118 485; x_wconf 79' lang='lat' dir='ltr'><strong>urna.</strong></span> <span class='ocrx_word' id='word_1_9' title='bbox 1135 434 1257 486; x_wconf 79' lang='lat' dir='ltr'><strong>cirnrsr.</strong></span> 
     </span>
    </p>
   </div>
   <div class='ocr_carea' id='block_1_2' title="bbox 297 549 1414 2033">
    <p class='ocr_par' dir='ltr' id='par_1_2' title="bbox 298 549 1413 1334">
     <span class='ocr_line' id='line_1_2' title="bbox 299 549 1413 652; baseline 0 -26"><span class='ocrx_word' id='word_1_10' title='bbox 299 569 501 652; x_wconf 79' lang='lat' dir='ltr'><strong>pugnantem</strong></span> <span class='ocrx_word' id='word_1_11' title='bbox 523 578 598 625; x_wconf 89' lang='lat' dir='ltr'><strong>cum</strong></span> <span class='ocrx_word' id='word_1_12' title='bbox 619 550 743 624; x_wconf 77' lang='lat' dir='ltr'>Christi</span> <span class='ocrx_word' id='word_1_13' title='bbox 764 549 892 636; x_wconf 86' lang='lat' dir='ltr'><strong>verbis,</strong></span> <span class='ocrx_word' id='word_1_14' title='bbox 915 566 1043 624; x_wconf 90' lang='lat' dir='ltr'><strong>etcum</strong></span> <span class='ocrx_word' id='word_1_15' title='bbox 1064 550 1216 624; x_wconf 89' lang='lat' dir='ltr'><strong>doctrina</strong></span> <span class='ocrx_word' id='word_1_16' title='bbox 1240 578 1261 624; x_wconf 89' lang='lat' dir='ltr'><strong>a</strong></span> <span class='ocrx_word' id='word_1_17' title='bbox 1287 577 1324 625; x_wconf 90' lang='lat' dir='ltr'><strong>se</strong></span> <span class='ocrx_word' id='word_1_18' title='bbox 1349 555 1413 627; x_wconf 88' lang='lat' dir='ltr'><strong>ite·</strong></span> 
     </span>
     <span class='ocr_line' id='line_1_3' title="bbox 299 663 1410 766; baseline -0.002 -27"><span class='ocrx_word' id='word_1_19' title='bbox 299 693 371 739; x_wconf 89' lang='lat' dir='ltr'><strong>rnm</strong></span> <span class='ocrx_word' id='word_1_20' title='bbox 399 667 585 766; x_wconf 79' lang='lat' dir='ltr'><strong>iterumque</strong></span> <span class='ocrx_word' id='word_1_21' title='bbox 612 665 748 752; x_wconf 84' lang='lat' dir='ltr'><strong>tradita,</strong></span> <span class='ocrx_word' id='word_1_22' title='bbox 772 665 922 764; x_wconf 88' lang='lat' dir='ltr'><strong>adeoque</strong></span> <span class='ocrx_word' id='word_1_23' title='bbox 946 690 1013 737; x_wconf 92' lang='lat' dir='ltr'><strong>non</strong></span> <span class='ocrx_word' id='word_1_24' title='bbox 1036 664 1122 737; x_wconf 81' lang='lat' dir='ltr'><strong>lavet</strong></span> <span class='ocrx_word' id='word_1_25' title='bbox 1140 663 1282 737; x_wconf 88' lang='lat' dir='ltr'><strong>divortio</strong></span> <span class='ocrx_word' id='word_1_26' title='bbox 1298 667 1410 765; x_wconf 89' lang='lat' dir='ltr'><strong>quoad</strong></span> 
     </span>
     <span class='ocr_line' id='line_1_4' title="bbox 298 777 1413 878; baseline -0.001 -24"><span class='ocrx_word' id='word_1_27' title='bbox 298 779 467 854; x_wconf 84' lang='lat' dir='ltr'><strong>vinculum</strong></span> <span class='ocrx_word' id='word_1_28' title='bbox 487 779 531 853; x_wconf 89' lang='lat' dir='ltr'><strong>ob</strong></span> <span class='ocrx_word' id='word_1_29' title='bbox 548 778 748 852; x_wconf 87' lang='lat' dir='ltr'><strong>adulterium</strong></span> <span class='ocrx_word' id='word_1_30' title='bbox 763 809 771 866; x_wconf 89' lang='lat'>;</span> <span class='ocrx_word' id='word_1_31' title='bbox 794 779 823 852; x_wconf 92' lang='lat' dir='ltr'><strong>si</strong></span> <span class='ocrx_word' id='word_1_32' title='bbox 842 805 921 852; x_wconf 80' lang='lat' dir='ltr'><strong>uero</strong></span> <span class='ocrx_word' id='word_1_33' title='bbox 945 777 1093 878; x_wconf 90' lang='lat' dir='ltr'><strong>loquitur</strong></span> <span class='ocrx_word' id='word_1_34' title='bbox 1109 779 1152 852; x_wconf 90' lang='lat' dir='ltr'><strong>de</strong></span> <span class='ocrx_word' id='word_1_35' title='bbox 1170 780 1413 853; x_wconf 84' lang='lat' dir='ltr'><strong>consuetudine</strong></span> 
     </span>
     <span class='ocr_line' id='line_1_5' title="bbox 298 893 1409 992; baseline -0.001 -24"><span class='ocrx_word' id='word_1_36' title='bbox 298 896 545 983; x_wconf 85' lang='lat' dir='ltr'><strong>ecelesiastica,</strong></span> <span class='ocrx_word' id='word_1_37' title='bbox 563 910 642 969; x_wconf 88' lang='lat' dir='ltr'><strong>tune</strong></span> <span class='ocrx_word' id='word_1_38' title='bbox 658 896 728 992; x_wconf 80' lang='lat' dir='ltr'><strong>agit</strong></span> <span class='ocrx_word' id='word_1_39' title='bbox 740 894 849 967; x_wconf 89' lang='lat' dir='ltr'><strong>solum</strong></span> <span class='ocrx_word' id='word_1_40' title='bbox 867 894 909 968; x_wconf 90' lang='lat' dir='ltr'><strong>de</strong></span> <span class='ocrx_word' id='word_1_41' title='bbox 927 893 1137 992; x_wconf 79' lang='lat' dir='ltr'><strong>separatione</strong></span> <span class='ocrx_word' id='word_1_42' title='bbox 1155 893 1267 992; x_wconf 88' lang='lat' dir='ltr'><strong>quoad</strong></span> <span class='ocrx_word' id='word_1_43' title='bbox 1281 911 1409 980; x_wconf 81' lang='lat' dir='ltr'><strong>torum,</strong></span> 
     </span>
     <span class='ocr_line' id='line_1_6' title="bbox 298 1008 1413 1110; baseline -0.001 -27"><span class='ocrx_word' id='word_1_44' title='bbox 298 1012 450 1110; x_wconf 82' lang='lat' dir='ltr'>adeoque</span> <span class='ocrx_word' id='word_1_45' title='bbox 474 1037 606 1084; x_wconf 90' lang='lat' dir='ltr'><strong>rursum</strong></span> <span class='ocrx_word' id='word_1_46' title='bbox 619 1009 725 1082; x_wconf 86' lang='lat' dir='ltr'><strong>nobis</strong></span> <span class='ocrx_word' id='word_1_47' title='bbox 741 1034 808 1081; x_wconf 92' lang='lat' dir='ltr'><strong>non</strong></span> <span class='ocrx_word' id='word_1_48' title='bbox 829 1008 1042 1094; x_wconf 62' lang='lat' dir='ltr'><strong>adversatum</strong></span> <span class='ocrx_word' id='word_1_49' title='bbox 1072 1008 1140 1080; x_wconf 92' lang='lat' dir='ltr'><strong>imo</strong></span> <span class='ocrx_word' id='word_1_50' title='bbox 1165 1022 1197 1080; x_wconf 89' lang='lat' dir='ltr'><strong>et</strong></span> <span class='ocrx_word' id='word_1_51' title='bbox 1221 1009 1333 1106; x_wconf 88' lang='lat' dir='ltr'><strong>ipsum</strong></span> <span class='ocrx_word' id='word_1_52' title='bbox 1350 1008 1413 1082; x_wconf 92' lang='lat' dir='ltr'><strong>ha-</strong></span> 
     </span>
     <span class='ocr_line' id='line_1_7' title="bbox 298 1121 1413 1221; baseline 0 -26"><span class='ocrx_word' id='word_1_53' title='bbox 298 1126 417 1197; x_wconf 92' lang='lat' dir='ltr'><strong>hemus</strong></span> <span class='ocrx_word' id='word_1_54' title='bbox 443 1124 646 1197; x_wconf 76' lang='lat' dir='ltr'><strong>adsertorem</strong></span> <span class='ocrx_word' id='word_1_55' title='bbox 672 1139 705 1195; x_wconf 89' lang='lat' dir='ltr'><strong>et</strong></span> <span class='ocrx_word' id='word_1_56' title='bbox 725 1136 843 1195; x_wconf 88' lang='lat' dir='ltr'><strong>testem</strong></span> <span class='ocrx_word' id='word_1_57' title='bbox 864 1121 1036 1195; x_wconf 87' lang='lat' dir='ltr'><strong>doetrinae</strong></span> <span class='ocrx_word' id='word_1_58' title='bbox 1052 1121 1264 1218; x_wconf 77' lang='lat' dir='ltr'><strong>evangelicae</strong></span> <span class='ocrx_word' id='word_1_59' title='bbox 1283 1138 1315 1196; x_wconf 88' lang='lat' dir='ltr'><strong>et</strong></span> <span class='ocrx_word' id='word_1_60' title='bbox 1331 1148 1413 1221; x_wconf 88' lang='lat' dir='ltr'><strong>apo-</strong></span> 
     </span>
     <span class='ocr_line' id='line_1_8' title="bbox 298 1239 573 1334; baseline 0 -24"><span class='ocrx_word' id='word_1_61' title='bbox 298 1239 434 1311; x_wconf 89' lang='lat' dir='ltr'><strong>stolicae</strong></span> <span class='ocrx_word' id='word_1_62' title='bbox 459 1240 573 1334; x_wconf 77' lang='lat' dir='ltr'><strong>(tta).</strong></span> 
     </span>
    </p>

    <p class='ocr_par' dir='ltr' id='par_1_3' title="bbox 297 1350 1414 2033">
     <span class='ocr_line' id='line_1_9' title="bbox 371 1350 1413 1449; baseline 0.001 -26"><span class='ocrx_word' id='word_1_63' title='bbox 371 1353 469 1438; x_wconf 79' lang='lat' dir='ltr'><strong>Quod</strong></span> <span class='ocrx_word' id='word_1_64' title='bbox 494 1378 574 1425; x_wconf 81' lang='lat' dir='ltr'><strong>vero</strong></span> <span class='ocrx_word' id='word_1_65' title='bbox 592 1367 720 1449; x_wconf 86' lang='lat' dir='ltr'><strong>spectat</strong></span> <span class='ocrx_word' id='word_1_66' title='bbox 745 1350 788 1423; x_wconf 85' lang='lat' dir='ltr'><strong>ad</strong></span> <span class='ocrx_word' id='word_1_67' title='bbox 807 1377 885 1424; x_wconf 82' lang='lat' dir='ltr'><strong>ean.</strong></span> <span class='ocrx_word' id='word_1_68' title='bbox 901 1350 989 1422; x_wconf 78' lang='lat' dir='ltr'><strong>xxi.</strong></span> <span class='ocrx_word' id='word_1_69' title='bbox 1011 1351 1041 1423; x_wconf 93' lang='lat' dir='ltr'><strong>is</strong></span> <span class='ocrx_word' id='word_1_70' title='bbox 1062 1350 1186 1423; x_wconf 82' lang='lat' dir='ltr'><strong>directe</strong></span> <span class='ocrx_word' id='word_1_71' title='bbox 1203 1350 1246 1423; x_wconf 88' lang='lat' dir='ltr'><strong>ad</strong></span> <span class='ocrx_word' id='word_1_72' title='bbox 1266 1377 1334 1423; x_wconf 86' lang='lat' dir='ltr'><strong>rem</strong></span> <span class='ocrx_word' id='word_1_73' title='bbox 1353 1376 1413 1425; x_wconf 92' lang='lat' dir='ltr'><strong>no-</strong></span> 
     </span>
     <span class='ocr_line' id='line_1_10' title="bbox 298 1474 1414 1574; baseline 0 -26"><span class='ocrx_word' id='word_1_74' title='bbox 298 1492 400 1548; x_wconf 88' lang='lat' dir='ltr'><strong>stram</strong></span> <span class='ocrx_word' id='word_1_75' title='bbox 428 1501 494 1549; x_wconf 91' lang='lat' dir='ltr'><strong>non</strong></span> <span class='ocrx_word' id='word_1_76' title='bbox 521 1475 617 1560; x_wconf 86' lang='lat' dir='ltr'><strong>lacit,</strong></span> <span class='ocrx_word' id='word_1_77' title='bbox 651 1474 853 1574; x_wconf 81' lang='lat' dir='ltr'><strong>exhibetque</strong></span> <span class='ocrx_word' id='word_1_78' title='bbox 880 1475 1078 1549; x_wconf 89' lang='lat' dir='ltr'><strong>sententiam</strong></span> <span class='ocrx_word' id='word_1_79' title='bbox 1102 1499 1241 1571; x_wconf 86' lang='lat' dir='ltr'><strong>prorsus</strong></span> <span class='ocrx_word' id='word_1_80' title='bbox 1267 1475 1414 1572; x_wconf 84' lang='lat' dir='ltr'><strong>singula·</strong></span> 
     </span>
     <span class='ocr_line' id='line_1_11' title="bbox 298 1587 1414 1689; baseline 0 -28"><span class='ocrx_word' id='word_1_81' title='bbox 298 1617 387 1676; x_wconf 85' lang='lat' dir='ltr'><strong>rem,</strong></span> <span class='ocrx_word' id='word_1_82' title='bbox 412 1590 503 1689; x_wconf 92' lang='lat' dir='ltr'><strong>quod</strong></span> <span class='ocrx_word' id='word_1_83' title='bbox 521 1590 574 1661; x_wconf 87' lang='lat' dir='ltr'><strong>vir</strong></span> <span class='ocrx_word' id='word_1_84' title='bbox 599 1614 720 1687; x_wconf 87' lang='lat' dir='ltr'><strong>nempe</strong></span> <span class='ocrx_word' id='word_1_85' title='bbox 746 1589 959 1662; x_wconf 87' lang='lat' dir='ltr'><strong>matrimonio</strong></span> <span class='ocrx_word' id='word_1_86' title='bbox 982 1588 1114 1662; x_wconf 81' lang='lat' dir='ltr'><strong>vinctus</strong></span> <span class='ocrx_word' id='word_1_87' title='bbox 1140 1614 1206 1661; x_wconf 91' lang='lat' dir='ltr'><strong>nnn</strong></span> <span class='ocrx_word' id='word_1_88' title='bbox 1232 1613 1270 1663; x_wconf 88' lang='lat' dir='ltr'><strong>se</strong></span> <span class='ocrx_word' id='word_1_89' title='bbox 1286 1587 1414 1687; x_wconf 88' lang='lat' dir='ltr'><strong>polluat</strong></span> 
     </span>
     <span class='ocr_line' id='line_1_12' title="bbox 298 1703 1408 1789; baseline -0.004 -12"><span class='ocrx_word' id='word_1_90' title='bbox 298 1703 481 1789; x_wconf 86' lang='lat' dir='ltr'><strong>adulterio,</strong></span> <span class='ocrx_word' id='word_1_91' title='bbox 511 1705 540 1776; x_wconf 94' lang='lat' dir='ltr'><strong>si</strong></span> <span class='ocrx_word' id='word_1_92' title='bbox 566 1730 642 1777; x_wconf 90' lang='lat' dir='ltr'><strong>cum</strong></span> <span class='ocrx_word' id='word_1_93' title='bbox 669 1704 778 1778; x_wconf 89' lang='lat' dir='ltr'><strong>solnta</strong></span> <span class='ocrx_word' id='word_1_94' title='bbox 802 1704 995 1778; x_wconf 84' lang='lat' dir='ltr'><strong>iomicetnr.</strong></span> <span class='ocrx_word' id='word_1_95' title='bbox 1023 1703 1242 1777; x_wconf 75' lang='lat' dir='ltr'><strong>Canentem</strong></span> <span class='ocrx_word' id='word_1_96' title='bbox 1268 1704 1408 1776; x_wconf 82' lang='lat' dir='ltr'><strong>XLVlll.</strong></span> 
     </span>
     <span class='ocr_line' id='line_1_13' title="bbox 298 1817 1412 1916; baseline -0.004 -24"><span class='ocrx_word' id='word_1_97' title='bbox 298 1819 445 1892; x_wconf 87' lang='lat' dir='ltr'><strong>continet</strong></span> <span class='ocrx_word' id='word_1_98' title='bbox 467 1833 581 1916; x_wconf 88' lang='lat' dir='ltr'><strong>aperte</strong></span> <span class='ocrx_word' id='word_1_99' title='bbox 605 1818 790 1891; x_wconf 82' lang='lat' dir='ltr'><strong>doctrinam</strong></span> <span class='ocrx_word' id='word_1_100' title='bbox 818 1818 859 1891; x_wconf 93' lang='lat' dir='ltr'><strong>de</strong></span> <span class='ocrx_word' id='word_1_101' title='bbox 884 1817 1179 1891; x_wconf 87' lang='lat' dir='ltr'><strong>indissolubilitate</strong></span> <span class='ocrx_word' id='word_1_102' title='bbox 1204 1817 1350 1914; x_wconf 82' lang='lat' dir='ltr'><strong>coniugii</strong></span> <span class='ocrx_word' id='word_1_103' title='bbox 1377 1817 1412 1888; x_wconf 92' lang='lat' dir='ltr'><strong>in</strong></span> 
     </span>
     <span class='ocr_line' id='line_1_14' title="bbox 297 1932 1409 2033; baseline 0 -27"><span class='ocrx_word' id='word_1_104' title='bbox 297 1934 369 2006; x_wconf 81' lang='lat' dir='ltr'><strong>viro</strong></span> <span class='ocrx_word' id='word_1_105' title='bbox 383 1949 416 2007; x_wconf 88' lang='lat' dir='ltr'><strong>et</strong></span> <span class='ocrx_word' id='word_1_106' title='bbox 429 1932 580 2020; x_wconf 89' lang='lat' dir='ltr'><strong>muliere,</strong></span> <span class='ocrx_word' id='word_1_107' title='bbox 597 1933 801 2033; x_wconf 81' lang='lat' dir='ltr'><strong>inseruitque</strong></span> <span class='ocrx_word' id='word_1_108' title='bbox 814 1932 933 2007; x_wconf 86' lang='lat' dir='ltr'><strong>canoni</strong></span> <span class='ocrx_word' id='word_1_109' title='bbox 947 1934 1004 2006; x_wconf 86' lang='lat' dir='ltr'><strong>lll.</strong></span> <span class='ocrx_word' id='word_1_110' title='bbox 1016 1933 1077 2007; x_wconf 90' lang='lat' dir='ltr'><strong>rite</strong></span> <span class='ocrx_word' id='word_1_111' title='bbox 1089 1933 1284 2032; x_wconf 82' lang='lat' dir='ltr'><strong>exponendo</strong></span> <span class='ocrx_word' id='word_1_112' title='bbox 1295 1935 1409 2027; x_wconf 84' lang='lat' dir='ltr'><strong>(itt).</strong></span> 
     </span>
    </p>
   </div>
   <div class='ocr_carea' id='block_1_3' title="bbox 789 2188 920 2287">
    <p class='ocr_par' dir='ltr' id='par_1_4' title="bbox 789 2188 920 2287">
     <span class='ocr_line' id='line_1_15' title="bbox 789 2188 920 2287; baseline -0.023 -26"><span class='ocrx_word' id='word_1_113' title='bbox 789 2190 825 2287; x_wconf 69' lang='lat' dir='ltr'><strong>p</strong></span> <span class='ocrx_word' id='word_1_114' title='bbox 846 2188 920 2261; x_wconf 85' lang='lat' dir='ltr'><strong>xn.</strong></span> 
     </span>
    </p>
   </div>
   <div class='ocr_carea' id='block_1_4' title="bbox 668 2421 1037 2485">
    <p class='ocr_par' dir='ltr' id='par_1_5' title="bbox 668 2421 1037 2485">
     <span class='ocr_line' id='line_1_16' title="bbox 668 2421 1037 2485; baseline 0 -14"><span class='ocrx_word' id='word_1_115' title='bbox 668 2425 704 2472; x_wconf 85' lang='lat' dir='ltr'><strong>De</strong></span> <span class='ocrx_word' id='word_1_116' title='bbox 717 2434 738 2471; x_wconf 85' lang='lat' dir='ltr'><strong>s.</strong></span> <span class='ocrx_word' id='word_1_117' title='bbox 750 2421 870 2485; x_wconf 77' lang='lat' dir='ltr'><strong>Gregorio</strong></span> <span class='ocrx_word' id='word_1_118' title='bbox 883 2421 1037 2472; x_wconf 76' lang='lat' dir='ltr'><strong>nazianzeno.</strong></span> 
     </span>
    </p>
   </div>
   <div class='ocr_carea' id='block_1_5' title="bbox 239 2622 1413 3871">
    <p class='ocr_par' dir='ltr' id='par_1_6' title="bbox 299 2622 1413 3293">
     <span class='ocr_line' id='line_1_17' title="bbox 372 2622 1413 2720; baseline 0.004 -27"><span class='ocrx_word' id='word_1_119' title='bbox 372 2622 509 2696; x_wconf 89' lang='lat' dir='ltr'><strong>Brevius</strong></span> <span class='ocrx_word' id='word_1_120' title='bbox 530 2622 737 2696; x_wconf 86' lang='lat' dir='ltr'><strong>disseremus</strong></span> <span class='ocrx_word' id='word_1_121' title='bbox 762 2622 805 2696; x_wconf 91' lang='lat' dir='ltr'><strong>de</strong></span> <span class='ocrx_word' id='word_1_122' title='bbox 822 2650 852 2696; x_wconf 90' lang='lat' dir='ltr'><strong>s.</strong></span> <span class='ocrx_word' id='word_1_123' title='bbox 875 2622 1031 2719; x_wconf 78' lang='lat' dir='ltr'><strong>Gregorio</strong></span> <span class='ocrx_word' id='word_1_124' title='bbox 1058 2622 1263 2696; x_wconf 79' lang='lat' dir='ltr'><strong>nazianzeno</strong></span> <span class='ocrx_word' id='word_1_125' title='bbox 1288 2643 1413 2720; x_wconf 80' lang='lat' dir='ltr'><strong>cogno-</strong></span> 
     </span>
     <span class='ocr_line' id='line_1_18' title="bbox 301 2734 1410 2834; baseline 0.005 -28"><span class='ocrx_word' id='word_1_126' title='bbox 301 2753 412 2809; x_wconf 92' lang='lat' dir='ltr'><strong>mento</strong></span> <span class='ocrx_word' id='word_1_127' title='bbox 434 2735 588 2834; x_wconf 79' lang='lat' dir='ltr'><strong>theologo</strong></span> <span class='ocrx_word' id='word_1_128' title='bbox 604 2763 634 2810; x_wconf 92' lang='lat' dir='ltr'><strong>s.</strong></span> <span class='ocrx_word' id='word_1_129' title='bbox 656 2737 770 2810; x_wconf 81' lang='lat' dir='ltr'><strong>Basilii</strong></span> <span class='ocrx_word' id='word_1_130' title='bbox 797 2736 889 2810; x_wconf 88' lang='lat' dir='ltr'><strong>socie</strong></span> <span class='ocrx_word' id='word_1_131' title='bbox 913 2752 947 2809; x_wconf 93' lang='lat' dir='ltr'><strong>et</strong></span> <span class='ocrx_word' id='word_1_132' title='bbox 970 2736 1089 2809; x_wconf 85' lang='lat' dir='ltr'><strong>amico.</strong></span> <span class='ocrx_word' id='word_1_133' title='bbox 1111 2734 1245 2808; x_wconf 90' lang='lat' dir='ltr'><strong>Nullum</strong></span> <span class='ocrx_word' id='word_1_134' title='bbox 1269 2736 1410 2811; x_wconf 90' lang='lat' dir='ltr'><strong>dubium</strong></span> 
     </span>
     <span class='ocr_line' id='line_1_19' title="bbox 300 2851 1411 2950; baseline 0.002 -28"><span class='ocrx_word' id='word_1_135' title='bbox 300 2851 381 2948; x_wconf 91' lang='lat' dir='ltr'><strong>quin</strong></span> <span class='ocrx_word' id='word_1_136' title='bbox 410 2851 485 2950; x_wconf 81' lang='lat' dir='ltr'><strong>ipse</strong></span> <span class='ocrx_word' id='word_1_137' title='bbox 499 2851 684 2925; x_wconf 84' lang='lat' dir='ltr'><strong>doctrinam</strong></span> <span class='ocrx_word' id='word_1_138' title='bbox 702 2851 744 2925; x_wconf 92' lang='lat' dir='ltr'><strong>de</strong></span> <span class='ocrx_word' id='word_1_139' title='bbox 761 2851 1059 2926; x_wconf 87' lang='lat' dir='ltr'><strong>indissolubilitate</strong></span> <span class='ocrx_word' id='word_1_140' title='bbox 1076 2851 1262 2948; x_wconf 80' lang='lat' dir='ltr'><strong>coniugalis</strong></span> <span class='ocrx_word' id='word_1_141' title='bbox 1287 2854 1411 2926; x_wconf 80' lang='lat' dir='ltr'><strong>vinculi</strong></span> 
     </span>
     <span class='ocr_line' id='line_1_20' title="bbox 301 2963 1413 3065; baseline 0.004 -32"><span class='ocrx_word' id='word_1_142' title='bbox 301 2964 336 3033; x_wconf 94' lang='lat' dir='ltr'><strong>in</strong></span> <span class='ocrx_word' id='word_1_143' title='bbox 361 2989 442 3037; x_wconf 85' lang='lat' dir='ltr'><strong>casu</strong></span> <span class='ocrx_word' id='word_1_144' title='bbox 468 2963 623 3038; x_wconf 86' lang='lat' dir='ltr'><strong>adulterii</strong></span> <span class='ocrx_word' id='word_1_145' title='bbox 649 2966 919 3065; x_wconf 75' lang='lat' dir='ltr'><strong>propugnaverit.</strong></span> <span class='ocrx_word' id='word_1_146' title='bbox 948 2965 1020 3038; x_wconf 88' lang='lat' dir='ltr'><strong>Hae</strong></span> <span class='ocrx_word' id='word_1_147' title='bbox 1045 2964 1089 3038; x_wconf 91' lang='lat' dir='ltr'><strong>de</strong></span> <span class='ocrx_word' id='word_1_148' title='bbox 1117 2991 1221 3038; x_wconf 88' lang='lat' dir='ltr'><strong>causa</strong></span> <span class='ocrx_word' id='word_1_149' title='bbox 1243 2966 1413 3039; x_wconf 88' lang='lat' dir='ltr'><strong>invehitur</strong></span> 
     </span>
     <span class='ocr_line' id='line_1_21' title="bbox 301 3076 1413 3179; baseline 0.007 -32"><span class='ocrx_word' id='word_1_150' title='bbox 301 3077 335 3147; x_wconf 92' lang='lat' dir='ltr'><strong>in</strong></span> <span class='ocrx_word' id='word_1_151' title='bbox 352 3076 443 3174; x_wconf 77' lang='lat' dir='ltr'><strong>leges</strong></span> <span class='ocrx_word' id='word_1_152' title='bbox 460 3077 590 3166; x_wconf 85' lang='lat' dir='ltr'><strong>civiles,</strong></span> <span class='ocrx_word' id='word_1_153' title='bbox 608 3105 695 3178; x_wconf 87' lang='lat' dir='ltr'><strong>quae</strong></span> <span class='ocrx_word' id='word_1_154' title='bbox 715 3105 753 3153; x_wconf 93' lang='lat' dir='ltr'><strong>se</strong></span> <span class='ocrx_word' id='word_1_155' title='bbox 770 3106 808 3153; x_wconf 88' lang='lat' dir='ltr'><strong>se</strong></span> <span class='ocrx_word' id='word_1_156' title='bbox 825 3079 1087 3178; x_wconf 80' lang='lat' dir='ltr'><strong>indulgentiores</strong></span> <span class='ocrx_word' id='word_1_157' title='bbox 1105 3078 1316 3155; x_wconf 78' lang='lat' dir='ltr'><strong>exhibuerint</strong></span> <span class='ocrx_word' id='word_1_158' title='bbox 1331 3107 1413 3179; x_wconf 81' lang='lat' dir='ltr'><strong>erga</strong></span> 
     </span>
     <span class='ocr_line' id='line_1_22' title="bbox 299 3191 1012 3293; baseline 0.001 -28"><span class='ocrx_word' id='word_1_159' title='bbox 299 3191 408 3279; x_wconf 83' lang='lat' dir='ltr'><strong>viros,</strong></span> <span class='ocrx_word' id='word_1_160' title='bbox 430 3194 614 3268; x_wconf 76' lang='lat' dir='ltr'><strong>severiores</strong></span> <span class='ocrx_word' id='word_1_161' title='bbox 637 3221 716 3269; x_wconf 79' lang='lat' dir='ltr'><strong>vero</strong></span> <span class='ocrx_word' id='word_1_162' title='bbox 740 3222 820 3293; x_wconf 81' lang='lat' dir='ltr'><strong>erga</strong></span> <span class='ocrx_word' id='word_1_163' title='bbox 842 3195 1012 3270; x_wconf 90' lang='lat' dir='ltr'><strong>mulieres.</strong></span> 
     </span>
    </p>

    <p class='ocr_par' dir='ltr' id='par_1_7' title="bbox 239 3307 1413 3871">
     <span class='ocr_line' id='line_1_23' title="bbox 373 3307 1413 3409; baseline 0.006 -31"><span class='ocrx_word' id='word_1_164' title='bbox 373 3307 428 3380; x_wconf 89' lang='lat' dir='ltr'><strong>Sic</strong></span> <span class='ocrx_word' id='word_1_165' title='bbox 453 3308 543 3380; x_wconf 92' lang='lat' dir='ltr'><strong>enim</strong></span> <span class='ocrx_word' id='word_1_166' title='bbox 570 3308 718 3407; x_wconf 90' lang='lat' dir='ltr'><strong>loquitur</strong></span> <span class='ocrx_word' id='word_1_167' title='bbox 734 3311 885 3385; x_wconf 83' lang='lat' dir='ltr'><strong>oratione</strong></span> <span class='ocrx_word' id='word_1_168' title='bbox 905 3311 1020 3382; x_wconf 81' lang='lat' dir='ltr'><strong>xxxi.</strong></span> <span class='ocrx_word' id='word_1_169' title='bbox 1045 3309 1170 3382; x_wconf 76' lang='lat' dir='ltr'><strong>«Circa</strong></span> <span class='ocrx_word' id='word_1_170' title='bbox 1188 3309 1276 3382; x_wconf 90' lang='lat' dir='ltr'><strong>hanc</strong></span> <span class='ocrx_word' id='word_1_171' title='bbox 1296 3315 1413 3409; x_wconf 89' lang='lat' dir='ltr'><strong>(quae-</strong></span> 
     </span>
     <span class='ocr_line' id='line_1_24' title="bbox 239 3420 1412 3521; baseline 0.003 -28"><span class='ocrx_word' id='word_1_172' title='bbox 239 3430 243 3437; x_wconf 87' lang='lat'>&#39;</span> <span class='ocrx_word' id='word_1_173' title='bbox 300 3420 462 3514; x_wconf 77' lang='lat' dir='ltr'><strong>ctionem)</strong></span> <span class='ocrx_word' id='word_1_174' title='bbox 492 3420 671 3521; x_wconf 89' lang='lat' dir='ltr'><strong>plemsque</strong></span> <span class='ocrx_word' id='word_1_175' title='bbox 696 3423 781 3497; x_wconf 87' lang='lat' dir='ltr'><strong>male</strong></span> <span class='ocrx_word' id='word_1_176' title='bbox 806 3424 945 3498; x_wconf 82' lang='lat' dir='ltr'><strong>allectos</strong></span> <span class='ocrx_word' id='word_1_177' title='bbox 970 3448 1087 3511; x_wconf 88' lang='lat' dir='ltr'><strong>cerno,</strong></span> <span class='ocrx_word' id='word_1_178' title='bbox 1112 3448 1152 3497; x_wconf 87' lang='lat' dir='ltr'><strong>ac</strong></span> <span class='ocrx_word' id='word_1_179' title='bbox 1174 3422 1280 3520; x_wconf 82' lang='lat' dir='ltr'><strong>legem</strong></span> <span class='ocrx_word' id='word_1_180' title='bbox 1297 3450 1412 3497; x_wconf 90' lang='lat' dir='ltr'><strong>eorum</strong></span> 
     </span>
     <span class='ocr_line' id='line_1_25' title="bbox 301 3537 1413 3637; baseline 0.004 -29"><span class='ocrx_word' id='word_1_181' title='bbox 301 3537 464 3637; x_wconf 85' lang='lat' dir='ltr'><strong>iniquam,</strong></span> <span class='ocrx_word' id='word_1_182' title='bbox 489 3564 551 3611; x_wconf 90' lang='lat' dir='ltr'><strong>nec</strong></span> <span class='ocrx_word' id='word_1_183' title='bbox 575 3538 641 3612; x_wconf 89' lang='lat' dir='ltr'><strong>sibi</strong></span> <span class='ocrx_word' id='word_1_184' title='bbox 667 3557 887 3614; x_wconf 83' lang='lat' dir='ltr'><strong>constantem.</strong></span> <span class='ocrx_word' id='word_1_185' title='bbox 905 3541 994 3627; x_wconf 82' lang='lat' dir='ltr'><strong>Quid</strong></span> <span class='ocrx_word' id='word_1_186' title='bbox 1012 3541 1102 3614; x_wconf 93' lang='lat' dir='ltr'><strong>enim</strong></span> <span class='ocrx_word' id='word_1_187' title='bbox 1119 3567 1241 3614; x_wconf 88' lang='lat' dir='ltr'><strong>causae</strong></span> <span class='ocrx_word' id='word_1_188' title='bbox 1259 3541 1333 3628; x_wconf 84' lang='lat' dir='ltr'><strong>luit,</strong></span> <span class='ocrx_word' id='word_1_189' title='bbox 1353 3568 1413 3614; x_wconf 89' lang='lat' dir='ltr'><strong>eur</strong></span> 
     </span>
     <span class='ocr_line' id='line_1_26' title="bbox 301 3653 1413 3755; baseline 0.004 -32"><span class='ocrx_word' id='word_1_190' title='bbox 301 3653 475 3726; x_wconf 88' lang='lat' dir='ltr'><strong>mulierem</strong></span> <span class='ocrx_word' id='word_1_191' title='bbox 500 3669 681 3743; x_wconf 72' lang='lat' dir='ltr'><strong>coerceret,</strong></span> <span class='ocrx_word' id='word_1_192' title='bbox 704 3658 826 3731; x_wconf 87' lang='lat' dir='ltr'><strong>marito</strong></span> <span class='ocrx_word' id='word_1_193' title='bbox 852 3673 968 3732; x_wconf 84' lang='lat' dir='ltr'><strong>contra</strong></span> <span class='ocrx_word' id='word_1_194' title='bbox 999 3655 1187 3753; x_wconf 77' lang='lat' dir='ltr'><strong>indulgeret</strong></span> <span class='ocrx_word' id='word_1_195' title='bbox 1203 3683 1347 3755; x_wconf 90' lang='lat' dir='ltr'><strong>eumque</strong></span> <span class='ocrx_word' id='word_1_196' title='bbox 1372 3656 1413 3728; x_wconf 91' lang='lat' dir='ltr'><strong>li-</strong></span> 
     </span>
     <span class='ocr_line' id='line_1_27' title="bbox 301 3766 1412 3871; baseline 0.006 -35"><span class='ocrx_word' id='word_1_197' title='bbox 301 3766 418 3839; x_wconf 88' lang='lat' dir='ltr'><strong>hernm</strong></span> <span class='ocrx_word' id='word_1_198' title='bbox 452 3768 678 3868; x_wconf 79' lang='lat' dir='ltr'><strong>relinqueret?</strong></span> <span class='ocrx_word' id='word_1_199' title='bbox 707 3772 749 3844; x_wconf 86' lang='lat' dir='ltr'><strong>Et</strong></span> <span class='ocrx_word' id='word_1_200' title='bbox 774 3770 894 3845; x_wconf 86' lang='lat' dir='ltr'><strong>mulier</strong></span> <span class='ocrx_word' id='word_1_201' title='bbox 920 3771 1075 3871; x_wconf 88' lang='lat' dir='ltr'><strong>quidem,</strong></span> <span class='ocrx_word' id='word_1_202' title='bbox 1107 3797 1195 3870; x_wconf 88' lang='lat' dir='ltr'><strong>quae</strong></span> <span class='ocrx_word' id='word_1_203' title='bbox 1222 3771 1412 3871; x_wconf 91' lang='lat' dir='ltr'><strong>improbum</strong></span> 
     </span>
    </p>
   </div>
   <div class='ocr_carea' id='block_1_6' title="bbox 299 4033 1414 4416">
    <p class='ocr_par' dir='ltr' id='par_1_8' title="bbox 300 4033 1411 4254">
     <span class='ocr_line' id='line_1_28' title="bbox 372 4033 1410 4101; baseline 0.003 -18"><span class='ocrx_word' id='word_1_204' title='bbox 372 4033 438 4095; x_wconf 82' lang='lat' dir='ltr'><strong>(tut)</strong></span> <span class='ocrx_word' id='word_1_205' title='bbox 453 4034 578 4084; x_wconf 86' lang='lat' dir='ltr'><strong>immerito</strong></span> <span class='ocrx_word' id='word_1_206' title='bbox 596 4034 670 4097; x_wconf 79' lang='lat' dir='ltr'><strong>igitur</strong></span> <span class='ocrx_word' id='word_1_207' title='bbox 688 4036 806 4098; x_wconf 77' lang='lat' dir='ltr'><strong>Bingham</strong></span> <span class='ocrx_word' id='word_1_208' title='bbox 828 4039 927 4098; x_wconf 68' lang='lat' dir='ltr'><strong>orteia.</strong></span> <span class='ocrx_word' id='word_1_209' title='bbox 948 4037 1092 4088; x_wconf 71' lang='lat' dir='ltr'><strong>centenari.</strong></span> <span class='ocrx_word' id='word_1_210' title='bbox 1111 4036 1154 4086; x_wconf 86' lang='lat' dir='ltr'><strong>lib.</strong></span> <span class='ocrx_word' id='word_1_211' title='bbox 1171 4039 1248 4088; x_wconf 76' lang='lat' dir='ltr'><strong>xxti.</strong></span> <span class='ocrx_word' id='word_1_212' title='bbox 1265 4051 1288 4087; x_wconf 88' lang='lat' dir='ltr'><strong>c.</strong></span> <span class='ocrx_word' id='word_1_213' title='bbox 1305 4046 1328 4088; x_wconf 86' lang='lat'><strong>5.</strong></span> <span class='ocrx_word' id='word_1_214' title='bbox 1343 4036 1366 4101; x_wconf 84' lang='lat'><strong>§.</strong></span> <span class='ocrx_word' id='word_1_215' title='bbox 1389 4044 1410 4087; x_wconf 87' lang='lat' dir='ltr'><strong>t.</strong></span> 
     </span>
     <span class='ocr_line' id='line_1_29' title="bbox 301 4115 1411 4179; baseline 0.005 -18"><span class='ocrx_word' id='word_1_216' title='bbox 301 4125 355 4175; x_wconf 82' lang='lat' dir='ltr'><strong>pag.</strong></span> <span class='ocrx_word' id='word_1_217' title='bbox 369 4120 422 4163; x_wconf 75' lang='lat'><strong>352.</strong></span> <span class='ocrx_word' id='word_1_218' title='bbox 438 4115 576 4177; x_wconf 84' lang='lat' dir='ltr'><strong>Leunoius,</strong></span> <span class='ocrx_word' id='word_1_219' title='bbox 596 4117 681 4179; x_wconf 80' lang='lat' dir='ltr'><strong>eniri,</strong></span> <span class='ocrx_word' id='word_1_220' title='bbox 700 4119 781 4167; x_wconf 80' lang='lat' dir='ltr'><strong>Brenn</strong></span> <span class='ocrx_word' id='word_1_221' title='bbox 800 4120 847 4167; x_wconf 86' lang='lat' dir='ltr'><strong>eie.</strong></span> <span class='ocrx_word' id='word_1_222' title='bbox 865 4117 928 4168; x_wconf 84' lang='lat' dir='ltr'><strong>inter</strong></span> <span class='ocrx_word' id='word_1_223' title='bbox 944 4117 1098 4168; x_wconf 79' lang='lat' dir='ltr'><strong>adversarios</strong></span> <span class='ocrx_word' id='word_1_224' title='bbox 1118 4117 1340 4169; x_wconf 85' lang='lat' dir='ltr'><strong>indissolubiiltatis</strong></span> <span class='ocrx_word' id='word_1_225' title='bbox 1355 4131 1411 4167; x_wconf 91' lang='lat' dir='ltr'><strong>con·</strong></span> 
     </span>
     <span class='ocr_line' id='line_1_30' title="bbox 300 4194 957 4254; baseline 0.011 -13"><span class='ocrx_word' id='word_1_226' title='bbox 300 4194 388 4254; x_wconf 79' lang='lat' dir='ltr'><strong>iugalis</strong></span> <span class='ocrx_word' id='word_1_227' title='bbox 408 4195 512 4245; x_wconf 85' lang='lat' dir='ltr'><strong>iocderis</strong></span> <span class='ocrx_word' id='word_1_228' title='bbox 534 4209 554 4245; x_wconf 83' lang='lat' dir='ltr'><strong>s.</strong></span> <span class='ocrx_word' id='word_1_229' title='bbox 568 4196 685 4248; x_wconf 84' lang='lat' dir='ltr'><strong>Basiliom</strong></span> <span class='ocrx_word' id='word_1_230' title='bbox 704 4201 806 4248; x_wconf 83' lang='lat' dir='ltr'><strong>orantes</strong></span> <span class='ocrx_word' id='word_1_231' title='bbox 825 4202 957 4249; x_wconf 83' lang='lat' dir='ltr'><strong>recensent.</strong></span> 
     </span>
    </p>

    <p class='ocr_par' dir='ltr' id='par_1_9' title="bbox 299 4275 1414 4416">
     <span class='ocr_line' id='line_1_31' title="bbox 376 4275 1414 4344; baseline 0.007 -22"><span class='ocrx_word' id='word_1_232' title='bbox 376 4276 442 4336; x_wconf 80' lang='lat' dir='ltr'><strong>(tut)</strong></span> <span class='ocrx_word' id='word_1_233' title='bbox 456 4275 495 4323; x_wconf 83' lang='lat' dir='ltr'><strong>ct.</strong></span> <span class='ocrx_word' id='word_1_234' title='bbox 513 4275 662 4338; x_wconf 58' lang='lat' dir='ltr'><strong>lucedium,</strong></span> <span class='ocrx_word' id='word_1_235' title='bbox 684 4276 729 4340; x_wconf 91' lang='lat' dir='ltr'><strong>qui</strong></span> <span class='ocrx_word' id='word_1_236' title='bbox 747 4277 794 4327; x_wconf 83' lang='lat' dir='ltr'><strong>loc.</strong></span> <span class='ocrx_word' id='word_1_237' title='bbox 815 4278 858 4328; x_wconf 88' lang='lat' dir='ltr'><strong>cit.</strong></span> <span class='ocrx_word' id='word_1_238' title='bbox 877 4291 897 4328; x_wconf 87' lang='lat' dir='ltr'><strong>s.</strong></span> <span class='ocrx_word' id='word_1_239' title='bbox 915 4278 998 4329; x_wconf 73' lang='lat' dir='ltr'><strong>mettii</strong></span> <span class='ocrx_word' id='word_1_240' title='bbox 1019 4279 1187 4330; x_wconf 85' lang='lat' dir='ltr'><strong>testimoninm</strong></span> <span class='ocrx_word' id='word_1_241' title='bbox 1211 4291 1414 4344; x_wconf 78' lang='lat' dir='ltr'><strong>quaquaversus</strong></span> 
     </span>
     <span class='ocr_line' id='line_1_32' title="bbox 299 4345 1104 4416; baseline 0.009 -13"><span class='ocrx_word' id='word_1_242' title='bbox 299 4345 432 4416; x_wconf 78' lang='lat' dir='ltr'><strong>expendit,</strong></span> <span class='ocrx_word' id='word_1_243' title='bbox 449 4354 494 4404; x_wconf 84' lang='lat' dir='ltr'><strong>etsi</strong></span> <span class='ocrx_word' id='word_1_244' title='bbox 516 4355 637 4406; x_wconf 86' lang='lat' dir='ltr'><strong>interdum</strong></span> <span class='ocrx_word' id='word_1_245' title='bbox 657 4369 706 4406; x_wconf 92' lang='lat' dir='ltr'><strong>non</strong></span> <span class='ocrx_word' id='word_1_246' title='bbox 730 4357 788 4406; x_wconf 79' lang='lat' dir='ltr'><strong>entis</strong></span> <span class='ocrx_word' id='word_1_247' title='bbox 808 4357 920 4408; x_wconf 85' lang='lat' dir='ltr'><strong>criticum</strong></span> <span class='ocrx_word' id='word_1_248' title='bbox 935 4373 961 4410; x_wconf 87' lang='lat' dir='ltr'><strong>se</strong></span> <span class='ocrx_word' id='word_1_249' title='bbox 982 4359 1104 4410; x_wconf 78' lang='lat' dir='ltr'><strong>exiribeat.</strong></span> 
     </span>
    </p>
   </div>
   <div class='ocr_carea' id='block_1_7' title="bbox 0 0 1622 5084">
    <p class='ocr_par' dir='ltr' id='par_1_10' title="bbox 0 0 1622 5084">
     <span class='ocr_line' id='line_1_33' title="bbox 0 0 1622 5084; baseline 0 0"><span class='ocrx_word' id='word_1_250' title='bbox 0 0 1622 5084; x_wconf 95' lang='lat' dir='ltr'><strong> </strong></span> 
     </span>
    </p>
   </div>
  </div>
 </body>
</html>
