3234 5084
290 462 358 510 err.
376 460 410 509 u.
429 460 467 508 nn
481 458 594 508 rnnrss.
611 459 708 508 nura.
726 457 991 537 incrusurum.
1009 461 1080 509 rar.
1099 462 1121 509 r.
1204 440 1274 510 175

156 582 235 677 cipit
256 603 415 661 umorem,
444 576 628 648 moechatur
654 577 760 673 inquit
781 575 985 671 (Christus)
1010 578 1099 672 (30).
1119 607 1137 645 n
1158 577 1277 663 Quoad

156 719 294 768 sensum
307 717 386 765 vero
399 690 552 764 eamdem
566 691 765 764 septemium
780 692 906 790 profert
925 691 1088 790 Origenes
1105 693 1187 766 dum
1209 695 1273 767 ait:

159 807 485 894 «Quemadmodum
510 821 621 879 autern
652 805 803 880 adultera
830 822 882 881 est
907 833 1013 895 uxor,
1041 809 1173 882 etiamsi
1205 810 1278 883 uiro

155 922 250 996 alteri
278 938 383 1021 nupta
406 920 577 1007 videatur,
607 921 717 1019 priore
734 922 917 993 etiamnum
936 923 1033 1009 vivo;
1056 924 1102 997 ita
1119 939 1151 996 et
1167 924 1277 997 virum

157 1038 368 1137 repudiatam
382 1035 520 1110 duxisse
537 1036 670 1121 visum,
692 1062 758 1110 non
776 1050 844 1109 tam
863 1037 972 1137 ipsius
990 1039 1159 1125 maritum,
1175 1066 1278 1140 quarn

158 1153 346 1228 adulterum
372 1177 449 1225 esse
473 1151 653 1224 dicendum
681 1177 701 1223 a
728 1152 901 1225 servatore
927 1170 1040 1228 nostro
1071 1153 1279 1229 demonstra·

157 1284 227 1342 tum
253 1283 307 1342 est
335 1269 462 1364 (31).»

228 1386 284 1457 Sic
309 1384 409 1457 etiam
432 1382 575 1456 latemur
598 1382 765 1456 interdurn
792 1408 854 1482 pro
880 1369 912 1451 el
934 1369 985 1476 pti
1014 1370 1072 1453 tel
1102 1383 1276 1482 πορνείας

156 1529 177 1575 a
201 1500 373 1576 nonnullis
398 1498 567 1573 veteribus
598 1496 683 1572 dici:
721 1484 908 1594 παρεκτὸς
935 1484 1065 1598 λόγου
1091 1495 1276 1599 πορνείας.

155 1618 276 1690 Verum
302 1616 336 1688 id
350 1614 461 1688 effecit
485 1614 660 1712 utriusque
679 1627 786 1686 textus
804 1612 922 1687 March.
942 1614 979 1685 V.
1003 1616 1061 1688 33.
1080 1632 1113 1689 et
1130 1615 1216 1687 xlx.
1240 1620 1274 1688 3.

158 1730 348 1804 similitudo
372 1747 405 1803 et
426 1728 588 1801 identitas
615 1727 815 1825 argumenti.
838 1727 989 1804 Ceterum
1008 1730 1200 1804 criticorum
1226 1747 1279 1806 est

156 1873 219 1920 sua
245 1846 370 1945 cuique
395 1844 499 1917 textui
527 1841 630 1915 verbu
658 1841 831 1915 vindicare
855 1859 889 1916 et
918 1843 1095 1920 collatione
1124 1847 1276 1921 codicum

157 1979 193 2036 et
216 1961 409 2035 versionum
436 1959 668 2059 antiquarum,
697 1958 969 2057 testimoniisque
992 1977 1139 2034 veterum
1161 1964 1249 2059 (32).

237 2080 271 2150 3.
300 2076 442 2149 Etiamsi
473 2073 704 2147 admitteretur
729 2072 927 2172 particulam
956 2076 1215 2150 conditionalem
1242 2065 1275 2147 sl

155 2193 314 2265 siluisse
338 2190 524 2274 adiectam,
553 2187 637 2259 nihil
663 2202 774 2259 tamen
800 2187 913 2286 quoad
940 2214 1078 2264 sensum
1105 2192 1275 2266 amittere-

157 2326 231 2394 tur,
261 2332 336 2381 cum
362 2306 491 2401 integer
515 2302 704 2389 subsistat,
725 2303 798 2375 sive
820 2301 879 2376 illa
897 2304 1061 2401 particula
1085 2306 1280 2382 admittatur

157 2424 229 2497 sive
254 2420 436 2495 reiiciatur.
465 2419 591 2491 Eodem
617 2417 775 2490 nimirum
798 2443 853 2491 res
880 2418 1008 2494 recidit.
1045 2422 1146 2496 Porro
1173 2449 1213 2495 ex
1238 2449 1278 2497 eo

158 2538 250 2640 quod
276 2537 310 2608 in
336 2534 489 2635 pluribus
515 2532 689 2608 codicibus
715 2532 800 2607 haec
824 2533 989 2633 particula
1014 2537 1126 2625 desit,
1164 2564 1279 2612 reeen-

158 2653 261 2727 tiores
279 2649 384 2724 critici
404 2663 624 2749 protestantes
646 2647 680 2718 in
701 2646 773 2721 suis
800 2649 1055 2725 recensionibus
1080 2650 1277 2752 plerumque

157 2795 232 2842 eam
253 2781 468 2866 expungunt,
494 2780 533 2837 ut
551 2762 811 2849 Griesbachius,
830 2780 864 2836 et
880 2764 1060 2838 Tittmann.
1083 2767 1148 2839 Alii
1166 2783 1277 2842 autem

157 2909 233 2957 earn
252 2882 415 2967 retinent,
435 2880 485 2952 uti
502 2877 729 2963 Wetstenius,
751 2879 799 2951 lo.
822 2877 1016 2976 Gregorius,
1039 2881 1162 2956 Millius
1183 2886 1273 2980 (33).

157 2998 302 3071 Rursum
328 3022 349 3068 a
373 2990 543 3069 veteribus
568 2991 751 3065 identidem
782 3017 859 3065 cum
889 2994 1106 3070 conditionali
1132 2998 1273 3096 legitur,

158 3130 196 3186 ut
219 3112 309 3214 apud
335 3110 539 3185 Clementem
560 3108 647 3183 alex.
676 3107 830 3208 aliosque
855 3111 1003 3209 passim,
1032 3111 1076 3185 ab
1097 3113 1174 3188 aliis
1199 3138 1279 3189 vero

160 3226 443 3327 praetermittitur.
473 3222 568 3310 Quae
592 3246 669 3295 oum
695 3222 742 3295 ita
767 3221 857 3309 sint,
885 3248 962 3295 cum
996 3225 1029 3298 in
1063 3229 1279 3326 possessione

160 3343 205 3418 sit
228 3343 364 3440 vulgata
388 3338 518 3427 editio,
547 3337 680 3411 retineri
706 3364 746 3410 ea
771 3338 909 3411 omnino
936 3338 1054 3428 debet,
1089 3366 1150 3415 nec
1179 3342 1279 3441 quid-

160 3460 251 3559 pianr
278 3475 401 3532 temere
427 3453 669 3527 innovandum.

236 3618 286 3682 (30)
299 3620 356 3669 Lot.
368 3616 410 3667 cll.
420 3614 460 3666 ed.
473 3617 552 3665 Oxou.
570 3612 661 3663 Pollerl
676 3616 743 3663 17⁰5.
757 3624 812 3675 pag.
829 3619 883 3664 503.
901 3606 933 3660 '0
954 3609 981 3661 δι’
994 3608 1193 3681 ἀπολελυμένην
1212 3616 1281 3681 λαμ-

156 3690 238 3756 βάνω
251 3693 376 3761 punctim,
386 3689 519 3761 μαχεῖται,
531 3685 624 3758 penit.
640 3693 695 3741 Non
713 3691 787 3741 rtdeo
796 3692 936 3755 posthaec,
949 3695 1074 3756 quomodo
1089 3697 1121 3748 cl.
1143 3696 1288 3761 nouortny

156 3781 285 3831 contentus
304 3778 379 3829 luerit
397 3790 505 3829 usonem
522 3775 603 3825 solum
624 3771 706 3837 quoad
717 3785 817 3822 mosum
832 3773 891 3821 haec
903 3772 978 3824 verba
995 3778 1147 3829 actemente
1159 3778 1277 3829 exhiheri.

236 3858 287 3919 (31)
305 3861 336 3908 ln
354 3856 452 3908 Malta.
472 3859 534 3906 torn.
549 3856 613 3904 m.
632 3865 657 3901 n.
673 3856 711 3902 nt.
725 3851 765 3901 ed.
776 3852 820 3901 cit.
832 3853 893 3902 tom.
907 3855 951 3903 ΙΙΙ.
964 3868 987 3917 p.
1001 3860 1056 3907 649.
1073 3856 1179 3907 Aduolat
1198 3861 1278 3908 autem

160 3938 333 3989 Griesbactrlus
357 3938 432 3989 ruba
456 3937 517 3987 lraec
543 3937 642 3998 propter
667 3931 867 4003 ὀμοιοτέλευτον
889 3943 905 3979 a
927 3931 1034 3986 iterante
1057 3937 1083 3987 in
1103 3937 1189 3988 multis
1211 3937 1280 3988 llbn's

159 4030 249 4068 omresa
259 4030 320 4069 esse.

236 4100 287 4158 (33)
303 4096 341 4147 ld.
360 4098 426 4148 enim
448 4098 474 4146 in
494 4110 542 4147 non
564 4098 648 4162 paucis
661 4097 770 4148 mutibus
788 4111 804 4147 a
821 4097 889 4148 sanis
908 4095 1002 4147 criticis
1020 4095 1163 4159 praestitura
1179 4097 1224 4146 est.

235 4178 285 4240 (33)
301 4177 444 4227 etiterum
460 4177 662 4228 hachtmannum
682 4179 707 4228 in
726 4191 780 4241 cap.
798 4179 861 4228 xlx.
878 4186 901 4229 tt.
924 4177 1011 4227 matth.
1024 4176 1049 4226 ln
1070 4176 1141 4227 culus
1158 4179 1226 4227 textu
1242 4191 1279 4240 gr.

158 4258 257 4321 legitur:
279 4250 407 4323 παρεκτὸς
426 4247 508 4319 λόγου
528 4248 662 4322 πορνείας,
680 4259 870 4321 ouaetranslatn
882 4259 931 4308 hoc
942 4259 1000 4307 sunt
1011 4270 1040 4307 er
1052 4260 1179 4321 nepveu.
1195 4259 1223 4307 ln
1237 4270 1279 4305 va·

162 4338 280 4388 nitatibus
305 4339 387 4388 autem
408 4335 530 4387 interdurn
547 4334 649 4386 liabetur
667 4332 705 4401 μή
723 4337 846 4387 interdum
860 4329 883 4383 εἰ
897 4330 934 4400 μή
951 4337 976 4386 et
987 4336 1013 4385 in
1029 4337 1139 4389 vorsloue
1159 4337 1234 4387 reteri
1250 4337 1281 4385 la·

160 4416 210 4466 tina
225 4417 329 4481 legitur:
350 4418 409 4468 Nisi
429 4416 462 4467 ob
479 4414 697 4477 fornicationne.
