3234 5084
322 446 391 520 trs
473 466 535 520 nn.
557 468 605 520 nr.
628 462 1045 518 sacramentumque.
1067 462 1162 517 mn.
1180 462 1303 517 osmer.

319 590 409 664 hano
434 587 591 663 iniustam
617 611 693 660 eum
717 583 880 659 uxoribus
904 585 979 681 suis
1005 583 1127 682 agendi
1155 584 1318 658 rationem
1340 584 1437 682 (ll).

319 700 386 776 Alii
400 728 479 777 uero
493 701 670 803 supposita
686 698 792 773 libelli
817 698 949 798 repudii
969 698 1212 799 permissione,
1235 699 1445 775 contendunt

321 819 429 892 Deum
456 844 517 918 per
541 814 739 919 prophetam
764 813 905 888 iudaeos
931 839 1072 911 arguero
1088 813 1133 887 ob
1150 813 1293 887 abusum
1320 814 1446 889 abnor-

321 960 409 1007 mem
435 933 539 1007 huius
562 931 790 1029 indulgentiae
807 956 869 1004 seu
885 930 1135 1030 permissionis,
1156 930 1204 1002 uti
1224 929 1445 1005 rabbinorum

321 1049 486 1151 plerique,
506 1064 544 1121 ut
560 1074 637 1122 mox
655 1045 859 1120 uidebimus.
883 1047 922 1118 ln
940 1062 1082 1146 utraque
1100 1045 1280 1147 hypothesi
1300 1071 1362 1120 seu
1379 1072 1445 1120 ex-

320 1166 499 1267 positione,
520 1179 613 1263 patet
628 1189 669 1235 ex
686 1162 872 1236 Malachiae
889 1177 979 1235 textu
998 1162 1093 1259 argui
1111 1161 1202 1234 haud
1221 1185 1323 1262 posse
1339 1160 1444 1235 libel-

321 1281 391 1354 lum
416 1280 548 1380 repudii
574 1304 617 1352 ee
635 1305 669 1352 se
695 1278 829 1380 eulpam
856 1277 1025 1353 involvere
1049 1303 1163 1351 eoram
1188 1279 1272 1352 Deo.

395 1393 492 1481 Quod
522 1419 610 1483 uero
627 1392 745 1467 attinet
778 1392 822 1467 ad
854 1392 923 1466 duo
954 1392 1028 1468 loca
1058 1418 1146 1494 quae
1178 1418 1218 1466 ex
1252 1392 1445 1490 Augustino

320 1511 544 1597 obiiciuntur,
573 1508 907 1582 animaduertendum
925 1524 976 1583 est
993 1537 1023 1583 s.
1045 1509 1213 1583 doctorem
1232 1508 1313 1581 dum
1331 1508 1380 1583 ait
1396 1508 1440 1581 li-

320 1626 445 1701 hellum
477 1624 610 1727 repudii
636 1624 926 1725 exprobrationem
953 1626 1066 1728 potius
1092 1624 1217 1712 luisse,
1247 1649 1349 1726 quam
1381 1652 1444 1725 ap-

320 1740 551 1845 probationem
578 1740 733 1827 divortii,
760 1739 827 1814 hon
852 1740 1046 1840 significare
1069 1738 1235 1828 voluisse,
1265 1766 1327 1841 per
1350 1738 1444 1816 libel·

319 1855 389 1930 lum
415 1854 547 1956 repudii
566 1878 633 1928 non
651 1853 758 1929 luisse
774 1854 905 1928 inlinite
920 1855 1136 1955 approbatum
1160 1853 1355 1943 diuortium,
1377 1855 1439 1929 sed

319 1971 429 2046 solum
442 1973 638 2072 permissum
654 1966 698 2044 ob
714 1969 874 2044 duritiam
891 1969 1004 2044 eordis
1016 1969 1255 2044 israelitarum.
1274 1969 1443 2057 Quando·

320 2087 458 2187 quidem
484 2108 588 2160 causa
612 2084 656 2159 oh
675 2108 777 2186 quam
803 2085 877 2186 ipse
902 2085 1007 2159 inurit
1031 2083 1213 2186 quamdam
1230 2101 1342 2159 nomm
1369 2085 1436 2187 ipsi

319 2201 452 2302 repudii
476 2200 589 2277 libello
618 2204 717 2298 (95),
737 2217 789 2275 est
813 2200 1062 2302 quodammodo
1085 2199 1220 2275 divortii
1246 2200 1356 2301 ipsius
1385 2226 1442 2273 ex-

325 2316 489 2418 probatio.
515 2316 557 2391 Et
585 2316 652 2391 hoo
675 2317 786 2418 quoad
807 2317 952 2418 priorem
970 2332 1109 2403 textnm3
1130 2315 1174 2389 ad
1192 2315 1334 2390 alterum
1351 2340 1436 2390 nero

321 2426 412 2534 quod
437 2448 583 2534 spectat,
599 2432 730 2507 facilior
753 2432 866 2507 adhue
891 2432 1068 2533 responsio
1086 2433 1252 2532 suppetit,
1272 2457 1350 2505 oum
1366 2432 1438 2508 hoe

322 2550 357 2622 in
387 2549 461 2624 loeo
478 2578 508 2624 s.
537 2548 747 2648 Augustinus
773 2548 899 2623 directe
918 2548 1078 2650 loquatur
1102 2547 1144 2622 de
1169 2547 1363 2649 polygamia
1392 2550 1443 2622 si-

322 2663 492 2739 multanea
516 2665 649 2765 potius,
671 2663 835 2766 quamde
856 2662 1081 2738 dissolutione
1098 2663 1264 2761 coniugii,
1280 2678 1440 2737 ettamen

322 2779 432 2879 ipsam
458 2777 695 2853 simultaneam
713 2777 939 2878 polygamiam
958 2805 1060 2878 quam
1077 2778 1134 2851 hio
1159 2778 1311 2866 damnat,
1332 2778 1367 2850 in
1385 2804 1440 2854 eo·

322 2894 398 2967 dem
414 2895 523 2996 eapite
540 2894 694 2992 agnoseit
703 2894 794 2967 licite
813 2893 1047 2995 apatriarohis
1061 2894 1304 2993 frequentatam
1318 2892 1437 2969 inisse.

395 3011 512 3109 Neque
536 3009 670 3083 tandem
696 3010 835 3084 eonoedi
862 3009 980 3099 debet,
1009 3008 1099 3112 quod
1127 3009 1155 3083 si
1185 3010 1269 3083 eitra
1301 3009 1440 3110 eulpam

322 3151 428 3202 novae
453 3126 530 3199 iniri
558 3142 711 3226 poterant
735 3127 873 3227 nuptiae
896 3154 958 3229 per
973 3126 1125 3201 libellum
1146 3122 1292 3227 repudii,
1314 3126 1440 3200 disori·

323 3269 400 3315 man
436 3242 523 3316 inter
559 3242 752 3340 coniugium
786 3258 821 3317 et
854 3243 1105 3318 fornicationem
1141 3241 1309 3317 sublatum
1343 3268 1440 3331 esse;

322 3357 492 3458 siquidem
513 3356 571 3458 qui
590 3357 775 3432 fornicatur
797 3382 918 3458 vagam
936 3384 1092 3433 uenerem
1112 3374 1338 3445 consectatur,
1355 3358 1440 3458 quin

321 3472 486 3547 sollicitus
508 3474 553 3546 sit
574 3488 631 3545 aut
657 3471 700 3546 de
716 3473 811 3574 prole
835 3491 894 3548 aut
910 3474 953 3548 de
969 3474 1043 3547 eius
1069 3473 1296 3561 institutione,
1318 3488 1351 3546 et
1367 3473 1442 3573 qui·

320 3590 396 3663 dem
424 3588 459 3661 id
481 3604 638 3690 operatur
661 3616 701 3662 ex
729 3589 880 3665 arbitrio.
903 3590 1026 3664 Contra
1042 3615 1121 3664 uero
1138 3616 1179 3663 en
1200 3588 1274 3688 lege
1292 3588 1442 3663 mosaica

321 3702 399 3778 lieet
419 3705 665 3804 permitteretur
677 3705 789 3781 uxoris
807 3704 975 3791 dimissio,
996 3704 1032 3776 id
1050 3704 1121 3777 fieri
1140 3720 1252 3777 tamen
1265 3728 1331 3778 non
1349 3718 1442 3803 pote-

320 3837 373 3891 rat
389 3844 602 3919 quaeumque
619 3820 761 3908 ratione,
776 3818 838 3893 sed
858 3819 950 3917 gravi
970 3847 1010 3893 ex
1031 3845 1135 3894 eausa
1151 3818 1442 3920 probantibuaque

321 3934 511 4023 iudicibus,
527 3950 560 4009 et
585 3962 651 4009 non
671 3962 731 4035 pro
748 3934 936 4023 voluntate,
953 3936 1013 4009 sed
1034 3963 1075 4010 en
1098 3935 1184 4034 legis
1210 3935 1437 4036 praescripto,

392 4104 443 4232 (pt)
458 4106 495 4155 lta
513 4106 627 4156 Salustius
651 4104 677 4154 ln
689 4104 755 4155 hune
771 4105 820 4155 loe.
840 4104 882 4155 obt
898 4104 1004 4169 ditione,
1023 4105 1102 4157 solide
1116 4108 1142 4155 et
1163 4105 1287 4169 eleganter
1303 4118 1354 4155 rem
1375 4104 1442 4155 hane

324 4196 404 4246 enpon
415 4186 434 4233 t.

390 4263 439 4323 (aa)
455 4264 519 4313 llam
532 4264 658 4328 comparat
673 4276 767 4314 morem
782 4262 850 4313 hune
863 4277 921 4314 eurn
937 4264 1065 4328 gentilium
1082 4263 1261 4314 eonsuetudlne
1273 4263 1299 4312 ln
1315 4262 1440 4313 dimitten-

321 4340 360 4391 dts
375 4341 511 4405 uxoribus,
534 4345 560 4394 et
580 4343 669 4394 ratetht
688 4357 748 4407 eos,
762 4345 806 4408 qui
829 4344 855 4394 in
875 4345 928 4409 tege
946 4346 1080 4396 christiana
1095 4344 1308 4395 voluissenthuue
1323 4342 1441 4395 eumdem

320 4435 413 4472 nmrenr
427 4422 543 4473 inducere
558 4423 605 4472 enh
620 4425 746 4485 praetattu
759 4425 869 4475 comeo
885 4437 900 4474 a
918 4428 985 4476 ltoae
1006 4425 1082 4476 tibettt
1098 4424 1204 4489 repudii.
