3234 5084
380 491 449 543 nur.
466 493 499 543 t.
516 491 557 543 ot
574 492 683 543 sotor.
699 492 826 544 rurenr.
843 492 938 544 nuru.
951 493 1022 545 nur.
1038 494 1074 545 n.
1214 472 1282 545 ttt

173 637 307 714 qnam,
338 608 450 684 iubeo.
480 609 588 685 Nolite
616 611 708 686 uiros
736 625 866 685 uestros
894 611 1083 710 permittere
1111 612 1280 686 lornieari.

175 725 387 829 luterpsllate
410 742 527 801 eontra
551 725 629 800 illos
653 724 843 800 ecelesiam.
864 727 936 800 Nou
954 726 1048 814 dion,
1070 726 1199 801 iudiees
1222 752 1286 826 pu·

174 842 299 929 blicos,
330 867 398 917 non
429 841 678 940 proconsulem,
703 865 770 915 nou
797 841 978 928 doarium,
1010 868 1075 916 nou
1110 843 1283 927 comitem,

84 1054 85 1057 Ἴ
176 982 244 1031 non
268 957 520 1057 imperatorem
541 954 600 1030 sod
626 955 810 1031 Christum.
831 958 869 1029 ln
886 955 1026 1030 motoris
1043 957 1201 1031 omnibus
1226 982 1288 1030 un·

176 1071 277 1146 eillae
300 1087 407 1146 estote
430 1071 578 1148 virorum
603 1086 808 1159 uestrorum,
838 1070 994 1146 subditae
1009 1071 1052 1146 ad
1071 1072 1283 1172 obsequium.

177 1180 278 1260 Nulla
302 1187 348 1260 sit
367 1187 403 1260 in
427 1186 524 1261 vobis
549 1186 769 1286 protervitas,
796 1183 890 1259 nulla
915 1186 1092 1286 superbia,
1119 1212 1186 1260 non
1213 1212 1290 1261 con·

178 1300 356 1376 ormeliosu
379 1302 506 1390 eorus,
534 1327 601 1375 non
628 1301 743 1402 eliqua
767 1301 1012 1376 inobedientia:
1034 1328 1172 1403 prorsus
1205 1316 1290 1376 tam

177 1442 281 1516 quem
302 1414 443 1490 ancillae
464 1416 597 1490 servite.
618 1416 683 1490 Sed
707 1416 766 1489 ubi
791 1430 927 1489 uentum
946 1418 1046 1491 luerit
1063 1418 1107 1492 ud
1125 1416 1210 1490 illud
1231 1442 1291 1490 ne-
1381 1512 1394 1517 Α

178 1531 323 1629 gotium,
343 1532 402 1604 ubi
419 1556 480 1605 uos
501 1531 622 1606 beatus
639 1530 818 1632 Apostolus
835 1534 1010 1632 aequavit,
1029 1533 1162 1607 disens:
1187 1531 1294 1606 [lueri

178 1645 234 1717 oir
248 1643 390 1717 deditum
405 1643 539 1729 reddet,
556 1645 708 1717 similiter
724 1659 756 1717 et
773 1670 859 1718 onor
874 1648 969 1719 niro:
986 1646 1186 1720 subintulit:
1205 1671 1293 1719 nnor

179 1786 245 1831 oon
269 1760 365 1832 babet
382 1773 572 1858 potentium
595 1762 737 1857 corporis
760 1763 835 1845 sni,
864 1759 921 1834 sed
935 1761 1000 1834 uir.
1023 1761 1111 1849 Quid
1134 1776 1166 1835 te
1187 1755 1293 1835 extol·

180 1871 248 1946 list
263 1872 351 1946 Audi
377 1872 470 1973 quod
494 1873 662 1973 sequitur:
682 1873 845 1945 Similiter
868 1888 899 1947 et
914 1876 970 1946 nir
984 1901 1048 1947 non
1065 1875 1160 1949 babet
1182 1902 1292 1973 cmpo-

179 1990 228 2060 rie
250 1989 306 2059 soi
324 2001 532 2086 potestatem,
559 1985 617 2060 sed
639 1987 768 2059 molier.
789 1987 852 2060 Ubi
871 1988 915 2061 nd
933 1989 1150 2063 hoerentem
1172 1989 1288 2077 fuerit,

179 2101 322 2176 clamate
339 2127 400 2201 pro
417 2128 454 2176 re
469 2117 591 2176 restra.
608 2102 734 2174 Aurum
752 2116 848 2175 tuum
864 2102 980 2177 vendit
995 2105 1136 2178 maritus
1154 2128 1215 2205 pro
1232 2128 1293 2176 ne-

178 2217 337 2291 cessitate
353 2242 432 2290 sun:
450 2215 535 2289 lerte
546 2214 704 2302 foemina,
718 2214 801 2290 lerto
814 2215 1168 2293 aneilla...Gontemne
1178 2217 1294 2293 omnia

182 2343 320 2428 propter
344 2354 489 2405 amorem
512 2329 577 2403 riri
602 2329 664 2403 tui.
685 2328 750 2403 Sed
774 2345 906 2403 eastum
930 2346 1025 2431 opta,
1053 2357 1114 2431 pre
1138 2331 1292 2406 castitate

181 2442 288 2541 litiga.
310 2445 476 2519 Patieutor
501 2459 617 2544 pereat
638 2442 720 2519 uilla
743 2458 820 2533 tua,
841 2470 908 2520 non
925 2445 1038 2520 anima
1054 2445 1164 2546 ipsius
1182 2461 1215 2520 te
1231 2471 1293 2545 pa·

180 2559 283 2633 tiente
307 2575 421 2661 pereet
438 2562 553 2657 (38).»
564 2558 684 2632 Verum
702 2557 805 2633 etiam
822 2558 880 2634 hie
896 2585 1019 2658 magua
1036 2584 1122 2658 opus
1139 2575 1191 2634 est
1211 2585 1294 2659 pru·

179 2672 306 2762 dentia,
322 2701 365 2749 ne
375 2674 516 2775 proinde
532 2688 657 2748 temere
673 2697 710 2747 se
727 2688 859 2770 gerant,
875 2672 1117 2772 exquirendum
1130 2671 1217 2772 ipsis
1230 2672 1295 2747 erit

179 2786 268 2861 docti
291 2789 357 2864 riri
385 2790 587 2876 eonsilium,
615 2788 675 2889 qui
706 2812 767 2887 pro
796 2812 908 2861 rerum
937 2786 1108 2862 adiunctis
1137 2802 1295 2886 suggeret

182 2901 267 3002 quid
291 2903 483 2998 leniendum
510 2904 556 2979 sit
574 2905 666 3001 (dl).

256 3016 353 3103 Quod
379 3034 546 3118 postremo
570 3017 645 3093 loen
661 3018 785 3092 obiecit
801 3016 980 3106 Erasmus,
1000 3042 1067 3093 non
1084 3042 1162 3092 esso
1178 3016 1296 3092 timen-

185 3129 284 3219 dum,
312 3157 355 3206 ne
379 3131 663 3207 dissolutionibus
687 3133 859 3232 perpetuis
884 3131 1069 3232 perieulum
1098 3131 1292 3235 immineat,

184 3244 332 3320 adducto
354 3245 507 3347 exemplo
532 3248 741 3321 ethnicorum
768 3272 872 3346 penes
897 3273 984 3348 quos
1009 3272 1094 3320 suus
1120 3246 1296 3323 mnsnbut

184 3361 397 3437 matrimonio
427 3363 551 3450 bonos,
579 3362 736 3463 quamuis
767 3360 859 3462 opud
888 3363 984 3461 ipsos
1012 3377 1166 3434 mutuum
1195 3361 1297 3435 luerit

181 3475 317 3552 divortii
352 3477 437 3566 ius,
480 3475 602 3551 lalsnm
634 3502 711 3551 esse
741 3490 813 3550 tum
849 3476 1010 3552 historice
1043 3491 1113 3548 tum
1151 3475 1296 3575 practice

183 3607 286 3691 patet.
309 3590 444 3667 Falsum
474 3592 611 3693 quidem
635 3591 812 3680 historioe,
840 3591 922 3692 quia
951 3604 1157 3692 compertum
1179 3603 1232 3663 est
1255 3615 1296 3664 ex

81 3778 107 3817 a
181 3709 330 3783 omnium
363 3709 514 3807 gentium
540 3709 778 3808 antiquarum,
811 3709 842 3781 si
873 3733 976 3781 unam
1011 3704 1094 3781 sorte
1126 3704 1180 3780 rel
1214 3703 1297 3780 alte-

182 3847 253 3895 ram
270 3824 417 3925 excipias
434 3825 470 3897 in
488 3849 552 3898 suu
569 3823 681 3898 adhuc
697 3824 841 3898 infautia
866 3823 1041 3922 degentes,
1066 3821 1292 3909 documentis,

182 3934 258 4007 ideo
286 3935 339 4009 uel
371 3938 517 4011 maxime
549 3936 823 4037 corruptissimus
852 3937 1003 4011 extitisse
1035 3935 1126 4036 quod
1156 3934 1297 4035 repudia

181 4062 311 4149 praeter
327 4051 464 4127 medum
476 4053 727 4154 frequentarent
739 4054 828 4149 (to).
841 4054 979 4127 Possem
1001 4050 1201 4126 documenta
1213 4049 1297 4125 bueo

256 4266 308 4330 (ts)
322 4268 399 4318 serm.
411 4269 738 4336 cccxctt.eup.1v.opp.
751 4268 790 4321 ed.
803 4271 882 4321 Maur,
892 4272 952 4320 tonn
962 4270 993 4318 v.
1006 4267 1055 4319 eol.
1069 4274 1138 4319 15⁰5.

258 4347 309 4411 (os)
324 4347 363 4399 el.
375 4348 508 4399 Trombelll
526 4354 563 4402 De
579 4354 695 4403 mmmm.
705 4353 766 4401 tuna
777 4351 810 4401 ΙΙ.
822 4350 883 4401 diss.
892 4352 946 4400 vn.
957 4348 1081 4400 Bononiae
1093 4353 1159 4400 rost.

254 4428 306 4491 (to)
322 4427 387 4480 sens
401 4430 440 4481 est
453 4428 493 4480 rel
509 4428 594 4481 briter
610 4443 766 4494 pereurrere,
787 4443 852 4494 quae
868 4430 900 4482 de
917 4429 1035 4483 fusilitate
1051 4430 1213 4483 divortiorum
1225 4439 1298 4494 utne·
