3234 5084
378 420 440 473 mr
469 417 516 470 ιιι.
533 417 573 472 or
592 420 689 473 sensu
703 420 794 471 ram.
813 420 876 472 cm.
891 417 1005 500 vutores.
1023 416 1119 471 ιιιιι.
1171 389 1175 396 ’
1251 394 1320 469 sta

619 618 830 677 ARTICULUS
850 619 871 673 l.

211 827 253 887 De
264 842 353 887 sensu
374 825 556 886 tradtttonall
568 829 646 887 cirea
656 826 940 888 indissolnbttttatem
956 827 1108 888 christiani
1122 830 1302 888 matrimonii

309 926 341 984 tu
364 939 453 985 eausa
473 924 607 986 adulterit
625 926 770 1002 prioribus
788 927 918 1002 quinqua
932 925 1069 986 scelestae
1082 927 1200 987 seculis.

706 1153 747 1250 p.
778 1155 804 1224 ι.

683 1389 721 1440 Da
736 1389 837 1439 limma.

268 1576 430 1653 Omnium
455 1579 584 1680 primus
606 1594 640 1653 et
664 1578 943 1679 antiquissimus,
968 1576 1027 1679 qui
1054 1576 1154 1653 nobis
1178 1579 1319 1654 exhibet

194 1710 368 1793 receptam
389 1695 425 1767 in
443 1695 587 1769 ecclesia
603 1694 791 1769 doctrinam
808 1695 852 1767 de
864 1693 1019 1769 absoluta
1043 1695 1249 1769 matrimonii
1264 1696 1316 1767 in*

193 1809 455 1884 dissolubilitate
480 1826 534 1884 est
548 1810 690 1883 Hermas
707 1810 760 1884 uir
781 1809 1005 1911 apostolicus,
1033 1809 1129 1884 ouius
1159 1810 1312 1884 meminit

192 1925 373 2026 Apostolus
389 1924 432 1998 ad
452 1952 607 2000 romanos
623 1929 693 2022 (6),
711 1943 744 1999 et
759 1925 858 2001 cuius
871 1927 1103 2000 auctoritatem
1122 1926 1207 2000 tanti
1227 1926 1314 1999 lece—

193 2056 270 2115 runt
292 2056 422 2114 veteres
441 2039 561 2139 aliqui,
577 2056 613 2114 ut
629 2040 703 2113 eius
721 2039 858 2127 librum,
879 2041 934 2113 oui
960 2039 1079 2117 titulus
1096 2055 1148 2114 est
1173 2041 1309 2126 Pastor,

193 2153 279 2230 inter
302 2155 489 2255 scripturas
511 2155 692 2229 canonicas
718 2156 949 2229 recensuerint
969 2156 1038 2252 (7).
1146 2180 1148 2185 ·

265 2271 329 2345 llic
354 2271 456 2368 igitur
481 2270 541 2345 lib.
559 2272 602 2342 ll.
619 2270 778 2344 mandato
793 2272 846 2343 lll.
867 2272 916 2345 De
933 2270 1128 2344 dimittendo
1145 2271 1309 2358 adultero,

191 2383 276 2460 haec
299 2384 419 2461 habet:
443 2385 638 2473 «Domine,
661 2386 788 2487 inquit,
811 2387 965 2486 permitte
994 2412 1049 2459 mc
1076 2413 1185 2485 panca
1210 2386 1314 2460 verba

194 2516 303 2575 tecum
331 2500 438 2600 loqui.
467 2501 547 2586 Dic,
577 2500 699 2600 inquit.
727 2502 769 2574 Et
799 2501 869 2573 dixi
896 2500 958 2572 illi:
984 2502 1137 2589 Domine,
1173 2503 1203 2574 si
1234 2503 1313 2602 quis

190 2614 347 2691 habuerit
368 2644 504 2691 uxorem
531 2616 663 2690 fidelem
682 2619 715 2689 in
741 2615 903 2704 Domino,
924 2632 957 2691 ct
975 2616 1062 2690 hanc
1087 2617 1252 2691 invenerit
1276 2618 1311 2688 in

188 2732 370 2821 adulterio,
392 2732 557 2832 numquid
570 2748 686 2832 peccat
706 2733 769 2821 vir,
791 2733 821 2806 si
840 2733 986 2806 convivit
1004 2760 1080 2806 cum
1099 2730 1185 2804 itta?
1203 2732 1245 2803 Et
1259 2730 1311 2803 di-

191 2848 243 2921 xit
259 2848 364 2921 mihi:
385 2849 548 2948 quamdiu
571 2851 679 2923 nescit
703 2867 876 2950 peccatum
902 2847 989 2935 eius,
1011 2851 1085 2923 eine
1101 2848 1242 2923 crimine
1260 2863 1313 2923 est

190 2962 244 3038 vir
266 2964 380 3039 vivens
406 2991 483 3038 cum
506 2965 576 3038 illa.
606 2966 639 3037 Si
670 2982 781 3039 autem
806 2965 944 3041 sciverit
968 2966 1021 3039 uir
1046 2992 1183 3040 uxorem
1213 2992 1310 3039 suam

184 3078 388 3180 deliquisse,
421 3097 455 3154 et
480 3107 547 3154 uon
572 3081 678 3178 egerit
703 3083 943 3182 poenitentiam
967 3082 1108 3169 mulier,
1129 3098 1162 3155 et
1179 3108 1312 3182 perma-

187 3211 243 3270 net
273 3196 308 3268 in
345 3197 563 3271 lomicatione
593 3223 673 3285 sua,
704 3214 737 3271 et
767 3199 914 3272 convivit
945 3225 1022 3272 cum
1049 3198 1108 3271 illa
1133 3198 1204 3284 uir;
1232 3223 1309 3271 reus

189 3312 254 3386 erit
278 3312 408 3411 peccati
430 3312 516 3400 eius,
546 3328 579 3385 et
605 3312 772 3413 particeps
793 3313 1038 3387 moechationis
1055 3313 1142 3386 eins.
1173 3312 1215 3383 Et
1240 3310 1311 3382 dixi

187 3425 254 3500 illi:
272 3427 363 3514 Quid
377 3453 457 3526 ergo
470 3428 499 3500 si
519 3428 742 3528 permanserit
758 3428 794 3499 in
811 3429 893 3503 vitio
911 3454 973 3503 suo
991 3426 1137 3501 mulier?
1149 3426 1191 3498 Et
1207 3424 1305 3497 dixit:

187 3541 339 3615 Dimittat
365 3543 461 3617 illam
486 3545 560 3628 vir,
589 3555 621 3615 ct
645 3544 700 3614 vir
720 3569 782 3640 per
806 3569 840 3615 sc
865 3558 1006 3616 moneat.
1029 3541 1126 3629 Quod
1154 3541 1184 3615 si
1210 3539 1310 3611 dimi-

186 3658 269 3732 serit
292 3657 465 3733 mulierem
493 3686 604 3744 suam,
633 3675 665 3732 et
690 3658 791 3731 aliam
820 3659 973 3746 duxerit,
993 3675 1027 3732 et
1051 3657 1125 3758 ipse
1152 3655 1310 3729 moecha-

187 3789 254 3847 tur.
277 3773 318 3846 Et
336 3771 406 3846 dixi
423 3774 492 3848 illi:
514 3774 603 3861 Quid
621 3775 650 3847 si
669 3773 791 3848 mulier
807 3773 951 3847 dimissa
977 3772 1215 3875 poenitentiam
1233 3796 1311 3868 ege-

188 3887 250 3974 rit,
277 3889 474 3963 etuoluerit
499 3891 674 3964 advirum
697 3917 797 3963 suum
828 3889 962 3977 reverti;
991 3915 1103 3963 nonne
1129 3886 1310 3986 recipietur

185 4029 207 4077 a
231 4004 304 4079 viro
332 4005 419 4079 suo?
436 4006 478 4078 Et
502 4007 587 4078 dixit
609 4005 709 4079 mihi:
734 4007 806 4078 lmo
826 4005 854 4079 si
874 4032 941 4078 non
969 4004 1134 4106 receperit
1157 4029 1232 4077 eam
1258 4004 1310 4076 vir

184 4145 290 4209 suus,
319 4138 458 4220 peccat,
480 4139 513 4195 et
530 4148 689 4220 magnum
708 4136 881 4221 peccatum
901 4119 966 4194 sibi
986 4121 1148 4194 admittit:
1171 4119 1230 4194 sed
1250 4120 1308 4193 de·

257 4312 292 4373 (6)
309 4313 379 4362 Rom.
392 4312 456 4361 XVI.
473 4315 509 4362 rt.

189 4406 192 4413 ·
256 4392 292 4454 (7)
307 4392 346 4442 ct.
359 4394 395 4443 to.
418 4394 445 4442 Β.
458 4392 628 4442 cotelertum:
648 4392 783 4444 lodtctom
793 4391 856 4443 des.
870 4394 981 4441 Hennae
998 4393 1116 4441 Pastore.

886 4498 891 4510 .
1166 4470 1187 4513 a
