3234 5084
335 430 405 482 cur.
425 429 473 481 ru.
490 429 530 480 nn
547 425 644 480 seusu
661 428 754 479 rann.
770 428 834 480 cn.
851 427 964 480 anons.
981 429 1077 480 uara.
1094 430 1165 481 inr.
1179 431 1202 481 ι.
1263 409 1335 482 att

196 547 331 642 >laetatur·
354 550 493 635 cobcre3
520 548 736 648 decipiuntur
761 546 888 647 pariter
911 546 992 620 dum
1018 546 1103 621 illud
1128 547 1278 623 referunt
1295 550 1339 623 ad

213 665 447 766 disciplinam,
476 663 575 764 quasi
598 688 719 763 nempe
737 663 773 735 in
793 677 956 762 potestate
974 663 1115 740 istorum
1132 681 1224 739 esset
1240 691 1339 764 prae-

216 782 329 857 sulum
342 780 528 888 nerianum
550 807 571 853 a
596 779 731 852 Christo
748 796 781 852 et
800 778 845 853 ab
861 780 1022 878 Apostolo
1040 782 1197 854 traditam
1214 798 1341 881 tempa-

215 924 290 972 rare
311 900 347 970 in
376 897 470 997 praxi
491 912 526 970 et
550 896 695 970 abolere.
720 896 828 970 Absit.
858 898 996 998 ltaque,
1026 913 1063 970 ut
1087 898 1254 986 diximus,
1288 924 1340 970 re-

215 1015 320 1089 lertnr
344 1014 445 1087 unico
473 1014 515 1087 ad
541 1013 678 1087 modum
704 1013 853 1086 suaviter
875 1012 1054 1087 inducendi
1081 1013 1269 1114 neophytos
1296 1013 1339 1086 ad

214 1129 403 1202 doctrinam
422 1127 650 1225 evangelicam
670 1152 771 1225 opere
790 1125 1022 1226 exequendam
1036 1157 1048 1232 ;¹
1076 1127 1194 1199 eadem
1213 1128 1340 1202 ratione

90 1227 94 1236 ⁶
217 1270 287 1345 qua
307 1243 488 1345 Apostolus
506 1244 550 1316 ad
571 1244 681 1316 Titum
699 1242 885 1316 scribebat:
910 1244 1073 1317 «Iuvenes
1091 1241 1247 1316 similiter
1269 1245 1339 1317 bor·

220 1374 308 1443 tore,
324 1374 362 1433 ot
379 1357 469 1432 sobri
496 1359 565 1432 sint
584 1360 672 1455 (to).
692 1387 710 1427 n
731 1359 857 1458 Ecquis
884 1383 982 1458 porro
1010 1357 1099 1431 dicet
1125 1358 1338 1433 sobrietatem

218 1500 289 1548 rem
306 1500 384 1549 esse
400 1474 541 1548 liberam
559 1475 593 1547 in
611 1473 818 1547 iuvenibus?
831 1474 872 1548 Ut
889 1474 981 1575 quod
999 1474 1205 1549 contendunt
1222 1475 1339 1549 adver-

141 1679 144 1685 ,
217 1590 299 1664 sarii
317 1591 521 1678 evincerent,
544 1589 720 1664 ostendere
736 1589 918 1678 deberent,
942 1590 1034 1690 quod
1060 1591 1089 1664 si
1108 1590 1337 1666 adolescentes

216 1704 265 1778 illi
284 1705 426 1781 consilio
451 1731 512 1779 seu
538 1705 763 1780 adhortationi
788 1704 854 1779 sibi
875 1706 974 1780 datae
999 1732 1065 1781 non
1086 1707 1296 1806 paruissent,
1317 1733 1338 1781 a

216 1821 334 1921 poenis
360 1821 397 1894 in
421 1820 575 1919 bigamos
601 1820 678 1895 latis
703 1821 848 1895 luissent
872 1822 1061 1910 immunes,
1081 1821 1172 1922 quod
1198 1821 1336 1922 quidem

216 1960 401 2034 numquam
426 1935 584 2009 efficient.

300 2049 397 2136 Quae
422 2050 622 2124 subtexuere
650 2067 803 2127 auctores
829 2055 909 2140 isti,
938 2052 985 2125 nil
1012 2052 1105 2126 aliud
1131 2067 1211 2126 sunt
1234 2078 1337 2153 quam

217 2164 383 2262 gratuitae
396 2165 601 2239 assertiones
621 2191 663 2239 ex
679 2167 873 2268 anticipatis
891 2192 1006 2242 eornm
1025 2166 1161 2241 iudiciis
1174 2166 1339 2240 deductae

217 2281 292 2354 sine
316 2279 386 2355 ullo
407 2306 546 2379 prorsus
571 2280 807 2371 luudament03
830 2282 999 2384 siquidem
1025 2281 1150 2355 nnllam
1174 2281 1339 2383 probatio

217 2419 294 2467 nem
318 2395 512 2470 attulerunt.
540 2394 700 2497 Adeoque
726 2399 895 2472 contemni
921 2397 1055 2472 debent.

708 2613 745 2712 q.
774 2614 832 2687 m.

677 2791 714 2839 De
730 2802 751 2840 s.
769 2788 868 2840 Basilio.

290 2963 340 3039 Eo
352 2965 470 3041 maiori
484 2967 660 3065 diligentia
676 2967 898 3069 expendenda
914 2993 935 3041 a
953 2967 1051 3042 nobis
1074 2983 1154 3042 sunt
1165 2993 1253 3067 quae
1271 2967 1337 3043 hoc

214 3077 261 3152 de
283 3095 480 3178 argumento
501 3082 638 3181 scripsit
663 3109 693 3157 s.
718 3082 886 3170 Basilius,
907 3108 975 3183 quo
996 3099 1030 3156 et
1054 3082 1160 3157 maior
1184 3101 1237 3158 est
1261 3085 1335 3158 eius

215 3194 306 3296 apud
323 3220 463 3293 graecos
481 3198 683 3287 auctoritas,
703 3215 737 3274 et
752 3196 925 3273 difficilior
942 3199 1165 3298 quorumdam
1183 3198 1331 3274 locorum

215 3310 469 3413 interpretatio,
504 3314 588 3390 adeo
613 3331 652 3389 ut
674 3312 836 3389 Basiliam
868 3339 929 3414 pro
957 3340 996 3388 se
1020 3332 1110 3388 stare
1134 3314 1337 3389 contendant

216 3419 285 3500 tum
303 3428 363 3526 qui
383 3454 443 3528 pro
460 3428 628 3502 solutione
645 3428 794 3527 coniugii
813 3429 848 3502 in
865 3454 968 3503 causa
985 3427 1142 3502 adulterii
1160 3446 1331 3528 pugnant,

215 3557 285 3615 tum
302 3542 361 3644 qui
387 3569 449 3643 pro
470 3543 663 3617 omnimoda
683 3542 981 3617 indissolubilitate
998 3541 1186 3640 coniugalis
1206 3542 1333 3617 vinculi

215 3655 397 3733 decertant.
426 3659 525 3732 Prius
551 3659 653 3756 igitur
674 3659 905 3734 describemus
930 3659 1003 3732 eius
1027 3657 1132 3732 verba
1156 3674 1255 3759 prout
1284 3658 1335 3732 ia·

215 3787 309 3859 cent,
330 3771 454 3847 deinde
469 3798 549 3847 vero
566 3771 601 3845 in
618 3798 734 3847 eorum
759 3799 898 3848 sensum
916 3771 1083 3875 analytice
1105 3773 1329 3873 inquiremus.

287 3886 419 3960 Primus
444 3888 539 3962 loeus
564 3886 687 3987 legitur
712 3890 748 3962 in
774 3887 917 3989 epistola
939 3890 966 3961 l.
1000 3889 1163 3963 canoniea
1187 3889 1230 3964 ad
1254 3888 1335 3962 Am·

214 3999 424 4099 pbilocbium
448 4005 541 4101 (91),
562 4028 637 4078 can.
655 4005 712 4076 lll.
737 4004 883 4105 «Aeque
895 4004 978 4078 viris
992 4021 1025 4078 et
1037 4001 1236 4079 mulieribus
1254 4030 1334 4079 con-

213 4116 306 4191 venit
321 4119 509 4192 secundum
527 4121 713 4195 sententiae
725 4121 1024 4222 consequutionem
1042 4120 1134 4221 quod
1152 4148 1174 4196 a
1189 4120 1334 4196 Domino

286 4305 337 4369 (90)
351 4307 412 4370 cap.
429 4310 462 4357 11.
480 4315 504 4360 o.

290 4386 341 4449 (91)
356 4388 426 4445 Quae
442 4388 469 4438 in
489 4390 549 4440 odil.
566 4392 645 4441 Maur.
660 4392 705 4442 est.
718 4392 895 4442 onxxxvm.
