3234 5084
344 434 414 505 ott
488 454 550 505 ιιι.
566 452 614 505 ιιι.
631 452 718 505 anor.
733 452 865 504 aaran.
881 453 922 505 na
933 453 1046 507 muta.
1062 451 1158 505 ιιιι.
1174 453 1299 508 oum.

343 571 577 647 catechismus
594 597 678 646 rom.
699 570 836 647 subdit:
860 570 1067 673 «Siquidem
1092 571 1244 648 Salvator
1266 573 1334 650 ait:
1364 577 1457 676 quod

341 689 433 763 nan
458 687 648 775 ooniunxit‚
676 685 776 761 homo
801 713 869 761 non
895 703 1038 787 separat.
1055 685 1217 774 Quam
1233 715 1319 763 amm
1337 694 1458 766 matri·

343 803 477 891 monio,
497 816 664 903 quatenos
690 816 828 877 naturae
853 818 906 879 est
925 802 1092 891 officium,
1112 804 1310 893 conueniat,
1327 823 1364 880 ut
1379 807 1457 881 dia·

344 918 429 994 aolvi
454 944 522 993 non
547 918 737 1019 pensitato.
756 918 937 1015 (tunm
963 918 1037 995 iura
1060 917 1162 1016 igitur
1187 919 1332 995 nummii
1355 940 1455 1020 prout

343 1034 537 1134 coniugium
554 1032 702 1109 offioium
718 1049 870 1121 naturae,
886 1049 951 1122 ast,
971 1059 1012 1111 ao
1028 1050 1126 1135 prout
1141 1033 1295 1109 aiuadom
1313 1037 1457 1136 postulat

343 1148 516 1237 definitio,
543 1148 681 1250 atquin
704 1147 810 1248 prolia
833 1147 1029 1223 educandae
1051 1148 1185 1237 studio,
1208 1165 1243 1225 at
1265 1149 1345 1225 aliis
1369 1152 1456 1226 aina·

344 1262 421 1338 dam
445 1261 547 1338 bunia
574 1276 755 1363 inpugnat,
776 1277 815 1336 ut
830 1262 905 1336 eiua
921 1260 1094 1339 viandum
1110 1261 1310 1339 dissolubile
1326 1266 1388 1356 ait,
1407 1268 1457 1341 uti

342 1379 558 1480 prosequitur
582 1376 816 1455 catechismus
839 1404 998 1453 romanos
1013 1380 1103 1474 (tt).

415 1497 451 1567 d.
478 1493 542 1568 His
566 1493 697 1570 aooadit
718 1493 811 1595 quod
833 1493 1083 1571 matrimonium
1109 1493 1259 1571 fidolium
1282 1512 1391 1573 ratum
1412 1498 1458 1573 ait

342 1626 613 1696 sacramentum
642 1609 727 1685 haoo
752 1635 852 1709 portu
877 1609 1077 1685 sacramenti
1103 1610 1187 1685 ratio
1211 1611 1372 1687 maiorum
1396 1613 1458 1686 ad·

341 1727 396 1801 dit
424 1726 615 1800 firmitatem
647 1724 816 1822 ooniugali
848 1723 996 1799 vinculo.
1029 1722 1118 1798 Hino
1148 1739 1329 1825 postquam
1361 1725 1459 1801 Cato·

324 1838 495 1915 'ohismua
520 1865 604 1917 rom.
621 1828 788 1914 adstruxit
812 1838 961 1935 ooniugii
986 1836 1315 1913 indissolubilitatam
1339 1865 1458 1939 provo·

342 1956 489 2031 niantam
512 1981 555 2030 ox
579 1954 651 2027 iura
674 1953 791 2027 divino
814 1977 856 2029 no
879 1952 1046 2041 naturali,
1074 1952 1209 2029 subdit:
1229 1953 1296 2026 «ld
1313 1954 1458 2030 maxima

345 2070 402 2159 fir,
421 2086 592 2172 quatenus
615 2085 668 2144 aat
691 2084 961 2157 sacramentum,
980 2094 1049 2170 qna
1065 2096 1106 2144 ar
1124 2096 1160 2143 ra
1176 2069 1276 2144 otiam
1294 2069 1330 2142 in
1346 2072 1457 2145 omni·

341 2186 427 2273 hun,
446 2212 536 2287 quaa
552 2201 692 2261 naturae
711 2183 787 2281 logo
811 2184 885 2258 aius
912 2183 1048 2285 propria
1068 2197 1167 2271 aunt,
1195 2208 1362 2259 summam
1380 2209 1457 2285 par·

342 2301 518 2377 santionem
529 2300 675 2402 acquirit
687 2302 825 2396 (100).»
842 2298 910 2385 Qut
927 2314 1039 2373 autam
1057 2298 1129 2375 fiari
1147 2314 1275 2399 potest,
1294 2315 1333 2373 ut
1350 2325 1459 2376 roma-

343 2443 408 2493 nua
433 2416 584 2518 pontifex
605 2415 780 2515 dispensat
792 2415 828 2487 in
841 2440 882 2489 ao
895 2413 986 2516 quod
998 2413 1235 2491 indissolubile
1251 2440 1392 2515 prorant
1408 2431 1461 2492 eat
1594 2496 1596 2498 ,

343 2552 413 2610 tum
439 2532 606 2620 naturali,
634 2548 705 2609 tum
729 2531 847 2605 divino
872 2532 962 2616 iura,
983 2546 1054 2607 tum
1081 2531 1209 2607 rationo
1234 2530 1461 2607 sacramenti?

415 2655 451 2725 d.
481 2650 519 2724 ld
545 2648 637 2750 quod
670 2662 781 2749 potant
814 2646 1006 2747 frequentat
1030 2644 1134 2734 solvi,
1161 2668 1230 2723 non
1254 2661 1306 2720 eat
1329 2645 1460 2723 insolu-

340 2767 426 2856 bita
448 2768 515 2841 inm
536 2790 615 2840 varo
632 2764 663 2839 si
680 2761 932 2836 matrimonium
953 2775 1060 2833 ratum
1078 2773 1190 2858 potant
1207 2786 1267 2860 por
1282 2758 1462 2859 dmpanaa·

208 2975 212 2983 Ι
342 2882 466 2956 tionem
485 2879 690 2982 pontificiam
712 2876 819 2967 aolvi,
840 2890 952 2976 potant
976 2874 1167 2974 frequenter
1183 2872 1286 2962 nolti,
1306 2874 1461 2975 adeoque

343 3022 408 3070 non
433 3010 486 3069 ost
514 2991 725 3078 insolubi103
762 3017 846 3065 sana
879 2989 969 3090 quod
1000 2989 1111 3088 possit
1142 2988 1308 3063 eiusmodi
1343 2989 1461 3064 noniu-

342 3111 477 3211 giumo
505 3107 664 3208 pontifico
690 3105 880 3206 frequenter
903 3104 988 3181 solvi
1010 3130 1052 3178 ax
1073 3129 1113 3177 ao
1139 3118 1248 3203 patet,
1276 3104 1369 3203 quod
1396 3104 1461 3178 fro·

342 3240 484 3328 quantor
500 3221 634 3324 possint
649 3246 773 3295 oauaaa
789 3219 950 3320 proponi,
971 3244 1061 3321 quaa
1085 3217 1233 3292 animum
1257 3216 1460 3317 dispumare

340 3340 484 3416 valentia
509 3354 674 3414 moveant.
695 3336 783 3410 Hinc
806 3335 947 3436 quidam
972 3333 1123 3409 aoribnnt
1148 3332 1343 3431 Gregorium
1362 3333 1455 3406 Xlll.

341 3482 410 3532 uno
427 3456 484 3530 dia
500 3481 576 3528 oum
594 3451 750 3527 undaoim
775 3449 1006 3550 dispensasse.
1025 3448 1088 3522 Est
1104 3463 1215 3523 numm
1232 3448 1324 3549 apud
1340 3472 1460 3523 umnaa

342 3574 379 3646 in
399 3572 555 3647 ooniaaao
578 3567 830 3644 matrimonium
854 3591 931 3640 oasa
956 3564 1138 3643 insolubile
1153 3566 1226 3640 aiva
1242 3566 1288 3639 ait
1303 3588 1461 3643 tonsum·

342 3706 470 3763 matum
483 3688 556 3763 aiva
567 3701 675 3762 ratum
688 3681 935 3770 tantummodo;
948 3707 1026 3779 argo
1036 3679 1120 3759 solvi
1129 3680 1248 3782 nequit
1256 3705 1315 3782 por
1325 3678 1462 3780 diapao

341 3820 519 3880 annonam.
1171 3878 1174 3882 Δ

415 3921 449 3993 t.
479 3917 551 3994 Hoo
575 3915 667 4018 quod
692 3914 860 4017 portamus
885 3912 1014 3987 dictum
1038 3928 1091 3991 att
1106 3939 1147 3987 ax
1164 3936 1205 3986 ao
1225 3907 1458 3997 ooufirmator,

340 4036 433 4137 qnod
458 4032 630 4108 tinnulum
655 4030 722 4107 uoti
755 4044 814 4105 aut
843 4026 1020 4105 iuramenti
1046 4026 1120 4102 aius
1146 4025 1248 4111 otiam
1281 4023 1373 4125 quod
1398 4047 1463 4122 par

414 4238 464 4300 (at)
479 4240 518 4289 Do
531 4238 649 4289 ιιιαιιιιιι.
661 4232 1032 4297 armoricanorum.
1046 4232 1067 4281 Ι.
1076 4243 1101 4280 ιι.
1115 4238 1150 4281 ιι.

415 4319 466 4379 (ιιι)
482 4316 545 4368 told.

420 4397 486 4459 (tto)
503 4394 565 4447 rota.
