3234 5084
307 415 378 489 214
459 438 521 489 um.
542 437 590 489 111.
611 437 699 490 seur.
721 438 853 490 rursm.
874 438 914 489 nr
928 438 1040 491 morsa.
1057 439 1153 490 narn.
1175 437 1299 490 annun

303 557 424 633 risaeis
437 555 689 657 quaestionem
710 574 782 631 tum
799 584 840 631 ex
856 557 1007 656 generali
1024 554 1178 632 eiusdem
1198 557 1425 632 affirmatione

303 699 344 746 ao
367 671 553 759 sententia3
586 687 657 745 tum
682 671 829 772 denique
853 699 894 745 ex
918 670 1163 771 discipulorum
1184 670 1420 746 admiratione.

376 790 411 860 1.
440 788 546 885 Igitur
570 813 648 861 cum
674 789 900 863 accessissent
924 788 1095 888 pharisaei
1118 786 1163 860 ad
1185 787 1298 861 lesum
1326 803 1424 860 «ten-

304 917 408 977 tantes
421 930 501 977 eum
522 903 616 999 (tt),
632 918 666 975 et
681 902 852 990 dicentes,
869 902 899 975 si
917 902 995 976 licet
1014 901 1143 977 bomini
1161 901 1329 975 dimittere
1346 928 1427 977 uxo·

303 1045 374 1092 rem
393 1044 490 1092 suam
507 1042 722 1117 quacumque
739 1044 780 1091 ex
797 1015 955 1092 causale
976 1017 1161 1117 Respondit
1179 1016 1229 1090 eis
1247 1016 1419 1090 Christus:

305 1136 406 1209 «Nou
432 1133 584 1230 legistis,
613 1132 694 1231 quia
719 1134 778 1233 qui
806 1133 884 1206 lecit
905 1132 1073 1207 hominem
1095 1131 1139 1206 ab
1161 1131 1274 1220 initio,
1293 1158 1425 1206 mascu-

301 1248 372 1322 lum
396 1265 429 1322 et
449 1248 630 1323 foeminam
653 1248 731 1322 lecit
756 1275 815 1323 eos
839 1264 873 1322 et
896 1248 999 1321 dixit:
1030 1265 1166 1348 propter
1191 1247 1256 1322 boe
1280 1247 1426 1322 dimittet

302 1364 403 1438 bomo
421 1380 549 1464 patrem
562 1379 596 1436 et
608 1379 766 1451 matrem,
783 1379 816 1436 et
827 1363 1026 1438 adhaerebit
1043 1364 1138 1437 uxori
1157 1389 1257 1450 suae,
1277 1379 1311 1436 et
1326 1379 1426 1438 erunt

301 1479 369 1552 duc
388 1478 422 1549 in
440 1504 542 1551 carne
558 1504 638 1551 una.
658 1480 773 1578 ltaque
790 1478 858 1551 iam
876 1504 942 1553 non
961 1494 1040 1552 sunt
1056 1478 1144 1566 duc,
1165 1478 1226 1552 sed
1243 1504 1312 1551 una
1328 1502 1421 1552 caro.

302 1593 399 1680 Quod
417 1594 605 1690 argolicus
623 1593 817 1682 coniunxit,
839 1593 940 1668 homo
960 1619 1027 1668 nou
1045 1609 1189 1695 separet.
1210 1593 1333 1667 Dicunt
1349 1592 1422 1679 illi,

302 1709 386 1809 quid
411 1735 491 1807 ergo
522 1710 657 1808 Moyses
680 1708 857 1783 mandavit
878 1708 960 1783 dare
983 1708 1136 1782 libellum
1161 1708 1294 1809 repudii
1318 1723 1351 1781 et
1370 1707 1425 1780 di-

302 1822 529 1899 mittareldit
545 1823 635 1897 illis:
657 1822 824 1911 Quoniam
845 1825 980 1925 Moyses
998 1823 1042 1898 ad
1059 1824 1219 1898 duritiam
1237 1823 1348 1898 cordis
1365 1847 1425 1896 re-

301 1939 362 2014 stri
389 1939 544 2039 permisit
566 1939 663 2013 robis
689 1938 858 2013 dimittere
876 1966 997 2014 uxores
1021 1956 1170 2014 vestras:
1193 1939 1236 2012 ab
1253 1936 1353 2012 initio
1366 1963 1426 2011 au·

301 2071 367 2129 tem
404 2081 471 2131 non
506 2055 570 2128 luit
603 2055 705 2129 sic.»
741 2054 873 2141 Quibus
905 2056 1019 2131 verbis
1054 2055 1209 2130 Christus
1241 2053 1426 2129 declararit

300 2169 495 2268 coniugium
520 2170 556 2242 in
574 2196 637 2243 sua
654 2170 864 2245 institutione
881 2170 988 2244 luisse
1004 2197 1145 2271 prorsus
1166 2168 1419 2255 indissolubile,

300 2300 416 2385 utpote
438 2285 530 2386 quod
553 2284 744 2359 arctissimo
771 2311 860 2358 nexu
880 2287 1041 2383 coniuges
1067 2287 1114 2359 ita
1133 2286 1263 2372 uniret,
1283 2300 1321 2358 ut
1336 2310 1422 2358 non-

301 2400 368 2473 nisi
392 2425 528 2474 carnem
550 2427 653 2474 unam
673 2427 844 2500 unamque
864 2399 1024 2475 moralem
1049 2426 1228 2501 personam
1251 2400 1420 2489 efficeret,

300 2543 390 2615 quae
415 2518 564 2616 separari
591 2544 651 2590 seu
677 2517 790 2590 divelli
820 2544 842 2590 a
870 2545 909 2591 se
932 2517 1071 2591 omnino
1096 2517 1225 2616 nequit.
1257 2516 1423 2591 Dissoluit

298 2632 528 2732 exceptionem
546 2660 567 2707 a
585 2633 688 2708 lllosis
707 2633 781 2731 lege
799 2634 956 2734 petitam,
977 2660 1150 2734 exponens
1166 2633 1259 2707 illam
1276 2634 1421 2734 permis·

299 2748 430 2823 sionem
452 2748 557 2820 dandi
582 2748 733 2822 libellum
761 2749 912 2848 repudii,
942 2748 1095 2849 adeoque
1118 2748 1326 2823 dissociandi
1344 2774 1422 2823 con·

298 2863 448 2961 iugium,
477 2864 648 2964 aliamque
673 2891 812 2938 uxorem
842 2864 989 2939 ducendi
1009 2864 1116 2939 luisse
1140 2880 1417 2964 temporaneam,

298 2992 402 3077 atque
431 2978 648 3052 oeconomiae
677 2979 786 3076 gratia
805 2977 852 3052 ob
877 2978 997 3053 duram
1024 2978 1140 3078 populi
1164 2977 1310 3052 indolem
1339 3003 1419 3052 eou-

299 3117 452 3179 cessam,
474 3119 561 3193 quae
578 3093 722 3194 proinde
737 3094 921 3168 auferenda
937 3112 1029 3168 esset
1045 3151 1054 3183 ,
1074 3110 1113 3167 ut
1128 3093 1317 3193 coniugalis
1334 3092 1419 3167 unio

298 3207 342 3282 ad
367 3208 573 3308 primaevam
593 3208 744 3283 divinam
770 3210 1013 3285 institutionem
1039 3225 1261 3283 revocaretur.

373 3324 406 3394 2.
432 3324 529 3411 Quod
547 3325 578 3398 si
595 3324 642 3398 ita
654 3341 724 3413 est,
744 3342 866 3425 suapte
879 3342 999 3400 natura
1015 3325 1232 3425 consequitur
1245 3323 1417 3398 Christum

297 3440 554 3539 insequentibus
578 3441 708 3515 verbis:
740 3441 858 3514 «Diuo
882 3459 991 3516 autem
1014 3440 1133 3529 vobis,
1157 3441 1239 3541 quia
1262 3441 1419 3541 quicum-

296 3580 364 3654 que
377 3553 545 3629 dimiserit
557 3582 695 3630 uxorem
708 3582 805 3630 suam
820 3614 828 3645 ,
845 3557 912 3632 nisi
924 3556 969 3630 ob
982 3556 1247 3645 fornicationem,
1268 3571 1303 3630 et
1314 3554 1416 3628 aliam

370 3758 422 3822 (at)
437 3761 557 3810 Hunores
572 3759 635 3811 forte
650 3760 771 3824 pharisaei
787 3773 889 3824 corum,
906 3774 970 3825 quae
989 3760 1103 3812 cbristus
1120 3759 1217 3810 dixerat
1228 3760 1315 3810 Mattb.
1334 3762 1363 3809 V.
1377 3766 1417 3822 tt,

294 3849 373 3901 eaque
393 3838 545 3889 conterentes
567 3852 624 3889 eum
643 3852 689 3900 eo,
709 3840 776 3903 quod
792 3843 888 3903 Moyses
897 3841 1041 3904 permiserat
1059 3838 1167 3902 ludaeis,
1184 3837 1313 3903 repudiare
1328 3851 1419 3890 uxores

292 3928 362 3978 suas,
383 3929 446 3980 quas
461 3917 544 3967 edisse
565 3917 716 3981 coepissent,
736 3917 794 3969 dato
815 3919 891 3970 libelli
908 3918 1025 3983 repudio,
1036 3918 1204 3982 sperabnotae
1214 3930 1244 3968 eo
1254 3919 1352 3968 acturos
1367 3920 1416 3967 Do·

293 3998 390 4046 minum
401 3999 496 4059 lesum,
507 3998 536 4046 ut
545 3996 571 4045 in
586 3997 731 4047 alterutrum
742 3998 892 4049 dilernmatia
911 4012 988 4049 cornu
1000 3999 1158 4063 impingeret,
1169 4010 1257 4062 nempe
1266 3998 1307 4048 vel
1321 3999 1350 4048 ut
1367 3996 1416 4048 sibi

291 4074 341 4139 ipsi
361 4076 554 4138 onerarere,
574 4076 710 4140 quotidem
725 4091 768 4128 seu
791 4077 930 4129 duetrluam
950 4092 1020 4129 auaro
1040 4091 1070 4129 so
1090 4077 1193 4143 protrme
1210 4077 1419 4129 sublimationem

294 4168 369 4220 penes
389 4157 508 4221 populum
527 4155 724 4221 deicerentur!
744 4158 824 4222 Moysi
843 4160 1001 4222 repugnaret,
1013 4157 1082 4223 qnod
1097 4157 1178 4209 scelus
1193 4157 1294 4221 lubset,
1310 4160 1336 4208 et
1347 4157 1411 4209 blas·

293 4235 406 4301 muriae
432 4251 509 4301 genus
528 4240 608 4290 morta
632 4239 760 4304 pandum.
785 4238 826 4290 ct.
847 4239 939 4291 Draeb.
962 4242 1008 4291 Du
1031 4239 1137 4291 divom
1159 4237 1228 4290 duras
1250 4237 1280 4289 la
1303 4250 1413 4303 manco·

293 4328 417 4448 putupsuq
434 4324 465 4369 at
480 4331 533 4384 seq.
549 4321 603 4372 tice
623 4319 706 4385 ipsum
719 4319 828 4373 maneat
842 4330 862 4372 s.
881 4322 917 4372 lo.
937 4320 1127 4386 Chrysostomns
1146 4320 1213 4372 bom.
1231 4326 1272 4373 ot.
1288 4318 1351 4371 alias
1369 4325 1410 4371 ea
