3234 5084
341 420 411 469 uir.
428 421 451 469 ι.
469 420 508 471 ur
519 420 695 471 rossontus
711 421 915 472 smuurmrs.
934 422 1003 471 ror.
1023 423 1065 471 ιν.
1205 402 1250 472 te

24 626 25 629 Ἴ
148 536 235 637 apud
264 561 326 609 eos
350 536 473 609 valent.
506 537 640 610 Etenim
667 538 788 611 rectius
813 565 872 611 sos
895 538 1022 612 dixeris
1051 538 1252 614 constituere

148 651 342 749 religionem
356 677 377 723 a
389 651 574 724 christiana
586 651 722 725 omniuo
733 652 914 740 diversam,
931 679 993 726 neo
1005 679 1126 727 noram
1138 679 1254 752 quam

23 770 24 827 i
146 767 221 839 dam
244 780 372 839 sentam
392 766 628 853 christianam,
645 765 705 840 sed
719 767 829 865 potius
843 768 1022 868 quomdam
1036 772 1159 842 novum
1172 768 1253 842 isla·

148 882 305 953 mismum
331 880 543 954 eonstituers.
567 881 692 953 Revera
717 881 996 978 quomadmodum
1024 880 1190 955 islemitas
1217 883 1251 956 in

148 992 369 1091 Euangelium
390 1009 423 1065 ot
446 994 481 1064 in
499 994 607 1066 lesum
625 992 812 1080 Christum,
833 1018 894 1066 sua
912 1010 1022 1068 tamen
1046 994 1190 1082 ratione,
1217 1021 1254 1068 se

147 1108 282 1183 eredere
306 1107 502 1206 profitentur
522 1122 556 1179 at
574 1105 676 1180 simul
700 1107 840 1180 eredunt
869 1107 968 1180 stiam
994 1109 1028 1180 in
1053 1107 1252 1183 Alooranum

148 1236 318 1321 tamquam
343 1221 378 1292 iu
402 1220 542 1306 librum,
564 1219 622 1319 qui
643 1220 703 1292 Dei
726 1220 868 1293 verbum
887 1221 1052 1307 eontinet,
1074 1223 1137 1294 etsi
1154 1221 1252 1295 bloo-

152 1361 253 1409 runus
278 1334 312 1406 in
338 1333 452 1407 multis
472 1333 652 1431 Evangelio
674 1332 887 1419 adversetur,
912 1333 963 1407 sic
984 1335 1203 1409 mormonitae
1219 1352 1251 1407 et

151 1450 186 1523 in
211 1448 430 1548 Evangelium
455 1449 590 1522 eredere
610 1473 648 1521 se
668 1447 784 1523 dieunt
799 1464 835 1521 at
851 1447 951 1522 simul
969 1447 1003 1519 in
1026 1446 1148 1520 librum
1172 1450 1255 1522 bion

151 1565 259 1638 monis
283 1580 399 1662 utpote
420 1564 477 1662 qui
504 1562 642 1636 verbum
659 1563 720 1636 boi
739 1563 918 1649 contineat,
940 1562 1165 1662 polygamiom
1187 1588 1252 1637 non

150 1704 248 1753 senus
260 1705 301 1751 ao
313 1677 478 1750 islamitas
497 1677 613 1752 divino
632 1678 705 1750 iure
724 1677 790 1750 sibi
811 1677 1010 1776 permissam
1034 1676 1248 1750 arbitrantur:

149 1792 298 1866 Boulesis
325 1792 408 1865 baec
430 1807 614 1864 sanctorm
638 1791 766 1865 sauotis
782 1792 855 1865 suis
878 1791 943 1864 iarn
960 1791 1004 1864 ab
1020 1792 1084 1864 bac
1104 1793 1175 1865 vita
1191 1791 1250 1866 de·

150 1907 245 1979 lisias
270 1905 497 2003 degustandas
523 1904 659 2006 praebet
688 1905 838 2003 paradisi
862 1920 898 1979 ut
921 1905 989 1979 diei
1014 1905 1098 1979 solet
1121 1905 1248 1978 islami-

152 2034 257 2094 torum
288 2036 321 2093 ot
350 2020 616 2119 epicuraeorum.
644 2019 888 2093 Revelationsm
921 2021 1010 2094 oiroa
1040 2019 1251 2120 polygamiae

150 2160 247 2208 usum
266 2161 305 2208 ue
321 2135 375 2207 ius
392 2135 504 2207 datam
524 2134 629 2207 fuisse
654 2135 770 2207 dicunt
793 2135 852 2207 uni
879 2159 918 2206 sx
944 2133 1107 2208 ecelesiae
1129 2135 1253 2233 primo·

151 2248 242 2322 ribus
268 2249 393 2349 Siduey
418 2247 546 2346 Rigdon
572 2249 606 2319 in
629 2248 713 2321 urbe
734 2251 889 2337 Nauem,
915 2249 957 2323 de
982 2276 1049 2349 qua
1070 2276 1174 2348 supra
1190 2250 1252 2322 uli-

150 2362 232 2461 quid
253 2363 446 2449 innuimus,
468 2389 507 2436 ae
532 2363 640 2462 primo
660 2362 744 2437 bueo
768 2363 950 2438 immordis
975 2363 1127 2437 doctrine
1152 2364 1253 2437 oobo·

151 2493 280 2551 uestuta
302 2476 366 2551 fuit
387 2477 522 2551 nomine
547 2478 730 2577 spiritualia
750 2479 961 2578 poiwamiae
976 2478 1055 2552 lieet
1070 2503 1110 2550 ex
1127 2504 1167 2551 ea
1185 2504 1251 2551 uon

21 2690 22 2693 Ἴ
149 2594 301 2689 spiritur,
321 2592 381 2666 ssd
399 2593 539 2664 bornim
563 2608 824 2692 procrearentur.
854 2593 991 2666 Publica
1015 2593 1099 2667 haec
1123 2618 1252 2665 morum

23 2730 26 2735 ’
151 2706 310 2793 foeditas,
345 2722 477 2804 praeter
504 2705 647 2779 rationes
664 2706 818 2805 politicas
836 2706 879 2779 ob
897 2722 1006 2778 seotae
1028 2707 1249 2790 incrementa,

152 2846 220 2894 non
249 2820 369 2894 ultima
399 2820 463 2894 brit
484 2847 525 2894 ex
550 2820 664 2894 causis
693 2847 753 2894 our
783 2820 1065 2919 quemadmodum
1090 2834 1188 2893 autea
1212 2844 1253 2893 ex

149 2935 306 3007 Mssaoori
327 2935 373 3007 ita
396 2934 475 3007 dein
499 2960 539 3006 ox
564 2935 692 3007 Iliiooie
716 2935 868 3032 pervim
893 2934 1091 3007 eiicerentur
1110 2960 1150 3008 ao
1171 2933 1252 3006 urbs

150 3049 226 3147 ipss
249 3050 383 3123 Nauvoo
410 3048 574 3122 deleretur
594 3051 705 3145 (158).
723 3051 804 3122 Tum
830 3074 908 3123 vero
933 3075 1119 3124 mormones
1146 3050 1253 3123 inore-

150 3162 245 3235 dibili
272 3163 440 3236 alacritate
463 3179 496 3237 et
520 3163 707 3237 constantia
722 3164 756 3235 in
770 3164 1009 3237 remotissimas
1034 3163 1250 3263 desertasque

151 3278 393 3353 foederatorum
406 3280 557 3352 Statuum
571 3279 723 3377 regiones
741 3279 984 3376 immigrarunt‚
1000 3295 1100 3378 atque
1117 3280 1150 3350 in
1162 3278 1250 3351 veile

151 3418 237 3492 quae
263 3394 385 3467 dicitur
401 3396 505 3469 Lacus
523 3393 610 3467 Salis
628 3395 704 3468 novi
721 3396 833 3468 Status
851 3393 1064 3466 fundamenta
1083 3394 1248 3477 iecerunt,

151 3535 249 3606 quem
275 3509 405 3582 deseret
425 3525 565 3595 vocent,
590 3524 689 3608 atque
714 3508 792 3581 illue
816 3535 855 3581 ex
882 3506 1081 3606 propinquis
1100 3504 1249 3577 Statibus

152 3621 353 3697 Caliiorniae
374 3640 406 3697 et
430 3622 581 3721 Oregou,
601 3638 634 3695 et
651 3650 689 3696 ex
709 3622 862 3696 tribubus
884 3621 1055 3694 Amerioae
1072 3637 1160 3693 etex
1179 3644 1251 3718 pro

220 3874 288 3937 (tos)
305 3874 380 3924 Paulo
394 3876 449 3937 post
465 3886 618 3924 momronurn
638 3874 820 3937 emigrationem
836 3872 867 3922 ad
884 3872 951 3922 urbis
966 3869 1197 3931 Nauvouretiquius
1212 3869 1251 3919 de·

150 3954 217 4005 veuit
226 3966 256 4003 es
269 3954 356 4004 Galliis
366 3953 462 4003 colonis
471 3953 642 4015 imeneorum,
654 3952 720 4017 digni
734 3966 834 4016 prorsus
845 3953 887 4016 qut
900 3950 1066 4002 monnontbns
1078 3950 1249 4001 succederent:

150 4032 248 4083 tndem
260 4044 325 4081 anuo
340 4038 406 4082 reso.
419 4028 477 4082 urbs
491 4044 590 4095 prorsus
599 4030 678 4082 deletu
686 4035 724 4081 est
734 4031 807 4081 droul
819 4044 877 4081 eum
889 4030 979 4093 templo
992 4030 1032 4079 cui
1043 4042 1180 4079 momones
1189 4029 1251 4079 tuoe

151 4111 330 4175 inscriptionem
339 4110 474 4160 affixerunt.
485 4112 537 4161 The
545 4111 621 4161 house
629 4110 657 4160 ot
663 4109 788 4161 tbeLord:
799 4110 863 4161 built
873 4109 904 4174 by
912 4110 953 4160 tbe
958 4109 1055 4160 choreb
1063 4109 1091 4159 ot
1096 4111 1163 4160 lesus
1171 4110 1253 4159 Christ

149 4190 177 4239 ot
185 4189 321 4253 uberday
330 4189 416 4240 suiub.
425 4188 537 4239 norum
550 4189 576 4239 to
585 4188 627 4239 the
637 4189 710 4239 Lord.
720 4192 818 4240 Demus
834 4191 937 4240 nomint
950 4186 1090 4251 aedificato
1100 4188 1134 4239 ob
1144 4187 1252 4238 ecclesia

151 4272 212 4319 lesu
223 4268 321 4320 cbrbtt
332 4267 645 4320 immensissimis
660 4271 820 4320 onustorum.
832 4270 961 4319 sunctum
978 4270 1095 4319 Domino.
1107 4270 1137 4316 V.
1148 4268 1252 4329 Harpers

150 4348 296 4410 uoqoztne.
308 4345 359 4400 rue
368 4345 667 4399 nomenniomen
682 4353 748 4399 reue.
760 4347 809 4398 vol.
822 4348 865 4397 vr.
879 4360 902 4410 p.
912 4353 966 4397 ers.
