3234 5084
306 470 760 526 ma.1r.usmn1ss.mra.ru
777 472 994 525 crusinam.
1012 473 1083 524 uer.
1097 470 1145 526 ιιι.
1225 451 1295 524 tot

179 618 297 677 ceusu,
326 591 371 667 oh
394 579 624 666 fornicationis
653 580 718 664 seu
745 589 902 664 adulterii
932 615 1071 665 eausam
1103 590 1295 666 facultatem

180 706 335 807 praebuit
358 721 429 778 tum
454 703 644 777 dimittendi
671 729 806 778 uxorem
825 703 1097 805 delinquentem,
1126 722 1214 793 tum,
1236 704 1296 779 illa

177 822 340 908 dimissa,
367 819 469 893 aliam
492 818 653 892 ducendi.

251 937 354 1010 Porro
378 959 503 1033 scopus
529 932 656 1005 Christi
685 926 888 1006 contrarium
909 933 1045 1006 omniuo
1063 934 1222 1008 ostendit.
1238 934 1298 1009 lit·

176 1052 266 1126 euim
291 1049 447 1124 Christus
472 1038 592 1122 novam
617 1046 883 1146 legislationem,
911 1042 1040 1147 quain
1066 1046 1212 1123 ecclesia
1233 1076 1296 1124 sua

178 1166 391 1240 matrimonia
403 1164 474 1262 regi
486 1163 646 1250 debeant,
659 1162 800 1262 opponit
817 1161 882 1261 legi
895 1163 1077 1251 mosaicae,
1088 1163 1181 1239 iuxta
1193 1190 1296 1266 quam

179 1281 344 1381 permissa
368 1294 441 1353 eret
463 1276 589 1352 vinculi
615 1278 803 1376 coniugalis
829 1276 964 1352 solutio.
994 1279 1065 1350 lam
1089 1304 1169 1352 vero
1194 1279 1297 1354 finem

177 1397 269 1469 huuc
292 1421 360 1469 non
387 1395 573 1492 attigisset,
594 1395 623 1468 si
641 1393 925 1493 quemadmodum
951 1393 986 1465 iu
1012 1393 1115 1468 veteri
1135 1393 1228 1493 lege,
1250 1395 1296 1469 ita

176 1529 210 1586 et
225 1512 261 1584 iu
279 1535 367 1584 nora
383 1510 608 1584 concessisset
629 1510 702 1583 uiro
729 1535 796 1583 non
822 1508 931 1583 solum
950 1509 1118 1584 dimittere
1134 1535 1292 1596 uxorem,

176 1626 362 1701 sedetiam
388 1623 566 1726 repudiata
592 1625 723 1724 poma,
751 1623 889 1698 alteram
922 1624 1063 1710 ducere,
1088 1622 1235 1724 itemque
1265 1625 1294 1698 si

176 1742 311 1815 mulieri
329 1741 492 1814 dimissae
509 1754 585 1840 post
601 1738 782 1813 divortium
801 1739 1028 1814 concessisset
1044 1739 1141 1813 alteri
1153 1739 1291 1828 nubere,

177 1856 417 1935 interveniente
442 1854 597 1928 adulterii
620 1853 762 1951 flagitio.

249 1970 345 2059 Quae
356 1986 395 2044 ut
406 1970 531 2044 clarius
545 1968 788 2066 intelligantur,
804 1968 872 2042 duo
884 1969 1111 2067 dispescenda
1129 1970 1186 2043 hie
1199 1984 1291 2057 suut,

176 2086 315 2185 utplus
340 2085 445 2160 semel
470 2085 640 2172 diximus,
669 2084 814 2158 facultas
845 2083 1035 2157 dimittendi
1067 2110 1231 2174 uxorem,
1261 2102 1296 2160 st

176 2201 318 2276 facultas
343 2202 482 2275 alteram
508 2200 665 2274 ducendi.
692 2199 838 2272 Primam
863 2200 1045 2273 coarctavit
1068 2199 1224 2275 Christus
1250 2200 1294 2275 ad

177 2316 285 2391 solum
310 2316 539 2390 fornicationis
557 2341 618 2389 seu
638 2313 794 2388 adulterii
812 2340 951 2401 oasum3
972 2330 1005 2388 et
1021 2313 1089 2388 hue
1106 2315 1295 2390 reseruntur

176 2434 289 2531 priora
310 2431 437 2505 Christi
457 2431 580 2506 verba:
600 2429 750 2505 «Omnis
770 2430 830 2530 qui
852 2426 1020 2504 dimiserit
1040 2456 1178 2505 uxorem
1195 2457 1294 2506 suam

176 2560 315 2646 excepta
339 2545 569 2620 fornicationis
593 2570 718 2633 causa,
746 2544 827 2618 lacit
850 2568 925 2616 eam
950 2544 1137 2632 moechari;
1153 2545 1227 2618 »ad
1245 2546 1296 2620 al·

176 2676 280 2735 teram
299 2675 452 2761 spectum
468 2660 654 2761 posteriora
670 2658 791 2746 verha;
805 2674 864 2732 «et
876 2658 936 2757 qui
949 2658 1128 2734 dimissam
1146 2660 1290 2747 duxerit,

175 2775 373 2850 adulterato
397 2774 523 2875 quihus
547 2772 659 2849 uerbis
685 2772 829 2847 facultas
854 2798 960 2846 novas
991 2772 1130 2848 ineundi
1156 2773 1294 2873 nuptias

174 2888 286 2991 aperte
314 2906 466 2989 negatur.
489 2889 586 2976 Quod
612 2888 769 2963 Christus
795 2889 831 2961 iu
857 2914 940 2963 oasa
967 2886 1123 2963 adulterii
1154 2884 1295 2963 faculta-

174 3024 240 3080 tem
256 3005 460 3080 concesserit
477 3005 688 3079 dimissionis
706 3004 819 3105 quoad
837 3020 946 3078 torum
961 3020 994 3078 et
1009 3004 1294 3079 cohabitationem

174 3122 266 3197 nulla
286 3138 438 3197 mouetur
453 3121 629 3222 quaestio,
651 3146 729 3195 cum
746 3120 833 3195 haec
850 3121 894 3195 ah
910 3121 1068 3196 omnihus
1087 3123 1159 3197 sire
1175 3121 1294 3196 catho-

174 3238 248 3312 licis
266 3239 339 3314 siae
356 3237 553 3313 acatholicis
572 3236 671 3311 lacile
687 3237 901 3324 admittatur,
918 3238 961 3312 de
973 3260 1042 3338 qua
1054 3254 1088 3312 et
1100 3264 1161 3312 uos
1175 3253 1293 3338 postea

171 3353 276 3427 acturi
301 3378 431 3427 sumus.
639 3444 644 3455 ,
998 3340 1001 3345 ἢ

244 3467 351 3565 lgitur
370 3466 553 3541 difficultas
570 3452 623 3541 eet
639 3466 751 3567 quoad
775 3466 969 3541 facultatem
994 3467 1096 3540 aliam
1122 3466 1289 3553 ducendi,

172 3581 316 3656 dimissa
328 3582 499 3670 adultera,
516 3608 577 3657 seu
590 3582 702 3682 quoad
714 3582 840 3657 vinculi
856 3582 1067 3656 solutionem.
1079 3583 1174 3656 Hono
1192 3606 1293 3681 porro

173 3697 363 3773 facultatem
381 3698 538 3772 Christus
555 3698 692 3772 omnino
714 3698 862 3772 sustulit.
879 3699 986 3785 Sane,
1008 3700 1038 3771 si
1056 3697 1211 3771 Christus
1230 3722 1291 3797 per

172 3811 290 3887 rerba:
310 3828 341 3887 et
357 3816 417 3913 qui
431 3813 602 3886 dimissam
625 3812 778 3899 duxerit,
804 3813 989 3899 adulterat,
1012 3840 1079 3887 non
1097 3812 1291 3887 sustulisset

172 3927 372 4002 solutionem
399 3929 604 4004 matrimonii
626 3928 737 4030 quoad
758 3929 952 4017 vinculum,
975 3955 1043 4003 non
1069 3929 1222 4003 dedisset
1243 3929 1292 4002 le-

169 4044 415 4143 gementique
449 4043 781 4145 praecellentiorem
811 4045 879 4120 imo
904 4045 969 4119 suh
995 4044 1109 4147 aliquo
1136 4061 1291 4145 respectu

169 4159 277 4258 legem
302 4160 454 4235 dedisset
475 4161 625 4235 mosaica
650 4161 861 4237 deteriorem.
880 4163 949 4235 lam
974 4187 1054 4236 vero
1078 4161 1235 4236 Christus
1256 4161 1290 4234 in

171 4275 235 4349 hoc
263 4260 638 4351 connatadeolaravit
656 4302 694 4351 se
711 4278 760 4352 uti
784 4303 907 4352 novum
931 4275 1159 4376 legislatorem
1181 4303 1291 4351 emen·

170 4390 252 4466 dare
268 4391 375 4480 aelle,
401 4409 502 4492 atque
527 4392 569 4466 ad
596 4393 835 4492 perlectionem
863 4393 1030 4467 adducere
1055 4394 1227 4494 antiquam
1248 4392 1291 4464 de
