3234 5084
284 462 354 513 cnr.
375 460 420 511 iv.
433 458 474 510 nn
490 457 603 510 omno.
620 457 712 510 ruam
726 457 764 510 11
776 456 850 509 osu.
868 456 1097 510 succuum.
1115 458 1138 509 1.
1212 433 1283 509 cui

252 582 295 653 ii.
324 579 395 652 lam
420 575 623 677 inquirenda
646 575 745 651 nobis
770 576 871 651 istius
902 601 1044 677 praxeos
1078 575 1173 674 origo
1204 592 1281 665 est,

163 723 264 799 quam
289 694 389 768 facile
413 693 449 766 in
474 690 606 791 legibus
631 692 811 780 civilibus,
840 717 928 793 quac
951 691 1095 766 diuortia
1115 691 1286 792 permitte·

163 812 264 898 hant,
292 825 325 885 ct
350 809 386 881 in
412 807 525 882 indole
549 833 689 905 graecae
713 808 824 905 gentis
850 807 1049 906 reperimus.
1069 807 1284 908 Exploratum

166 952 268 1028 penes
293 924 444 999 eruditos
475 938 527 996 est
550 922 682 1021 legibus
707 923 944 1024 imperatomm
968 921 1177 999 ethnicorum
1201 922 1285 997 viris

164 1036 537 1141 praesertimindultam
555 1036 662 1111 luisse
675 1037 818 1112 diuortia
838 1037 982 1111 faciendi
999 1036 1203 1113 facultatem.
1224 1039 1287 1109 lm·

167 1170 337 1257 pecatores
361 1152 537 1227 christiani
564 1151 644 1226 huic
666 1152 756 1227 malo
786 1178 960 1226 cucumere
989 1151 1127 1251 quidem
1160 1167 1287 1250 satege-

167 1284 265 1356 runt3
283 1283 428 1341 attamen
445 1292 523 1340 cum
537 1292 659 1364 magna
676 1265 788 1340 adhuc
806 1283 902 1367 parte
920 1267 1097 1364 imperium
1109 1291 1283 1339 romanum

167 1382 313 1458 ethnicis
329 1398 511 1470 constaret,
535 1382 670 1455 nonnisi
696 1409 757 1483 per
781 1382 907 1480 gradus
933 1382 1099 1481 quosdam
1124 1382 1286 1483 antiquas

168 1499 269 1598 leges
286 1497 463 1571 emendare
487 1513 678 1596 potuerunt.
704 1498 816 1585 Quum
835 1524 914 1573 vcro
931 1497 1090 1598 deinceps
1107 1497 1287 1572 emendare

169 1630 308 1715 possent
324 1639 363 1687 ac
380 1612 556 1700 deberent,
576 1614 690 1712 potius
707 1612 862 1687 divortiis
881 1612 991 1710 magis
1008 1612 1172 1686 laverunt.
1195 1611 1286 1698 Quo·

169 1730 258 1805 circa
271 1730 353 1828 imp.
369 1726 610 1804 Constantinus
622 1729 667 1802 Μ.
683 1728 791 1827 legem
811 1728 906 1816 tulit,
927 1755 995 1827 qua
1011 1754 1133 1802 causas
1152 1727 1285 1802 divortii

170 1844 214 1919 ad
233 1861 299 1918 tres
318 1844 500 1918 coaretavit
516 1844 551 1916 in
569 1842 733 1931 foemina,
755 1870 896 1944 nempe:
916 1844 973 1916 «Si
987 1842 1213 1932 homicidam,
1231 1844 1285 1917 vel

169 1957 500 2033 medicamentarium
514 2014 522 2045 ‚
542 1956 595 2031 vel
608 1957 864 2058 sepulchrorum
876 1957 1114 2033 dissolutorem
1128 1958 1285 2032 maritum

167 2099 266 2148 suum
296 2098 373 2147 esse
401 2071 618 2173 probauerit»
639 2073 675 2144 in
704 2073 787 2147 viris
817 2074 960 2173 pariter:
993 2073 1061 2145 «Si
1091 2073 1280 2160 moechum,

167 2186 220 2261 vcl
244 2186 575 2260 medicamentariam
591 2243 600 2275 ,
619 2186 673 2261 vel
691 2186 952 2262 conciliatricem
970 2187 1149 2289 repudiare
1171 2188 1287 2264 uolue-

170 2303 215 2375 rit
229 2304 344 2398 (11).»
364 2300 460 2375 Hanc
472 2302 627 2375 eamdem
644 2299 752 2399 legem
765 2302 1006 2375 confirmarunt
1023 2318 1057 2376 et
1068 2302 1289 2377 extenderunt

170 2417 388 2516 imperatores
400 2417 582 2506 Honorius,
599 2416 809 2491 Theodosius
822 2434 856 2491 et
865 2417 1104 2493 Constantinus
1117 2419 1165 2491 Du
1172 2420 1288 2520 pocuu‘s

170 2535 288 2606 iniusti
298 2533 444 2633 repudii,
465 2535 547 2606 iusti
558 2547 671 2607 contro
682 2534 841 2632 praemiis
857 2535 946 2630 (11).
963 2532 1080 2609 Plures
1094 2533 1182 2608 aliae
1194 2533 1286 2632 legas

169 2649 286 2723 cadem
302 2649 345 2722 de
368 2676 405 2723 re
423 2650 574 2724 sancitas
599 2665 678 2722 sunt
702 2647 744 2721 ab
770 2647 1028 2749 imperatoribus
1048 2649 1287 2751 subsequenti-

171 2764 253 2851 bus,
273 2790 427 2866 quaequo
453 2764 642 2839 reseruntur
667 2764 701 2837 in
732 2764 849 2839 codice
869 2765 1075 2854 Iustiniani,
1103 2765 1229 2867 quibus
1253 2784 1288 2843 et

172 2878 258 2953 alias
283 2880 356 2979 ipsc
380 2881 586 2955 Iustinianus
607 2880 731 2954 adiecit
753 2883 843 2976 (13).
871 2882 953 2954 Nam
980 2883 1055 2981 ipsc
1071 2882 1286 2956 Anastasium

172 2995 322 3068 imitatus
352 2994 388 3067 in
420 2995 551 3094 legibus
581 2995 722 3071 novellis
752 2996 796 3068 ad
825 2997 984 3070 loannem
1013 3014 1047 3071 et
1077 2997 1286 3074 Theodotum

172 3108 339 3208 praetorio
356 3109 539 3210 praefectos
557 3110 681 3185 laxavit
699 3109 778 3183 mali
798 3110 952 3186 habenas
970 3111 1186 3212 repudiorum
1205 3140 1287 3189 cau·

173 3250 232 3299 sas
249 3224 454 3312 extendens,
481 3224 581 3299 etde
606 3224 825 3298 irrationabili
852 3227 992 3326 repudio
1017 3227 1124 3302 solam
1141 3229 1286 3328 puniens

174 3339 349 3415 mulierem
377 3340 619 3442 quinquennali
645 3340 848 3417 abstinentia
873 3370 894 3417 a
918 3343 1015 3419 nouis
1041 3345 1168 3445 nuptiis
1192 3347 1282 3442 (ii).

247 3536 300 3599 (11)
315 3538 378 3600 imp.
389 3537 565 3588 consuntinns
575 3540 604 3586 Α.
619 3536 651 3586 ad
665 3536 795 3588 Ablavium
806 3541 845 3589 Do
859 3538 977 3604 repudiis
992 3539 1158 3591 1111111111).
1172 3542 1215 3591 iil.
1228 3539 1284 3592 cod.

174 3616 336 3667 Theodosium
356 3630 414 3668 cum
435 3620 566 3668 comment.
580 3619 615 3668 lu.
629 3618 782 3670 Gothuiredi.
795 3620 908 3684 Lugduni
928 3627 996 3673 icoo.
1011 3624 1071 3672 tum.
1085 3623 1106 3672 1.
1118 3634 1143 3685 p.
1157 3627 1211 3673 iit.

250 3698 301 3759 (11)
318 3696 382 3748 ibid.
395 3710 449 3762 pag.
467 3704 521 3749 stc.

248 3778 298 3839 (1⁸)
314 3777 416 3829 codicis
435 3780 610 3828 sacratissimi
637 3781 759 3843 imporat,
786 3783 932 3832 Iustiniani
953 3794 1000 3847 pp.
1018 3783 1132 3846 Aucusti
1152 3781 1207 3833 libri
1227 3784 1283 3834 xii.

171 3857 289 3907 Accurtit
304 3860 634 3919 communicauerunt
647 3862 674 3910 ct
690 3861 816 3924 Duuyui,
825 3860 978 3924 Gotmsrodi
990 3864 1038 3912 etc.
1052 3861 1283 3914 trucutrottcutiur

173 3934 313 3988 illustrati.
328 3939 405 4002 bugd.
422 3947 490 3990 1111.
505 3940 567 3990 cod.
581 3939 665 3991 iihv.
678 3941 803 3991 11111111.
818 3944 857 3991 Dc
866 3940 985 4006 repudiis
992 3954 1017 4006 p.
1030 3948 1099 3993 1²⁸8.
1113 3954 1183 4006 seqq.

250 4017 301 4079 (ii)
316 4020 373 4082 Lug.
391 4023 468 4070 xxti.
486 4033 509 4072 c.
528 4025 579 4072 117.
600 4019 664 4071 ilinc
684 4021 805 4072 ausura
823 4022 850 4072 in
867 4024 1000 4087 sprituum.
1014 4021 1171 4088 atpuaoctu.
1188 4020 1241 4072 ute.
1253 4022 1285 4072 G.

174 4109 197 4147 c.
213 4104 249 4149 ta.
264 4096 360 4147 scribit:
380 4098 412 4148 de
429 4100 510 4151 camis
527 4099 628 4151 divortii
648 4100 712 4163 leges
728 4099 816 4150 ciuiles
831 4101 917 4151 multis
932 4101 958 4150 in
975 4101 1037 4152 iocis
1051 4104 1173 4163 tractare,
1186 4099 1284 4165 plenius

172 4175 292 4227 tamenin
304 4178 404 4229 Narelia
413 4178 473 4243 imp.
485 4179 614 4231 iustiniani
629 4181 713 4244 (117.)
724 4180 750 4231 in
765 4193 816 4244 qua
831 4193 920 4233 musac
931 4183 1086 4233 rwumcutur
1098 4194 1113 4232 1
1125 4180 1216 4245 qulbus
1228 4180 1289 4232 colis

176 4257 359 4308 matrimonium
378 4257 511 4310 dissnlverc
526 4260 614 4324 iioeat,
627 4263 653 4312 et
670 4259 772 4324 quidum
789 4263 929 4325 aequemus.
937 4287 970 4299 -·
979 4264 1027 4313 Pro
1042 4261 1132 4313 marito
1141 4287 1172 4300 -

251 4336 367 4388 Mantum
389 4338 517 4402 repudium
537 4340 608 4390 osori
628 4339 724 4391 mittere
744 4352 823 4403 puoso,
846 4348 868 4391 1.
887 4340 913 4391 si
932 4341 1110 4393 coniurationis
1135 4343 1221 4393 cunin
1240 4342 1286 4392 im·

174 4415 270 4480 perium
287 4415 400 4479 conscia,
413 4417 467 4466 viru
487 4431 532 4467 sue
550 4430 598 4468 nou
619 4419 718 4469 revelet.
