3234 5084
352 447 422 497 cur.
434 447 479 494 vr.
491 446 533 496 aa
545 445 623 497 mss.
641 446 736 497 ιιιιι.
748 447 908 511 samson
924 447 1085 501 nomeu.
1216 429 1280 501 iti

178 581 269 640 tenet
289 564 399 637 loo'um
416 563 610 660 coniugium
629 581 738 636 ratum
755 578 789 635 et
805 588 873 637 non
890 580 1174 653 nonsummum,
1194 567 1284 666 qaod

179 680 262 753 solvi
281 703 382 779 posse
400 702 461 776 per
483 676 665 752 solemnem
685 676 857 775 religionis
877 678 1117 777 professionem
1134 678 1286 754 doctrina

178 794 342 867 catholiea
368 807 431 866 eat.
936 798 938 803 '

250 908 345 981 liano
368 906 554 980 doctrinam
579 907 687 980 adorti
712 921 792 981 snut
814 920 989 980 novatores
1010 933 1099 982 saee.
1115 910 1286 996 Xlil.‚seu

177 1039 214 1096 ut
243 1023 536 1123 ipsissimam,
564 1047 733 1095 sacrorum
760 1022 1012 1109 emendatores,
1039 1024 1151 1096 verius
1175 1039 1286 1098 antem

176 1152 406 1236 corruptorem
431 1139 490 1237 qui
508 1163 611 1237 quum
630 1136 672 1208 ad
690 1163 795 1210 unum
812 1162 929 1210 omnes
946 1136 1148 1212 abhorreant
1162 1165 1184 1212 a
1199 1140 1286 1213 rotis

179 1251 347 1348 religiosis
358 1264 369 1339 ,’
393 1267 509 1350 utpote
533 1276 655 1348 magna
678 1277 719 1324 ex
742 1266 837 1350 parte
861 1278 881 1323 e
905 1250 1061 1324 claustris
1094 1253 1286 1350 transfugae

177 1381 213 1438 et
224 1380 395 1464 apostatae
410 1367 475 1460 (l),
492 1365 539 1437 nil
553 1365 661 1461 magis
677 1365 770 1438 eordi
789 1363 990 1451 habuerunt,
1006 1390 1108 1464 quam
1126 1381 1164 1439 ut
1180 1366 1287 1440 inani·
1303 1446 1304 1449 Ἴ

179 1493 286 1551 tatem·
312 1478 532 1578 professionis
562 1477 736 1575 religiosae
768 1476 1011 1577 praedicarent.
1039 1478 1082 1549 Hi
1112 1497 1286 1578 propterea

180 1592 259 1664 dum
278 1592 393 1667 iaeiles
415 1593 499 1666 adeo
516 1619 556 1667 se
573 1592 797 1691 praebuerunt
813 1593 858 1664 in·
871 1591 1099 1667 dissolvendis
1120 1594 1286 1691 coniugiis
1372 1596 1374 1602 ’

179 1707 279 1781 etiam
305 1707 544 1783 eonsummatis
567 1706 738 1794 fidelium,
762 1706 922 1781 dilfieiles
947 1707 1084 1781 omnino
1107 1709 1144 1779 in
1169 1714 1288 1783 eonne-

179 1821 290 1894 denda
311 1821 532 1896 dissolutione
553 1821 711 1894 connubii
727 1822 788 1894 rati
801 1820 837 1893 in
850 1821 991 1919 gratiam
1007 1822 1095 1896 vitae
1112 1822 1287 1923 paracio

179 1936 227 2008 ris
258 1937 440 2010 sectandae
463 1952 570 2009 semet
594 1935 836 2011 exbibuerunt:
866 1937 934 2011 imo
962 1936 1062 2010 etiam
1092 1963 1230 2036 prorsus
1253 1953 1288 2013 at

178 2050 332 2127 absolute
356 2051 563 2147 denegarunt
578 2050 746 2125 eiusmodi
764 2050 1018 2126 dissolutionem
1037 2050 1109 2124 lieri
1125 2076 1286 2152 umquam

251 2308 286 2371 (a)
300 2310 412 2367 Quorum
428 2311 539 2374 pdnosps
550 2310 631 2362 satih‘t
639 2310 761 2362 Lnineros
772 2311 816 2374 qni
828 2310 941 2362 saeordos
950 2312 975 2361 si
985 2310 1115 2373 reigiosns
1123 2320 1181 2360 eum
1191 2308 1287 2373 perdita

180 2387 359 2438 amatimoniaii
375 2390 518 2452 sacrilegum
538 2389 724 2441 matrimonium
739 2390 863 2441 celebrare
877 2394 915 2443 est
929 2404 1011 2445 ansus.
1026 2393 1063 2443 De
1075 2402 1126 2453 quo
1140 2402 1190 2439 non
1205 2390 1287 2441 minna

180 2478 237 2515 rere
256 2480 330 2530 quam
350 2469 467 2531 sagaciter
486 2469 585 2532 scripsit
603 2469 645 2519 lde
663 2469 823 2529 {lehn-linha*
839 2469 865 2531 in
880 2483 921 2533 op.
936 2468 1002 2533 quod
1021 2470 1165 2532 postauam
1185 2481 1215 2518 aa
1232 2481 1287 2531 pro·

178 2546 330 2597 testantlsrno
347 2548 530 2598 conversionem
541 2548 574 2598 ad
585 2548 714 2599 eeclesiam
729 2548 876 2599 catholicam
890 2548 1006 2612 qnodque
1017 2547 1141 2611 inscripsit
1151 2546 1287 2610 maniae

178 2627 216 2675 De
228 2625 361 2690 nemim
375 2626 411 2677 od
426 2626 594 2679 Hierusalem
607 2628 677 2680 iuria
694 2627 1006 2692 vers.gali.duet.1.eonia
1023 2627 1114 2689 Bury:
1127 2625 1286 2687 scemment.

178 2704 276 2768 iuquit,
294 2720 321 2756 se
339 2705 454 2763 delenire
467 2706 498 2757 de
508 2708 572 2759 cette
590 2708 696 2771 penses,
713 2722 762 2772 qne
781 2708 888 2770 Lutirer,
904 2719 935 2757 en
952 2707 1107 2756 manactant
1120 2717 1165 2755 son
1179 2704 1287 2767 mariage

178 2797 208 2835 en
228 2785 279 2836 Μ
294 2786 326 2837 ds
344 2787 421 2850 pente
437 2786 541 2850 murtei,
562 2788 634 2838 aitira
652 2800 695 2838 snr
711 2790 767 2839 tons
787 2801 827 2839 ses
845 2787 1023 2851 parnassum
1034 2784 1188 2850 ιὲιιιιιιιϋοιι
1199 2784 1287 2847 aurate·

178 2864 273 2928 neum,
293 2866 454 2929 prenisernent
473 2880 504 2917 en
523 2880 551 2917 aa
565 2868 650 2931 point,
667 2868 711 2932 qui
726 2880 826 2919 memes
841 2880 889 2921 une
904 2865 1027 2919 iniussae
1039 2865 1061 2915 si
1075 2864 1183 2915 decisivo
1200 2876 1243 2923 sar
1261 2863 1287 2914 is

178 2942 301 3005 bonhanr,
311 2958 344 2994 on
355 2945 378 2995 ie
388 2944 539 2995 mnneurde
549 2945 702 3009 generations
723 2946 827 2999 entieres
844 2948 868 2994 er
887 2958 929 2995 sar
948 2947 1004 2994 torri
1019 2941 1201 2994 l’onsembisde
1211 2940 1286 2991 l'edn·

179 3021 259 3071 meon
274 3022 383 3073 soeiaie?
397 3026 458 3074 Maia
475 3025 559 3087 anan,
576 3039 621 3089 par
635 3024 665 3075 ia*
676 3027 754 3075 merrus
769 3037 818 3089 qna
833 3026 896 3074 cette
911 3022 1025 3074 mortalia
1040 3022 1148 3073 hiessare
1161 3022 1220 3072 inite
1234 3020 1249 3070 i
1261 3020 1287 3071 is

179 3100 272 3151 morale
282 3096 399 3165 panlinus
409 3116 436 3154 sa
446 3100 543 3155 densita
556 3117 605 3155 aar
619 3116 683 3167 year
697 3103 728 3154 de
738 3105 795 3157 tons
807 3102 881 3154 ‹i’nne
896 3101 1034 3155 minieresi
1046 3101 1191 3165 cumiano,
1205 3101 1231 3151 ei
1238 3108 1288 3162 nae

179 3181 247 3231 nulia
264 3194 359 3245 sagmas
378 3182 493 3233 humaine
511 3184 574 3235 n’est
588 3197 618 3234 en
633 3185 684 3235 sut
695 3182 873 3245 notaremur,
888 3184 993 3233 n’a·t·on
1004 3195 1048 3246 pas
1057 3182 1081 3233 ie
1090 3181 1157 3233 droit
1166 3180 1288 3244 ‹i’ssperer

179 3273 227 3322 qne
241 3273 301 3310 caux
317 3261 360 3324 qni
377 3275 406 3310 an
419 3265 475 3312 soni
488 3263 587 3314 attainis
600 3276 631 3312 ou
645 3254 756 3313 minares
769 3265 859 3313 euroni
869 3275 968 3312 rasonis
978 3275 1008 3312 au
1019 3261 1070 3313 seni
1081 3258 1245 3311 ramidsdont
1255 3256 1287 3308 iis

178 3340 288 3402 panteni
302 3338 414 3390 attandra
432 3340 456 3390 la
471 3341 601 3403 pensan,
618 3341 641 3391 ia
656 3343 739 3392 retonr
753 3341 769 3391 i
782 3341 874 3405 i’egiias
889 3340 975 3391 merei
1056 3344 1058 3351 '
1255 3354 1257 3358 ·

108 3427 111 3433 ’
249 3424 290 3481 De
302 3419 375 3471 turba
391 3433 449 3470 raro
463 3420 617 3473 sacerdotum
628 3424 653 3471 et
664 3422 857 3483 monachornm,
875 3421 919 3484 qui
935 3420 1000 3471 rotis
1014 3420 1066 3471 suis
1081 3418 1179 3482 insum
1193 3415 1285 3467 uanius

178 3500 307 3551 currebant
322 3499 435 3563 exemplo
445 3500 546 3550 lutheri
556 3499 587 3550 ad
598 3512 688 3550 noram
703 3502 810 3564 amiam,
822 3500 882 3551 irase
896 3500 944 3550 iem
961 3500 1039 3551 aetate
1050 3511 1107 3560 sua,
1116 3510 1158 3548 sau
1169 3494 1241 3551 initio
1251 3495 1287 3545 sie

177 3579 257 3631 didas
268 3580 450 3631 reiormatioais
459 3579 582 3633 scribebat
596 3580 695 3631 wizai:
710 3582 782 3631 «nse
790 3593 841 3631 non
850 3579 965 3631 daturam
978 3580 1061 3631 omnia
1077 3576 1209 3641 aucupiam
1218 3586 1287 3629 nun·

177 3659 309 3713 ιιιιιὶοιιιιιι.
320 3660 371 3712 iiisi
383 3660 495 3711 reustum
506 3658 566 3721 dea,
575 3660 681 3713 enrritm
690 3658 722 3710 ari
731 3662 831 3711 seeum
840 3658 913 3718 Quod
928 3659 950 3710 si
966 3660 1047 3723 posset
1060 3656 1151 3709 iniibm
1163 3667 1286 3707 meroens-

177 3739 221 3788 riis
233 3740 372 3803 oontingere
384 3739 487 3793 insecta
499 3738 565 3789 unde
574 3738 725 3800 intimant,
738 3739 847 3802 proiecto
857 3738 984 3789 eeclesiam
998 3738 1069 3801 equis
1082 3739 1108 3787 et
1121 3735 1181 3786 veiis
1192 3734 1285 3785 dasne

180 3819 249 3879 rant,
265 3832 345 3882 nsque
357 3818 419 3871 adeo
433 3821 562 3869 minan
572 3816 635 3880 sare
649 3831 702 3869 non
717 3817 832 3869 deiectae
847 3817 1045 3869 mmoiirrimue
1059 3818 1144 3868 reciae
1159 3813 1284 3878 iuratio,

178 3896 301 3960 voluptas
315 3898 407 3949 trahit.
421 3899 600 3963 aconormtio
608 3896 642 3949 ria
652 3897 770 3948 commit.
780 3899 879 3949 risis.»
887 3894 1212 3962 timenutensium
1228 3896 1286 3946 Dei·

179 3976 256 4040 linger
270 3980 308 4027 Ia
317 3978 436 4039 Reserate
446 3982 506 4030 tom.
516 3980 535 4027 i.
547 3991 602 4042 pag.
616 3981 668 4030 toi.
681 3978 758 4040 Paris,
773 3981 840 4028 teti.

252 4057 324 4107 Plora
333 4057 392 4108 itam
403 4059 487 4109 attiae
503 4057 537 4110 (ie
552 4071 579 4109 re
590 4058 656 4123 apud
666 4056 747 4109 Audin
757 4059 828 4108 iit-st.
838 4055 871 4107 de
882 4056 910 4107 iu
920 4059 962 4108 uie
971 4055 1004 4107 ris
1015 4055 1127 4117 latta,
1137 4056 1198 4106 tom.
1209 4054 1284 4106 dena.

178 4125 250 4201 chop.
261 4138 296 4186 xi
316 4137 524 4191 emunxeras
536 4139 582 4191 rias
592 4140 717 4190 emeno
728 4139 755 4188 rt
763 4141 881 4200 marinae
891 4135 937 4187 ries
949 4138 1048 4187 moines
1058 4161 1068 4173 ·
1077 4135 1219 4186 beremae
1225 4148 1285 4199 pro·

178 4214 253 4267 dariis
259 4224 313 4280 pur
324 4215 459 4281 immor
467 4218 506 4270 riu
515 4218 751 4280 reformaremur
763 4215 789 4266 ie
799 4215 905 4266 retient.
915 4216 947 4266 iit
957 4215 992 4265 ita
1002 4227 1040 4267 ras
1051 4214 1214 4279 perseveravit
1224 4213 1285 4278 iugi

177 4296 215 4345 tar
233 4307 248 4345 a
262 4294 355 4356 nuptiis
370 4294 470 4347 Lunai
485 4296 518 4347 ad
539 4297 637 4361 nnpnas
652 4294 757 4358 Anhiiii,
774 4295 799 4345 et
813 4294 845 4344 da
858 4292 976 4357 sanetis,
992 4295 1017 4345 et
1036 4293 1071 4344 iia
1092 4304 1165 4358 porro
1180 4302 1286 4358 panaro

179 4372 243 4425 rairit
255 4375 280 4424 in
297 4375 416 4426 loturum.
1029 4387 1033 4397 ·
