3234 5084
302 406 371 479 182
430 428 493 480 nn.
514 427 564 479 m.
584 426 673 479 srcr.
694 425 828 479 rnrrm.
849 426 889 477 or
914 423 1280 478 momenmentum

301 547 434 637 tentiis,
462 572 540 622 eum
565 561 679 621 tamen
705 545 798 620 iuxta
818 543 1070 646 Evangelistam
1103 542 1275 644 pharisaei
1305 568 1423 619 aooes·

301 665 408 741 serint
432 664 476 739 ad
503 664 615 737 lesum
642 676 799 735 notantes
825 688 898 734 eom
919 662 1008 758 (42);
1028 659 1120 762 quod
1143 659 1178 732 2.
1195 685 1236 733 ea
1258 657 1302 733 ad
1327 684 1424 735 sum-

299 807 392 854 mum
410 778 479 854 dici
500 794 616 880 posset
630 776 743 853 valere
756 776 800 852 ad
814 776 1047 878 exponendum
1061 773 1417 849 textumiiatth.X1X.

299 895 358 969 ubi
384 894 428 970 de
452 894 708 995 pharisaeorum
725 892 986 990 interrogatione
1003 891 1042 964 fit
1058 890 1199 980 mentio,
1220 917 1287 967 uon
1306 907 1418 965 autem

303 1026 428 1086 textum
453 1009 594 1086 alterum
619 1009 678 1111 qui
701 1008 844 1082 habetur
873 1006 990 1081 Matth.
1007 1007 1045 1079 V.
1065 1005 1125 1080 ubi
1150 1005 1307 1080 Christus
1324 1031 1365 1080 ex
1382 1030 1423 1081 se

302 1141 447 1200 mentem
474 1151 572 1201 suam
599 1122 769 1211 declarat;
797 1122 887 1222 quod
908 1123 942 1193 3.
959 1136 997 1194 ut
1013 1119 1224 1195 ostendimus
1247 1119 1283 1192 in
1311 1120 1423 1220 eapite

302 1240 495 1340 superiore,
519 1240 612 1314 iuxta
633 1239 740 1338 legem
762 1237 866 1313 diesis
886 1263 991 1312 eausa
1008 1235 1220 1311 dimissionis
1235 1261 1302 1310 uon
1319 1235 1421 1310 fuerit

301 1353 521 1443 adulterium
539 1354 632 1457 quod
647 1356 680 1427 4.
690 1353 838 1453 denique
848 1369 991 1451 utmque
1003 1349 1038 1422 in
1051 1349 1126 1425 ioco
1137 1348 1292 1425 Christum
1304 1366 1422 1451 aperte

302 1496 423 1545 novam
448 1469 557 1568 legem
582 1496 679 1545 suam
700 1467 897 1570 opposuerit
912 1466 979 1566 legi
995 1465 1099 1542 veteri
1119 1465 1254 1541 dicens:
1273 1465 1345 1566 Epo
1358 1494 1420 1541 ou·

302 1600 365 1659 tem
389 1586 463 1659 dieo
486 1586 600 1672 vobin
618 1584 672 1660 rel
697 1583 769 1657 dieo
790 1598 899 1658 autem
918 1583 1029 1669 oodt's,
1050 1582 1174 1686 quibus
1190 1608 1323 1658 omnem
1340 1608 1423 1657 oon·

302 1700 385 1799 iugii
409 1699 610 1775 solutionem
636 1698 748 1800 quoad
773 1697 943 1774 vinculum
961 1698 996 1771 in
1013 1697 1088 1797 legs
1109 1725 1173 1773 sua
1193 1696 1359 1785 excludit3
1379 1722 1422 1771 eo

301 1814 354 1888 vel
379 1814 488 1912 magis
513 1813 605 1914 quod
630 1812 787 1888 Christus
811 1839 879 1889 nou
905 1813 1005 1888 modo
1030 1812 1267 1888 affirmaverit:
1288 1812 1350 1911 poi
1371 1810 1421 1885 di-

300 1930 436 2003 missum
459 1928 592 2001 duxerit
616 1927 831 2016 moechatur,
859 1953 978 2002 rerum
1002 1926 1103 2002 etiam
1129 1926 1335 2025 generatim:
1359 1926 1420 2027 qui

301 2044 406 2116 oliam
431 2042 564 2117 duxerit
590 2042 786 2117 moechatur
808 2042 853 2118 ob
877 2042 1155 2144 impedimentum
1180 2042 1272 2142 quod
1301 2041 1422 2116 statuit

301 2157 493 2255 ligaminis;
513 2185 554 2233 ex
571 2157 698 2260 quibus
721 2157 828 2260 liquet
843 2159 1015 2235 Christum
1032 2157 1076 2232 de
1093 2157 1306 2232 matrimonio
1326 2157 1421 2231 iuxta

302 2272 409 2371 legem
431 2273 658 2373 evangelicam
676 2274 783 2349 fuisse
799 2274 966 2364 locutum,
988 2301 1055 2350 non
1072 2291 1183 2349 autem
1202 2275 1295 2347 iuxta
1311 2272 1419 2372 legem

302 2389 502 2477 mosaicam,
524 2417 584 2491 per
601 2417 704 2491 quam
724 2390 826 2466 aliam
852 2389 976 2465 ducere
993 2390 1258 2492 permittebatur.
1275 2391 1317 2464 Et
1334 2390 1421 2464 haee

301 2505 346 2578 de
369 2507 577 2604 argumentis
607 2507 823 2596 intrinsecis3
852 2507 1033 2581 nunciam
1059 2506 1224 2581 aooedunt
1247 2505 1421 2605 graviores

302 2619 518 2695 difficultates
543 2638 713 2696 externae.
734 2623 818 2695 Nam
843 2621 987 2697 eeclesia
1013 2622 1133 2720 iugiter
1150 2620 1215 2696 hos
1230 2637 1362 2709 textus,
1383 2635 1422 2694 ut

301 2734 511 2825 videbimus,
540 2736 702 2812 intellexit
727 2735 771 2810 de
794 2737 1018 2812 matrimoniis
1043 2737 1207 2837 fidelium:
1234 2737 1314 2813 hino
1337 2762 1418 2812 oon·

286 2849 486 2924 ‹tmversiae
518 2877 595 2925 oum
627 2852 758 2948 graecis
782 2869 817 2926 et
840 2852 1120 2952 protestantibus3
1149 2851 1230 2926 hine
1258 2879 1343 2927 usus
1370 2878 1423 2927 se·

303 2964 488 3061 paratioois
522 2982 704 3065 perpetuae
733 2968 845 3067 quoad
880 2985 989 3043 torum
1020 2969 1057 3041 in
1086 2994 1192 3043 eausa
1227 2967 1416 3056 adulterii,

303 3091 341 3149 ut
363 3076 449 3152 alias
473 3097 699 3178 praeterm
726 3108 813 3183 quas
839 3082 1000 3185 deinceps
1024 3082 1229 3158 evoluemus.

376 3191 589 3295 Quapropter
604 3195 733 3296 passim
751 3197 836 3272 haee
852 3199 1017 3299 expositio
1036 3197 1079 3273 ab
1096 3198 1289 3275 auctoribus
1305 3197 1418 3272 eatho

304 3306 380 3381 lieis
403 3308 572 3398 reiicitur;
598 3336 661 3385 nec
680 3311 770 3386 enim
792 3313 876 3388 satis
893 3330 946 3387 est
958 3330 995 3388 ut
1007 3313 1121 3415 aliqua
1133 3315 1328 3389 admittatur
1345 3339 1420 3387 sen-

304 3424 409 3496 tentia
430 3450 492 3524 per
513 3425 606 3501 iilam
625 3427 748 3527 dogma
764 3428 967 3505 catholicum
985 3430 1019 3502 in
1039 3445 1108 3506 tuto
1126 3430 1222 3530 poni,
1243 3427 1304 3505 sed
1321 3454 1419 3530 praa.

304 3552 394 3613 terea
418 3566 557 3617 neeesse
580 3559 652 3631 est,
680 3560 718 3618 ut
741 3545 817 3644 ipsa
841 3545 886 3618 sit
908 3570 1002 3619 vera.

380 3794 432 3854 (ιι)
448 3792 486 3843 cr.
502 3793 582 3844 oua
593 3807 634 3858 op.
647 3799 671 3846 a
686 3796 730 3847 roc,
742 3797 785 3855 eo.
