3234 5084
311 410 381 486 att
456 437 517 487 ιιι.
535 435 582 486 ιιι.
599 432 686 485 socr.
703 432 833 485 ιιιιιιι.
850 432 890 484 ιιι
904 430 1016 485 moros.
1032 428 1128 484 ιιιιι.
1144 426 1269 485 contar.

310 557 366 630 bet
383 557 531 655 recipere
549 554 769 654 peccatricem
796 578 885 653 quae
908 550 1146 652 poenitentiam
1168 551 1253 650 egit:
1281 549 1342 625 sed
1359 577 1427 626 nun

314 697 428 770 saepe.
448 671 561 743 Servis
587 669 677 742 enim
698 667 759 742 Ilei
780 667 987 767 poenitentia
1010 692 1078 741 una
1102 682 1165 741 est.
1188 668 1325 768 Propter
1349 692 1433 768 poc-

309 785 484 858 nitentiam
505 810 586 881 ergo
611 810 678 858 non
699 782 812 870 debet,
829 782 971 856 dimissa
991 780 1134 878 coniuge
1158 808 1233 868 sua,
1253 781 1307 854 vir
1327 781 1429 855 aliam

311 900 447 972 ducere.
473 898 536 970 llic
560 914 656 971 actus
679 896 801 970 similis
826 896 937 970 estin
961 895 1035 970 viro
1062 910 1096 969 et
1119 897 1155 967 in
1177 894 1329 970 muliere.
1356 897 1430 970 Non

310 1014 420 1088 solum
440 1013 627 1087 moechatio
651 1028 703 1086 est
725 1011 805 1098 illis,
823 1011 882 1111 qui
909 1038 1042 1085 carnem
1070 1036 1166 1085 suam
1192 1010 1426 1110 coinquinant:
1456 1094 1460 1103 ἦ

312 1129 373 1202 scd
399 1146 431 1202 et
453 1128 496 1215 is,
518 1128 577 1227 qui
608 1126 826 1203 simulacrum
854 1126 958 1213 lacit,
979 1125 1186 1201 moechatur.
1216 1125 1314 1213 Quod
1338 1127 1367 1199 si
1393 1126 1430 1198 in

311 1244 369 1316 his
392 1243 490 1316 lactis
516 1259 719 1344 perseverat,
740 1258 774 1316 et
793 1242 1032 1342 poenitentiam
1058 1267 1124 1314 non
1145 1242 1231 1338 agit,
1253 1241 1372 1314 recede
1387 1241 1432 1315 ab

311 1357 393 1446 illa,
415 1375 448 1431 ct
473 1357 540 1431 noli
567 1360 743 1432 convivere
768 1383 844 1430 cum
871 1356 949 1444 illa,
972 1355 1123 1455 alioquin
1140 1371 1174 1429 et
1197 1372 1234 1430 tu
1260 1357 1431 1455 particeps

310 1475 378 1547 eris
408 1473 534 1572 peceati
554 1474 639 1546 eius.
656 1473 792 1571 Pmpter
810 1471 875 1546 hoc
888 1488 1104 1571 praeceptum
1122 1487 1173 1544 est
1189 1470 1287 1545 vobis
1304 1486 1344 1544 ut
1359 1496 1432 1544 cae·

310 1587 397 1661 libes
422 1588 601 1674 maneatis,
624 1602 694 1660 tum
718 1586 782 1672 vir,
805 1601 875 1660 tum
901 1585 1036 1659 mulier:
1059 1600 1168 1685 potest
1192 1586 1282 1658 enim
1307 1585 1343 1656 in
1366 1584 1433 1658 hu·

314 1701 461 1777 iusmodi
488 1703 693 1802 poenitentia
718 1727 795 1776 esse
819 1705 909 1798 (8).»

385 1818 559 1889 Hactenus
581 1817 736 1904 Hamas,
757 1842 798 1889 ex
815 1839 883 1916 quo
909 1814 1015 1889 habes
1032 1814 1219 1888 doctrinam
1236 1814 1271 1888 in
1288 1815 1432 1890 ecclesia

314 1959 454 2007 romana
479 1948 668 2032 receptam,
698 1947 798 2031 prout
823 1930 976 2004 instituta
997 1930 1062 2004 luit
1086 1956 1106 2004 a
1129 1932 1167 2003 B.
1189 1930 1276 2004 Petri
1299 1930 1434 2029 praedi·

317 2042 450 2123 catione
474 2064 508 2121 et
531 2047 633 2120 llarci
659 2045 845 2144 evaugelio.
867 2046 993 2146 Nempe
1017 2045 1125 2120 habes
1145 2072 1206 2146 per
1232 2044 1434 2119 adulterium
1487 2040 1490 2045 ⁴

314 2190 382 2238 non
400 2163 485 2237 solui
504 2162 709 2235 matrimonii
726 2160 915 2248 vinculum;
937 2160 1043 2233 habes
1060 2161 1304 2262 separationem
1321 2161 1432 2262 quoad

315 2295 423 2353 torum
438 2294 471 2351 et
482 2278 743 2365 habitationem
760 2276 868 2351 habes
881 2303 949 2377 quo
963 2303 1067 2351 sensu
1079 2277 1187 2376 accipi
1206 2278 1326 2353 debeat
1342 2278 1434 2352 clau·

316 2393 393 2467 sula
423 2392 662 2494 exceptionolis
685 2393 775 2492 apud
802 2418 832 2466 s.
853 2391 1077 2478 Matthaeum;
1099 2389 1207 2466 habes
1222 2391 1356 2467 demum
1374 2418 1446 2492 par

319 2535 390 2581 rem
415 2507 639 2583 conditionem
658 2510 694 2581 in
719 2506 886 2581 eiusmodi
906 2532 988 2582 casu
1006 2507 1070 2580 viri
1087 2523 1120 2581 ct
1136 2508 1264 2583 uxoris.
1288 2508 1331 2582 Et
1347 2508 1433 2583 hacc

318 2622 454 2724 quidem
481 2623 666 2697 luculenter
689 2649 862 2723 expressa.

393 2738 483 2825 Quid
508 2740 551 2811 ad
578 2738 663 2812 haec
687 2738 746 2839 qui
776 2738 880 2812 huius
901 2739 966 2810 viri
991 2740 1186 2814 auctoritate
1209 2737 1435 2838 premuntur?

318 2853 377 2926 alii
404 2854 568 2955 impetunt
594 2854 696 2927 huius
717 2854 862 2927 Hermae
887 2879 1084 2953 personam
1105 2854 1164 2927 alii
1182 2855 1431 2942 auctoritatem3

319 2967 377 3039 alii
404 2968 551 3066 denique
577 2967 763 3041 sententiae
778 2968 965 3041 veritatem:
987 2969 1047 3042 scd
1073 2968 1211 3042 frustra.

389 3082 472 3154 Nam
498 3081 541 3154 de
568 3108 711 3179 persona
746 3107 920 3183 perperam
951 3082 1103 3156 nonnulli
1128 3085 1334 3158 contendunt
1357 3110 1434 3158 eum

318 3196 489 3270 diuersum
508 3223 585 3270 esse
603 3197 646 3270 ab
665 3199 775 3272 eccui
794 3197 937 3271 salutem
963 3198 1046 3272 dicit
1068 3197 1262 3298 Apostolus,
1283 3199 1344 3273 sed
1368 3200 1385 3272 f
1418 3242 1436 3256 ·

250 3347 255 3355 ·
318 3327 401 3384 trem
427 3336 504 3384 esse
531 3308 648 3385 dicunt
674 3312 724 3384 Pii
757 3313 783 3383 l.
819 3312 971 3412 adeoque
995 3339 1016 3386 a
1041 3313 1149 3412 primo
1178 3313 1221 3385 ad
1251 3315 1435 3388 secundum

320 3426 485 3501 ecclesiae
499 3427 649 3500 seculum
664 3428 738 3501 eius
755 3427 946 3501 documenti
965 3430 1170 3503 transferunt
1186 3430 1433 3530 antiquitatem,

318 3542 424 3614 innixi
457 3542 599 3615 carmini
632 3559 747 3616 contra
784 3543 987 3617 llarcionem
1019 3543 1106 3617 libro
1137 3545 1194 3617 lll.
1229 3544 1320 3645 quod
1350 3544 1437 3620 lalso

319 3656 523 3733 Tertulliano
540 3658 757 3746 adscribitur,
774 3676 808 3733 et
825 3659 1011 3757 fragmento
1023 3660 1249 3736 Muratoriano
1262 3664 1326 3759 (a),
1338 3662 1436 3737 cuius

392 3896 427 3959 (t)
442 3898 476 3947 Ex
487 3895 527 3948 ed.
544 3898 677 3948 cotelerii:
694 3900 810 3950 Potntm
821 3898 931 3964 oportet.
949 3901 1009 3950 tom.
1024 3901 1045 3950 1.
1064 3901 1189 3966 Autwerp.
1200 3914 1256 3965 pag.
1269 3908 1350 3954 wat.

392 3976 427 4038 (9)
436 3975 478 4027 Uti
488 3977 638 4029 tiochcmiua
652 3977 842 4030 commentae
858 3977 938 4031 retur
952 3978 1095 4031 cltrtrttcn.
1108 3985 1171 4033 onte
1184 3984 1388 4034 commortuum
1398 3983 1436 4035 ΙΙ.

318 4066 374 4118 pag.
392 4062 445 4106 roo.
456 4056 598 4107 sohrlcktur
612 4058 638 4107 lo
652 4059 771 4109 Historia
788 4057 967 4110 molcrtmttca
986 4059 1154 4127 emtione,
1170 4065 1233 4127 part
1258 4065 1291 4114 ΙΙ.
1308 4075 1365 4127 pag.
1379 4065 1435 4115 ²7⁴,

318 4133 387 4196 Llpr.
407 4138 476 4186 1775.

397 4214 450 4264 Hoc
470 4214 633 4279 fragmentum
644 4217 789 4282 acephalum
804 4218 877 4271 oobla
890 4219 990 4271 exhibet
1002 4222 1152 4274 muratorius
1162 4226 1252 4289 tutto.
1262 4223 1347 4276 ttottc
1358 4222 1439 4275 utcdtt

317 4295 385 4344 aeut.
403 4292 503 4346 uedlol.
526 4300 594 4348 tuo.
607 4298 668 4348 tom.
677 4300 720 4349 111.
733 4299 781 4350 col.
793 4303 848 4351 aot.
868 4301 894 4350 lu
914 4313 984 4364 quo,
1006 4303 1148 4367 suppositus
1159 4302 1235 4354 calos
1257 4303 1318 4355 hacc
1339 4303 1434 4356 ucdblt

319 4393 332 4419 ι
345 4375 472 4427 Pastorem
485 4390 545 4429 rcro
558 4379 700 4443 ortperrime
710 4380 862 4444 ternportbus
881 4381 973 4432 noctrla
994 4381 1020 4433 lu
1032 4383 1100 4436 Urbe
1120 4385 1199 4436 Roma
1222 4386 1313 4437 Herm
1330 4385 1436 4436 concert·
