3234 5084
314 434 381 506 uo
457 450 520 505 ur.
532 452 579 505 ru.
598 450 686 504 scor.
700 451 832 503 numm.
849 450 889 503 nr
907 450 1018 504 mores.
1036 448 1133 503 rnre,
1148 447 1270 503 crum.

392 573 447 645 Sic
471 570 846 673 pariterTheodoretus
871 570 989 645 eadem
1012 569 1162 669 Apostoli
1188 568 1291 646 verba
1311 567 1430 670 exma-

311 714 416 762 nans:
447 687 541 774 Quod
563 689 596 761 ei
618 686 801 761 discesserit
826 702 890 761 etc.
919 685 1054 762 scribit:
1084 685 1262 760 «Conatnr
1285 685 1426 785 quidem

311 803 490 877 infractum
524 829 658 877 servare
691 801 896 877 matrimonii
927 800 1121 877 vinculum:
1155 799 1428 875 condescendens

311 935 421 993 autem
434 917 674 1007 imbecillitati,
690 918 721 993 ei
734 919 794 1019 qui
807 932 982 1018 separatur
999 916 1235 991 continentiam
1248 914 1424 1015 praecipit,

311 1034 377 1109 hac
388 1034 488 1108 etiam
502 1034 631 1108 ratione
644 1033 827 1134 prohibens
840 1032 1042 1106 matrimonii
1060 1030 1332 1104 disiunctionem.
1344 1028 1429 1102 Cum

312 1149 404 1251 enim
421 1148 516 1222 alteri
538 1148 696 1245 coniungi
717 1146 892 1247 prohibet,
915 1162 1093 1246 utramque
1116 1160 1244 1245 partem
1266 1143 1309 1216 ad
1332 1143 1429 1241 prius

311 1262 561 1336 matrimonium
579 1263 688 1336 redire
696 1261 866 1362 compellit
882 1263 996 1357 (24).»
1008 1261 1135 1358 Nempe
1142 1273 1274 1358 praeter
1290 1283 1430 1331 causam

315 1377 546 1453 lomicationis
560 1379 645 1452 aliae
661 1377 839 1479 supponit,
855 1376 980 1477 quibus
997 1375 1109 1475 quoad
1135 1390 1242 1449 torum
1268 1373 1429 1471 coniuges

313 1493 457 1569 invicem
470 1508 679 1592 separentur,
696 1519 759 1567 seu
771 1491 917 1567 admittit
929 1491 1110 1566 divortium
1123 1489 1327 1592 quandoque
1340 1488 1428 1576 fieri,

313 1607 407 1683 selvo
420 1607 587 1706 coniugali
601 1606 755 1696 vinculo,
776 1608 869 1682 iuxta
881 1604 1095 1706 Apostolum
1112 1603 1280 1678 interdum
1292 1601 1431 1702 quidem

316 1721 455 1810 illicite,
483 1747 560 1797 cum
584 1720 629 1797 oh
655 1721 766 1809 rixas,
788 1721 1017 1796 contentiones
1034 1735 1098 1793 etc.
1119 1745 1141 1792 a
1161 1716 1360 1792 seinvicem
1375 1714 1446 1790 se?

279 1862 285 1874 ·
317 1835 502 1934 iunguntur
518 1835 698 1933 coniuges,
713 1834 918 1935 quandoque
932 1858 1012 1907 uero
1028 1832 1134 1920 licite,
1152 1832 1220 1905 imo
1237 1830 1337 1904 etiam
1354 1855 1431 1929 per·

316 1950 471 2027 lectionis
484 1976 606 2039 causa,
627 1951 671 2024 ad
688 1948 926 2024 sustinentiam
940 1949 1014 2049 peri
1031 1946 1198 2025 consensu
1215 1945 1427 2033 sonandam,

315 2082 354 2140 ut
374 2065 501 2140 ibidem
526 2066 665 2140 adnotat
689 2065 778 2139 idem
800 2081 929 2139 auctor.

388 2182 499 2278 Pergit
520 2207 619 2281 porro
636 2180 847 2279 Chemnitius
865 2179 1042 2255 ecclesiam
1058 2178 1259 2255 catholicam
1274 2203 1426 2277 arguere,

314 2293 405 2396 quod
427 2311 542 2370 contra
561 2296 789 2394 evangelicam
815 2296 1000 2371 doctrinam
1026 2297 1133 2372 iustas
1157 2295 1291 2370 divortii
1308 2319 1431 2369 causas

313 2425 455 2498 statuat,
476 2428 577 2511 atque
600 2412 636 2484 in
661 2411 746 2486 haec
769 2410 872 2486 uerba
896 2411 1067 2513 loquitur:
1099 2412 1287 2486 «Christus
1308 2408 1427 2483 Matth.

312 2524 350 2595 V.
373 2525 433 2597 32.
456 2539 490 2599 et
512 2526 599 2598 XlX.
619 2529 654 2598 t.
683 2525 916 2599 dimissionem
935 2526 1090 2622 coniugis
1113 2525 1179 2598 nisi
1198 2540 1334 2624 propter
1349 2549 1432 2597 cau-

312 2665 386 2713 sam
408 2639 639 2715 iornicationis
666 2642 860 2741 pronuntiat
883 2666 959 2714 esse
983 2639 1134 2713 illicitam
1155 2653 1189 2712 et
1205 2637 1427 2736 illegitimam.

313 2751 437 2828 Contra
453 2755 549 2829 ‘hanc
567 2755 691 2829 Christi
717 2755 918 2830 sententiam
935 2754 1099 2853 pontificii
1117 2753 1317 2843 decernunt,
1339 2778 1432 2855 prae-

314 2883 363 2941 ter
388 2869 643 2943 fornicationem
667 2870 790 2943 multas
816 2869 902 2947 alias
927 2894 1004 2943 esee
1028 2895 1150 2944 causas
1180 2884 1314 2970 propter
1342 2895 1431 2970 quas

312 2980 406 3055 licita
430 2998 464 3056 et
486 2980 635 3079 legitima
660 2983 842 3081 coniugum
866 2983 1033 3082 separatio
1059 2982 1132 3057 fieri
1157 2983 1266 3084 possit
1282 2983 1371 3080 (tt).
1385 3013 1405 3054 s

385 3095 429 3171 llt
451 3097 561 3196 primo
588 3097 809 3173 animaduerti
836 3098 936 3172 debet
960 3097 1051 3198 apud
1075 3098 1277 3172 llatthaeum
1302 3122 1430 3174 sermo·

314 3236 391 3285 nem
417 3237 494 3288 esse
516 3211 560 3286 de
584 3213 783 3289 dimissione
810 3229 946 3313 propter
971 3215 1115 3299 cumen,
1149 3240 1216 3287 non
1245 3228 1358 3286 autem
1386 3212 1431 3287 de

313 3326 513 3401 dimissione
539 3343 675 3426 propter
694 3330 935 3428 perfectionem.
957 3328 1054 3401 Hanc
1075 3354 1153 3402 esse
1170 3328 1354 3425 legitimam
1378 3353 1432 3402 se·

312 3440 497 3541 parationis
522 3467 660 3516 censam
683 3468 723 3515 ex
744 3441 864 3515 eodem
889 3442 1062 3539 evangelio
1082 3442 1268 3532 discimus,
1296 3443 1332 3515 in
1361 3467 1432 3542 quo

311 3553 467 3630 Christus
494 3557 688 3657 centuplum
712 3557 747 3628 iu
769 3556 937 3655 praesenti
960 3572 1129 3658 tempore,
1149 3558 1307 3632 actitem
1324 3573 1432 3631 aeter-

310 3695 389 3745 nam
415 3673 458 3747 iis
485 3674 667 3772 promittit,
696 3672 755 3773 qui
781 3671 994 3773 perfectionis
1018 3672 1231 3771 evangelicae
1249 3673 1431 3748 sectandae

311 3812 564 3861 causauxorem
582 3787 773 3860 dimiserint
791 3789 883 3886 peri,
903 3804 941 3861 ut
957 3789 1177 3888 supponitur,
1205 3788 1432 3889 concordique

311 3927 493 3978 consensu.
508 3901 639 3976 Deinde
651 3903 873 3977 animadverti
884 3903 984 3977 debet
1001 3903 1091 4004 quod
1109 3904 1139 3978 si
1156 3904 1312 3979 Christus
1325 3930 1431 4002 agens

308 4016 353 4090 de
375 4016 575 4091 dimissione
592 4033 728 4117 propter
752 4018 898 4102 comen,
927 4017 1017 4091 hanc
1043 4018 1086 4091 ad
1099 4018 1219 4119 'solam
1243 4017 1433 4091 fornicatio-

309 4128 364 4204 nis
389 4155 527 4205 causam
548 4146 710 4219 coarctet,
734 4155 802 4205 non
820 4129 896 4205 ideo
921 4130 956 4203 id
977 4130 1081 4221 lacit,
1102 4132 1201 4232 quasi
1219 4131 1263 4207 ob
1280 4130 1348 4207 alia
1365 4129 1434 4206 cri-

385 4317 437 4380 (st)
452 4319 516 4382 opp.
531 4317 573 4369 ed.
589 4319 664 4371 Paris.
680 4321 923 4383 retr.t0m.111.p.
943 4325 996 4372 tto.

390 4394 442 4461 (tt)
457 4398 516 4449 hoc.
530 4396 578 4450 ott.
