3234 5084
315 420 386 492 218
459 443 522 494 nu.
542 440 590 494 ur.
606 440 693 493 svor.
710 442 840 493 inrum.
859 442 899 492 nn
912 440 1024 493 mores.
1040 440 1137 491 narr.
1154 439 1278 492 cnusr.

308 561 468 635 derantur
479 576 513 634 et
529 559 749 660 punirentur,
769 558 862 660 quod
874 558 1038 659 exemplis
1051 556 1129 632 aliis
1142 558 1318 633 cofirmant
1333 560 1423 656 (tv).

309 675 408 762 Esto,
437 674 523 747 nihil
548 689 600 748 est
625 674 717 774 quod
743 689 920 772 repugnet.

382 789 432 862 Ex
456 788 635 864 collatione
659 788 764 887 igitur
789 790 966 890 utriusque
987 804 1118 876 textus,
1144 805 1244 888 prout
1267 782 1430 863 hactenus

309 904 477 992 vidimus,
505 922 619 1004 aperte
642 904 829 1003 colligitur,
864 905 1035 978 Christum
1061 903 1239 1004 utrobique
1263 902 1329 977 sibi
1355 930 1433 1005 pro-

273 1020 290 1050 *
310 1020 467 1119 posuisse
489 1020 621 1119 planam
649 1020 898 1122 perlectumque
923 1019 1099 1093 restituere
1122 1018 1279 1115 coniugio
1296 1018 1433 1093 firmita-

309 1152 400 1223 tem,
427 1162 530 1235 quam
554 1134 645 1211 Deus
669 1136 713 1209 ab
740 1136 836 1210 initio
862 1137 1001 1209 humani
1026 1135 1158 1233 generis
1186 1135 1428 1223 constituerat,

306 1277 510 1353 omnemque
527 1252 653 1325 vinculi
671 1253 859 1350 coniugalis
881 1250 1088 1326 dissolvendi
1114 1275 1251 1324 causam
1274 1249 1426 1339 abolere,

308 1393 329 1440 e
352 1368 463 1441 medio
487 1368 634 1443 tollendo
658 1395 679 1441 a
703 1370 820 1469 Moyse
836 1393 1031 1441 concessam
1053 1364 1156 1439 libelli
1177 1364 1304 1465 ripudii
1323 1365 1432 1440 lacul-

309 1498 428 1571 tatam;
449 1510 528 1571 seu,
549 1483 640 1583 quod
657 1482 748 1558 idem
762 1501 834 1571 est,
851 1482 1274 1579 constituisseconingium
1288 1507 1426 1580 prorsus

309 1597 546 1671 indissolubile
565 1599 666 1671 etiam
693 1598 727 1670 iu
753 1623 859 1672 cause
876 1597 1052 1685 adulterii,
1081 1612 1181 1696 prout
1206 1595 1349 1671 ecclesia
1373 1621 1430 1670 oa-

308 1711 433 1786 tholica
457 1730 572 1788 contra
598 1729 820 1814 protestantes
845 1729 880 1786 et
905 1737 1043 1810 graecos
1058 1708 1258 1808 dogmatice
1280 1711 1388 1784 docet.

381 1828 430 1900 Ex
443 1828 498 1902 his
512 1854 653 1929 pronum
667 1846 719 1903 est
730 1829 865 1916 inferre,
879 1822 978 1929 prout
986 1827 1073 1901 alias
1086 1827 1272 1914 innuimus,
1289 1828 1324 1898 1.
1337 1826 1428 1926 quod

306 1943 464 2017 Christus
483 1944 702 2018 coarctaverit
719 1970 857 2018 causam
870 1943 1081 2018 dimissionis
1094 1941 1138 2016 ad
1151 1941 1425 2028 fornicationem,

307 2060 390 2158 quin
408 2059 585 2160 quidpiam
610 2085 770 2160 expressa
794 2059 934 2146 dixerit,
955 2074 994 2132 ut
1018 2057 1133 2158 plures
1157 2057 1295 2145 volunt,
1322 2056 1366 2130 de
1389 2081 1429 2130 eo

307 2174 398 2276 quod
431 2175 503 2248 liari
528 2192 644 2276 posset
667 2202 770 2249 uxore
791 2176 958 2263 dimisea;
986 2174 1156 2275 siquidem
1180 2173 1216 2245 id
1242 2189 1358 2273 postea
1379 2198 1430 2247 se·

306 2306 397 2365 creto
410 2290 586 2392 discipulis
600 2293 672 2365 suis
686 2290 799 2391 palam
812 2291 956 2392 aperuit,
967 2306 1005 2363 ut
1014 2305 1193 2363 constater
1205 2289 1306 2362 hlarci
1316 2289 1423 2361 x.11.

308 2410 367 2482 12.
384 2422 417 2481 et
433 2408 635 2513 hucanlll.
653 2410 712 2481 18.
733 2424 771 2481 ut
791 2433 868 2480 mox
890 2406 1139 2506 expendemus,
1160 2403 1240 2477 dum
1259 2403 1352 2477 nulla
1368 2429 1429 2505 ap-

307 2523 417 2624 posita
438 2523 634 2621 exceptione
658 2522 745 2621 ipsis
771 2521 883 2621 palam
902 2521 1119 2595 denunciavit
1140 2520 1368 2594 omnimodam
1387 2544 1429 2593 ao

305 2637 488 2737 perlectam
505 2636 654 2735 coniugii
671 2635 850 2711 christiani
870 2634 1215 2708 indissolubilitatem.
1242 2632 1323 2706 ldeo
1346 2657 1427 2706 varo

305 2753 412 2827 solam
430 2753 618 2851 assignavit
637 2752 866 2827 fornicationis
884 2777 1022 2824 causam
1038 2752 1083 2823 ad
1099 2749 1332 2823 dimittendam
1345 2774 1427 2822 uxo·

307 2895 394 2957 rem,
415 2871 497 2969 quia
518 2869 603 2943 haec
628 2869 811 2943 intrinseca
838 2883 891 2942 est
915 2868 982 2967 ipsi
1007 2867 1181 2964 coniugio,
1206 2865 1303 2939 cuius
1323 2863 1426 2938 fidam

306 2982 488 3059 fornicaria
501 3010 585 3058 uxor
603 2984 766 3082 infringit.

381 3102 416 3171 2.
445 3100 753 3200 interpretationem
784 3125 888 3200 qnam
910 3099 986 3172 haio
1009 3096 1225 3171 exhibuimus
1249 3121 1289 3169 ao
1312 3095 1426 3169 viudi-

304 3214 455 3289 cavimue
468 3239 545 3287 cum
562 3216 732 3288 communi
751 3214 983 3313 theologorum
997 3212 1239 3287 catholicorum
1256 3236 1423 3285 musanen

306 3331 399 3403 iuxta
425 3329 558 3428 regulas
581 3330 849 3417 hermeneutjcas
875 3357 942 3403 non
960 3329 1060 3403 modo
1085 3327 1287 3414 defendere,
1306 3348 1423 3400 verum

304 3447 405 3520 etiam
433 3446 576 3547 positive
601 3446 773 3519 adstruere
797 3472 838 3519 ac
858 3444 998 3547 probare
1023 3443 1187 3517 ecclesiae
1211 3442 1422 3528 doctrinam,

305 3562 388 3663 quin
402 3588 542 3637 necesse
555 3562 600 3637 sit
612 3563 656 3636 ad
673 3588 779 3636 novas
796 3588 837 3637 nc
854 3562 1049 3661 peregrinas
1067 3559 1144 3661 plus
1162 3559 1317 3631 minusve
1334 3582 1425 3633 ava-

303 3678 401 3753 ritate
414 3678 633 3753 abhorrentes
651 3680 942 3779 interpretationes
956 3678 1256 3774 coningere,quas
1276 3675 1311 3746 in
1330 3699 1424 3772 prae·

303 3794 443 3868 cedente
468 3794 609 3869 articulo
635 3795 749 3867 critica
771 3793 993 3892 expendimus
1020 3806 1122 3891 atque
1147 3790 1338 3863 reiecimus.
1366 3788 1423 3858 ln·

302 3927 416 3982 vectae
441 3908 519 3983 illae
536 3910 675 3984 suntad
698 3910 823 3983 nodum
844 3908 1106 4008 praecidendum
1125 3904 1349 3989 difficultatis,
1369 3917 1424 3976 ast

303 4022 414 4097 nodus
441 4023 497 4098 ille
522 4026 606 4099 solvi
632 4024 758 4124 optima
777 4039 887 4122 potest
911 4021 1145 4108 ostendendo,
1165 4034 1265 4119 prout
1285 4017 1423 4118 praesti·

303 4140 404 4212 timus
428 4141 463 4211 in
484 4142 650 4240 praesenti
665 4138 895 4240 paragrapho,
917 4137 1022 4212 solam
1042 4136 1305 4235 exceptionalem
1329 4134 1423 4207 olau-

302 4254 411 4330 sulam
429 4282 450 4329 a
467 4256 601 4331 Christo
618 4256 809 4357 appositam
828 4254 942 4327 ralerri
962 4254 1005 4326 ad
1023 4252 1118 4353 prius
1144 4252 1290 4327 incisum
1306 4249 1350 4324 de
1368 4246 1421 4322 di-

376 4425 426 4485 (97)
441 4423 480 4475 cf.
498 4424 675 4477 Salmeronium
694 4438 736 4489 op.
751 4426 776 4477 et
794 4424 843 4476 loc.
859 4421 901 4475 eit.
915 4423 985 4474 tract.
998 4422 1082 4474 XLVI.
1098 4434 1153 4484 pag.
1165 4424 1220 4473 ³61.
