3234 5084
335 423 403 496 tto
454 444 517 496 nu.
538 442 585 495 ru.
606 442 694 495 anor.
715 441 847 494 mnam.
869 443 910 494 aa
928 442 1041 495 ranam.
1065 443 1160 494 nara.
1177 441 1300 495 canter·

331 588 470 638 suorum
487 561 640 660 vestigiis
657 559 870 649 inhaesisse,
891 560 950 662 qui
967 576 1056 635 certe
1072 558 1165 635 aolus
1182 558 1371 634 Alexander
1388 561 1449 634 lll.

330 703 500 753 essenon
529 678 649 779 potuit.
681 676 757 752 Alia
780 677 924 778 proinde
947 673 1178 777 praecessisse
1201 675 1290 749 hanc
1319 675 1354 748 iu
1381 701 1453 749 rem

330 820 414 869 rom.
440 794 637 893 pontificum
655 796 810 884 decreta,
838 820 926 896 quae
949 794 1063 869 forsan
1088 793 1273 895 perienmt,
1298 790 1455 867 admitta-

331 935 408 983 mus
429 934 570 984 necesse
590 927 653 986 est.

403 1022 446 1097 llt
470 1022 572 1121 igitur
596 1050 757 1124 praeseus
784 1040 1018 1122 argumentum
1036 1022 1269 1111 absolvamus,
1289 1048 1330 1095 ca
1343 1022 1453 1097 addu-

329 1137 392 1213 ctis
401 1138 612 1239 antiquitatis
620 1139 831 1214 documentis
845 1139 995 1214 eruimus
1009 1140 1116 1239 primo
1125 1138 1160 1209 in
1172 1135 1316 1211 ecclesia
1328 1138 1453 1234 iugiter

330 1250 422 1325 huuc
435 1277 573 1327 sensum
592 1254 744 1352 viguisse
759 1253 802 1328 de
820 1255 933 1329 favore
945 1253 1108 1327 divinitus
1117 1250 1237 1326 collato
1255 1251 1289 1322 in
1306 1253 1452 1349 gratiam

330 1367 543 1466 perfectioris
568 1368 713 1444 instituti
732 1395 792 1469 per
819 1369 1064 1470 professionem
1081 1366 1352 1465 evangelicorum
1372 1392 1456 1441 oon-

330 1480 498 1556 siliorum.
527 1482 687 1557 Emimue
712 1484 837 1559 deinde
864 1510 947 1559 rom.
976 1482 1155 1583 pontifices
1180 1482 1273 1582 loqui
1294 1482 1337 1555 de
1358 1482 1453 1555 cius-

330 1596 422 1671 modi
449 1597 682 1695 coniugiorum
702 1598 927 1675 dissolutione
948 1598 991 1672 ad
1012 1596 1234 1699 profitendam
1255 1595 1453 1695 religionem

330 1727 504 1814 tamquam
524 1712 567 1787 de
588 1740 625 1789 re
651 1715 779 1789 iamdiu
797 1714 1029 1816 superioribus
1051 1712 1175 1789 seculis
1192 1729 1346 1813 recepta,
1365 1712 1451 1812 quin

329 1826 399 1902 ulla
424 1828 592 1927 meiguod
618 1830 747 1929 epocha
772 1832 892 1931 possit.
925 1829 1055 1903 Exinde
1080 1854 1223 1929 pronum
1247 1844 1301 1902 est
1324 1827 1450 1901 inlerre

327 1942 478 2040 viguisse
503 1943 547 2017 ab
572 1945 668 2020 initio
694 1946 908 2021 traditionem
933 1943 1152 2044 apostolicam
1174 1944 1264 2017 circa
1287 1943 1378 2017 hunc
1395 1969 1452 2017 ar·

328 2058 487 2147 ticulum,
509 2086 611 2161 pem
637 2061 772 2136 demum
800 2060 942 2136 solemni
967 2061 1096 2136 ratione
1121 2059 1302 2134 concilium
1323 2059 1452 2133 triden-

329 2173 438 2246 tinum
462 2201 526 2251 suo
547 2201 675 2252 canone
700 2177 857 2252 sancivit.
877 2178 965 2250 Sanc
982 2176 1112 2250 nullum
1129 2175 1254 2277 opponi
1279 2190 1391 2275 potest
1407 2201 1450 2248 ex

327 2301 397 2363 tota
421 2290 621 2389 antiquitate
650 2291 887 2366 documentum
913 2318 981 2392 quo
1006 2290 1209 2366 contrarium
1238 2288 1446 2363 adstruatur.

320 2403 399 2490 *lem
423 2426 503 2477 vero
531 2404 624 2479 iuxta
654 2405 804 2505 regulam
826 2434 856 2482 s.
883 2405 1084 2505 Augustini:
1117 2404 1209 2491 Quae
1234 2419 1311 2477 scut
1335 2419 1451 2477 contra

324 2515 422 2616 fidam
438 2520 490 2591 cel
509 2519 625 2594 donum
640 2524 760 2608 vitam,
780 2521 948 2620 (ecclesia)
964 2549 1022 2594 occ
1039 2519 1199 2619 approbat
1215 2545 1272 2593 occ
1290 2532 1372 2592 tacet
1388 2545 1447 2591 uec

323 2634 426 2732 facit,
451 2637 540 2733 (26).
566 2636 650 2710 Cum
673 2665 752 2713 vero
778 2664 846 2712 non
872 2637 971 2713 modo
1000 2636 1174 2735 negative,
1206 2634 1449 2709 verumetiam

323 2750 469 2846 positive
489 2768 620 2827 constet
640 2753 677 2825 in
694 2753 841 2827 ecclesia
859 2754 903 2827 ab
921 2751 1197 2838 immemorabili,
1215 2751 1294 2824 licet
1310 2749 1375 2823 sub
1392 2750 1445 2822 di-

322 2888 422 2938 versa
438 2865 544 2939 forma
561 2892 622 2967 pro
639 2883 826 2968 temporum
847 2869 1035 2957 adiunctis,
1065 2866 1230 2943 eiusmodi
1251 2867 1444 2940 institutum

321 2993 492 3053 servatum
512 2980 635 3070 luisse,
658 3007 791 3056 rursum
809 2982 914 3057 altera
930 2981 1082 3058 eiusdem
1105 3008 1135 3056 s.
1155 2982 1308 3057 Doctoris
1326 2979 1445 3079 regula

321 3090 516 3167 adhibenda
541 3111 611 3168 est:
635 3096 796 3197 «Siquid
818 3098 938 3171 horum
954 3112 1023 3173 tota
1041 3124 1101 3197 per
1117 3096 1232 3170 orbem
1249 3096 1441 3195 frequentat

321 3205 464 3282 ecclesia
478 3238 486 3298 ;
564 3211 648 3312 quin
674 3211 720 3285 ita
744 3213 937 3287 iaciendum
962 3214 1007 3287 sit
1026 3213 1221 3313 disputare,
1248 3210 1444 3286 insolentis·

327 3323 436 3397 simae
461 3323 616 3400 insaniae
641 3343 694 3401 est
722 3331 845 3425 (illa

393 3446 446 3520 Ad
471 3474 574 3548 quam
599 3451 750 3550 regulam
776 3455 806 3527 si
829 3452 1031 3528 attendisset
1054 3451 1286 3541 lllaldoaatus,
1308 3475 1446 3525 scuau·

320 3577 393 3635 ctor
408 3561 676 3663 disputationum
689 3567 733 3640 dc
750 3581 878 3667 septem
893 3566 1127 3661 sacramentis,
1148 3592 1189 3641 ea
1205 3565 1355 3665 proiecto
1371 3589 1444 3639 non

321 3678 560 3776 opposuisset,
580 3707 669 3781 quae
692 3707 767 3754 eam
785 3683 923 3757 omuino
941 3682 1130 3761 destruunt.
1153 3683 1334 3782 Postquam
1352 3680 1443 3754 enim

323 3793 480 3895 scripsit,
511 3795 687 3871 difficilem
714 3797 803 3871 hanc
832 3824 910 3872 esse
940 3798 1193 3898 quaestionem,
1220 3815 1333 3871 utrum
1351 3794 1446 3869 scili·

319 3924 373 3983 oet
395 3908 497 3985 liceat
523 3912 772 3988 matrimonium
805 3928 914 3991 ratum
938 3915 1124 3991 dissolvere
1148 3912 1192 3986 ad
1217 3910 1444 4011 profitendum

318 4021 414 4098 aliud
428 4025 517 4099 vitae
529 4051 638 4124 genus
652 4028 857 4127 perfectius,
873 4029 1033 4103 nimirum
1041 4028 1259 4125 religionem,
1278 4041 1336 4101 cut
1349 4025 1445 4099 aliud

313 4142 495 4230 eiuscaodi,
518 4159 555 4218 ut
569 4147 789 4220 ministerium
814 4149 1083 4231 ecclesiasticum
1111 4144 1191 4221 item
1209 4158 1322 4219 utrum
1343 4141 1445 4216 liceat

387 4329 440 4391 (aa)
457 4331 533 4394 Epist.
547 4332 598 4383 LV.
612 4330 649 4383 od
669 4334 782 4384 Ianuar.
795 4346 850 4396 cap.
861 4334 926 4383 xlx.
941 4347 966 4385 u.
980 4342 1019 4385 ss.
1034 4333 1074 4385 ed.
1085 4334 1165 4384 Maur.
1178 4333 1239 4384 tom.
1250 4331 1283 4381 11,
1296 4329 1345 4381 col.
1359 4331 1412 4382 tta.

387 4408 438 4470 (²7)
453 4409 530 4473 dalet
541 4411 605 4462 Ltv.
622 4410 659 4464 ad
672 4414 785 4466 Iouam.
805 4427 860 4478 cap.
874 4416 904 4464 Υ.
926 4428 950 4466 u.
968 4422 993 4466 6.
1011 4415 1059 4467 rol.
1078 4421 1130 4469 126.
