3234 5084
331 423 399 491 tto
481 445 542 494 uu.
563 443 610 494 ru.
633 443 718 494 sacr.
739 442 871 494 tumui.
888 443 927 492 rr
946 442 1057 492 ruorss.
1075 442 1170 492 uris.
1187 443 1309 493 cunrsr.

329 562 427 649 Quod
453 587 637 660 numquam
662 561 707 635 de
730 562 796 635 alio
822 562 967 648 dicitur,
996 587 1093 637 nemo
1110 561 1200 634 enim
1222 561 1436 659 distingueret

330 679 416 751 iuter
432 677 654 751 sacerdotium
673 695 781 751 mtum
798 694 833 752 et
844 693 1110 751 consummatum
1123 677 1166 750 ad
1184 677 1435 752 discernendum

329 820 424 882 oum,
446 793 504 894 qui
532 820 715 894 numquam
733 793 938 868 sacrificium
956 792 1133 881 obmierit,
1154 793 1197 867 ab
1219 792 1353 894 alioqui
1374 795 1436 867 oh·

330 909 405 982 tulit
424 911 538 1005 (121).
561 911 677 1009 ltaque
701 927 882 1009 utrumque
906 910 1154 983 matrimonium
1173 911 1320 984 essentia
1335 937 1431 983 uuum

329 1040 424 1109 sunt,
447 1049 514 1096 una
532 1025 719 1124 cademque
736 1025 888 1098 definitio
914 1025 1049 1124 utrique
1073 1026 1245 1111 convenit;
1265 1040 1434 1123 ntmrnque

301 1154 504 1241 ‘propterea
522 1166 561 1212 ex
580 1165 618 1212 se
634 1155 686 1213 est
704 1140 940 1215 indissolubile
950 1157 1097 1240 ‘utroque
1115 1141 1198 1227 iure,
1216 1141 1245 1213 si
1264 1140 1370 1227 lubet,
1386 1167 1442 1213 ua*

330 1254 428 1328 turaii
442 1280 483 1327 ac
496 1254 622 1329 divino.
631 1255 751 1328 Verum
769 1257 857 1329 iuter
869 1282 907 1328 se
920 1255 1080 1330 differunt
1091 1256 1203 1356 quoad
1222 1257 1440 1353 integritatem

329 1387 362 1442 et
384 1369 643 1469 perfectionem,
659 1397 728 1470 qno
741 1371 799 1457 ht,
815 1387 852 1442 nt
869 1370 1034 1453 diximus,
1054 1370 1145 1470 quod
1162 1369 1304 1445 alterum
1322 1370 1441 1444 haheat

326 1484 512 1558 absolutam
529 1483 884 1571 indissolubilium,
909 1485 1047 1558 alterum
1064 1512 1143 1559 vero
1160 1502 1323 1586 potestate
1341 1513 1363 1558 a
1374 1486 1440 1559 Deo

330 1599 576 1672 communicata
595 1599 703 1699 possit
719 1600 875 1674 dissolri.
897 1599 962 1672 hlii
980 1600 1110 1674 addunt
1127 1601 1263 1675 differre
1280 1628 1384 1674 uuum
1400 1601 1442 1673 uh

326 1715 447 1801 attero,
476 1714 520 1787 oh
546 1715 714 1789 diversam
746 1716 1027 1814 significationem
1048 1718 1293 1790 coniunctionis
1318 1716 1440 1789 Christi

326 1856 402 1903 cum
435 1831 565 1916 anima,
594 1847 652 1903 aut
680 1857 756 1904 cum
786 1832 944 1905 ecclesia.
973 1832 1091 1905 Verum
1119 1833 1285 1933 quidquid
1310 1831 1440 1905 dehoc

327 1949 384 2034 sit,
397 1974 612 2048 quacumque
626 1949 756 2022 ratione
769 1949 915 2023 solutum
934 1949 1035 2049 plane
1048 1966 1101 2023 est
1113 1949 1179 2024 hoc
1195 1963 1436 2048 argumentum.

395 2064 636 2162 Argumentum
662 2064 838 2164 quintum,
867 2064 958 2164 quod
986 2067 1172 2165 petitores
1190 2067 1318 2139 ratione
1336 2090 1444 2139 sacra-

325 2179 446 2265 menti,
468 2178 559 2251 haud
578 2178 700 2252 melius
717 2204 788 2252 rem
805 2181 961 2265 conficit,
990 2205 1091 2280 quam
1118 2196 1354 2278 argumentum
1373 2205 1441 2279 pro

323 2292 412 2365 xime
435 2290 637 2366 antecedens
662 2319 740 2367 cum
764 2321 834 2395 quo
858 2296 1089 2393 cognationem
1106 2294 1221 2369 hahet.
1249 2295 1445 2369 Certissime

323 2404 569 2482 accrementum
594 2425 646 2482 est
670 2411 922 2483 matrimonium
948 2425 1018 2483 tum
1044 2426 1174 2497 ratum,
1203 2425 1273 2483 tum
1291 2437 1445 2484 cousum-

322 2539 463 2597 matum.
493 2524 564 2597 floc
583 2550 681 2598 nemo
699 2526 882 2623 negaverit.
904 2526 965 2599 hst
982 2524 1226 2600 sacramentum
1252 2525 1442 2598 ordinatum

322 2655 376 2712 est
392 2637 437 2713 ad
449 2639 685 2713 conserendam
704 2642 866 2737 gratiam,
889 2666 954 2713 non
973 2656 1083 2713 autem
1102 2667 1161 2742 per
1178 2667 1216 2713 se
1231 2639 1275 2712 ad
1293 2639 1444 2712 tribuen-

325 2753 401 2827 dam
416 2754 762 2830 indissolubilitatem.
780 2755 876 2829 lianc
889 2756 1137 2829 matrimonium
1151 2755 1253 2829 hahet
1269 2783 1310 2828 ex
1328 2755 1443 2827 diuina

323 2869 559 2957 institutione,
588 2885 621 2944 et
645 2870 893 2969 quodammodo
915 2899 954 2943 cx
984 2870 1056 2968 lege
1081 2871 1246 2957 naturali,
1274 2886 1443 2971 qnatenus

322 2982 476 3082 sequitur
501 2998 654 3057 naturam
674 2999 878 3058 contractus.
902 2985 998 3071 Quod
1022 2985 1052 3058 si
1078 2985 1163 3058 ratio
1185 2985 1294 3082 signi,
1323 3009 1444 3083 nempe

324 3098 583 3196 significationis
609 3099 746 3172 unionis
772 3100 898 3173 Christi
926 3103 997 3175 sive
1015 3127 1091 3174 cum
1109 3101 1222 3174 anima
1239 3100 1350 3187 fideli,
1373 3101 1445 3173 siue

322 3240 398 3287 cum
424 3213 569 3289 ecclesia
587 3229 646 3287 aut
666 3215 703 3286 in
720 3214 884 3289 charitate
901 3232 961 3290 aut
977 3217 1012 3287 iu
1030 3242 1131 3289 carue
1147 3217 1307 3290 maiorem
1327 3215 1443 3288 t‘rihuit

321 3329 481 3427 coniugio
505 3329 717 3416 firmitatem,
742 3346 781 3403 ut
804 3331 911 3431 aliqui
937 3332 1163 3418 contendunt,
1186 3331 1439 3428 intelligendum

323 3444 452 3531 idest,
480 3462 518 3518 ut
543 3446 608 3546 ipsi
635 3445 819 3546 explicant,
844 3473 905 3546 pro
921 3447 1056 3520 diversa
1073 3447 1321 3545 significatione
1339 3474 1442 3548 quam

324 3561 532 3634 nanciscitur
557 3561 750 3658 coniugium
777 3579 876 3661 prout
900 3562 1068 3636 diversum
1091 3562 1193 3635 hahet
1209 3564 1349 3660 gradum
1368 3591 1444 3664 per·

322 3675 476 3749 fectionis
500 3678 596 3771 (122)
620 3677 712 3749 iuxta
739 3678 838 3777 paulo
864 3695 941 3751 ante
958 3679 1122 3778 exposita.
1144 3679 1186 3751 Et
1204 3680 1287 3753 haec
1303 3679 1441 3780 quidem

323 3807 359 3863 ut
377 3792 655 3890 responderemus
675 3792 719 3865 cd
737 3792 895 3865 hominem
914 3794 955 3867 iis
974 3793 1138 3891 theologis
1157 3795 1215 3894 qui
1243 3794 1307 3870 hoe
1323 3812 1443 3893 urgent

321 3922 580 4004 argumentum,
607 3924 754 3981 ceterum
780 3924 818 3981 ut
834 3908 919 3983 alias
937 3909 1104 3993 diximus,
1126 3909 1189 3983 hoc
1207 3909 1330 4011 pendet
1352 3938 1372 3983 a
1393 3910 1443 3982 di·

321 4021 404 4094 vina
427 4022 662 4120 dispositione.

375 4306 378 4311 '
393 4312 458 4373 (itt)
475 4312 513 4362 ct.
528 4314 641 4366 Bellarm.
655 4316 698 4366 hh.
711 4318 742 4365 ΙΙ.
759 4320 793 4367 De
804 4317 952 4379 monachis,
966 4335 1019 4385 rap.
1031 4324 1164 4371 xxxvttt.
1178 4337 1202 4372 u.
1216 4331 1245 4372 to
1259 4336 1327 4387 seqq.

393 4391 459 4454 (tut)
475 4391 514 4442 ct.
527 4393 639 4444 Bellurm.
655 4395 703 4445 tec.
715 4396 757 4447 ott.
771 4410 794 4445 n.
812 4404 849 4447 rt.
863 4403 901 4447 rt.
