3234 5084
338 444 416 518 368
464 465 526 516 ιιι.
543 464 592 515 ιιι.
613 461 700 516 anor.
722 461 917 513 urrunnun
942 458 1057 514 mures.
1074 459 1171 513 ιιιι.
1187 459 1310 515 aanor.

334 592 369 658 et
394 598 511 681 postea
537 580 629 655 filius
654 579 764 682 ipsam
789 579 981 679 ao'oeperit,
1012 594 1108 680 pater
1130 580 1205 654 eius
1234 595 1353 681 postea
1384 605 1452 654 nou

336 696 459 771 habeat
478 721 638 783 uxorem,
660 710 695 769 et
714 696 789 795 ipsa
811 694 959 769 foemina
984 719 1051 767 non
1077 692 1201 769 habeat
1219 695 1352 784 virum,
1371 695 1455 795 quia

335 838 401 885 non
414 812 516 900 dixit,
533 810 623 912 quod
638 827 732 910 pater
750 812 826 884 eius
846 836 922 884 eum
944 810 1020 908 ipsa
1044 810 1247 883 mansisset:
1269 809 1361 885 lilius
1373 836 1453 885 rero

333 926 430 1015 eius,
458 926 517 1026 qui
542 926 698 1000 nesciens
725 925 828 1013 fecit,
858 924 1004 1024 aeoipiat
1027 924 1202 997 mulierem
1226 924 1448 1023 legitimam.»

337 1041 427 1113 Xlll.
447 1041 515 1113 «Si
540 1041 618 1140 quis
645 1041 698 1113 vir
721 1039 896 1113 mulierem
922 1064 1019 1113 suam
1045 1038 1235 1126 dimiserit,
1264 1055 1298 1114 et
1321 1039 1453 1114 dederit

335 1173 557 1230 commeatum
577 1182 637 1257 pro
659 1154 833 1252 religionis
850 1179 956 1228 causa
977 1152 1064 1226 infra
1081 1154 1320 1228 monasterium
1339 1155 1451 1231 deser·

331 1271 423 1360 vire;
439 1287 498 1345 aut
512 1271 602 1346 lotas
620 1270 859 1346 monesterium
882 1268 1013 1342 dederit
1028 1267 1198 1343 licentiam
1214 1268 1345 1359 velare,
1363 1271 1451 1346 siout

331 1383 497 1473 diximus,
518 1399 654 1485 propter
666 1385 773 1456 Deum
787 1412 795 1471 ;
810 1383 864 1456 vir
876 1381 969 1455 illius
982 1382 1127 1482 accipiat
1147 1384 1321 1458 mulierem
1341 1385 1451 1484 legiti-

331 1525 435 1574 mam:
452 1499 608 1574 similiter
619 1516 653 1573 et
663 1497 785 1572 mulier
796 1497 1024 1573 [aciatlell.
1037 1499 1093 1570 «Si
1105 1499 1244 1600 virquis
1257 1527 1334 1575 oum
1346 1516 1451 1576 matre

330 1629 365 1688 et
377 1612 448 1686 lilia
460 1612 495 1684 in
509 1611 673 1686 adulterio
686 1611 830 1700 mansit,
855 1612 1027 1687 nesciente
1047 1629 1153 1687 matre
1172 1613 1263 1714 quod
1280 1641 1356 1689 oum
1379 1614 1450 1689 filia

332 1752 395 1802 sua
419 1726 620 1815 mansisset,
642 1725 797 1799 similiter
814 1741 847 1798 et
864 1724 936 1799 filia
956 1725 1117 1815 nescivit,
1137 1727 1228 1826 qued
1248 1752 1325 1802 oum
1344 1744 1450 1804 matre

331 1866 395 1915 sua
419 1857 528 1929 esset;
558 1855 673 1941 posteo
700 1839 758 1912 ille
782 1838 852 1927 vir,
878 1839 908 1912 si
932 1840 1101 1939 acceperit
1120 1839 1314 1930 mulierem,
1337 1841 1448 1917 dimit·

338 1972 403 2031 tut:
434 1982 543 2055 usque
567 1956 602 2029 iu
623 1955 714 2028 diem
738 1955 856 2028 mortis
880 1980 962 2028 suae
988 1982 1055 2030 non
1081 1954 1205 2030 habeat
1227 1982 1383 2033 uxorem:
1416 1973 1451 2032 et

335 2070 393 2144 illa
410 2069 552 2159 mulier,
572 2097 675 2171 quam
695 2069 885 2169 reliquerit,
907 2070 1051 2171 accipiat
1067 2071 1197 2158 virum,
1217 2088 1251 2145 et
1267 2070 1326 2146 illa
1343 2089 1449 2146 matre

330 2201 364 2258 et
375 2184 462 2272 filia,
479 2211 555 2259 eum
569 2185 694 2286 quibus
712 2184 748 2256 in
765 2183 931 2260 adulterio
948 2185 1093 2273 mansit,
1115 2184 1279 2260 ambabus
1292 2187 1447 2260 nescien-

259 2298 263 2305 ’
331 2299 421 2372 tibus
445 2299 537 2400 quod
562 2326 639 2374 eum
664 2314 769 2374 matre
794 2315 827 2373 et
851 2298 922 2374 filia
946 2300 1149 2389 mansisset,
1174 2300 1321 2375 habeant
1340 2302 1443 2377 viros.

330 2414 413 2489 Nam
439 2415 469 2488 si
497 2414 532 2487 in
557 2415 709 2490 notitiam
733 2414 867 2488 illarum
888 2415 1016 2489 venerit
1039 2415 1104 2489 lroo
1121 2415 1251 2504 scelus,
1277 2415 1448 2491 dimittent

330 2531 487 2620 maritos,
502 2547 536 2607 et
547 2547 648 2631 agant
669 2531 926 2632 poenitentiam:
946 2548 979 2605 et
1000 2530 1132 2605 illarum
1151 2531 1262 2606 mariti
1284 2530 1447 2632 posterio-

331 2674 385 2723 res
409 2648 577 2750 aooipiant
600 2647 876 2723 mulieres.»XV.
896 2648 1089 2723 «Similiter
1113 2666 1146 2723 et
1169 2649 1212 2723 de
1238 2649 1371 2724 duabus
1388 2676 1447 2725 so-

329 2763 482 2852 roribus,
511 2766 569 2865 qui
595 2791 671 2838 oum
697 2791 765 2837 una
791 2765 827 2835 in
852 2763 1017 2838 adulterio
1039 2763 1183 2854 mansit,
1203 2781 1237 2840 et
1253 2764 1391 2840 alteram
1410 2766 1445 2839 in

330 2878 466 2978 publico
485 2881 637 2980 aceepit,
662 2907 728 2955 non
746 2878 870 2953 habeat
889 2880 1063 2955 mulierem
1080 2883 1235 2982 usquein
1250 2882 1340 2955 diem
1357 2908 1447 2956 mor·

202 3010 204 3015 ’
330 2992 395 3078 tis;
423 3009 456 3065 et
480 2992 558 3067 illae
583 2993 671 3068 duae
696 3018 848 3083 sorores,
876 2997 907 3069 si
932 2996 1143 3083 nescierunt,
1172 2995 1319 3070 habeant
1343 2997 1445 3070 mari-

329 3124 402 3181 tos:
431 3123 463 3181 et
488 3110 517 3182 si
543 3109 578 3182 in
605 3109 757 3185 notitiam
782 3111 833 3185 eis
855 3110 968 3198 uenit,
990 3112 1199 3211 superiorem
1217 3110 1356 3187 formam
1375 3138 1445 3186 ser·

328 3237 442 3297 vent.»
459 3224 541 3297 xvl.
561 3226 626 3297 «Si
644 3226 697 3300 vir
722 3224 876 3325 leprosus
901 3225 1075 3299 mulierem
1103 3225 1227 3300 habeat
1248 3252 1383 3315 sanam,
1412 3227 1442 3301 si

326 3336 399 3412 vult
421 3338 453 3412 ei
478 3339 604 3415 donare
628 3357 872 3429 commeatum,
901 3358 938 3415 ut
962 3341 1108 3441 accipiat
1122 3341 1248 3430 virum,
1272 3341 1349 3442 ipsa
1371 3342 1439 3417 loe-

327 3452 443 3541 mina,
471 3454 501 3528 si
527 3454 598 3529 vult
622 3455 789 3556 accipiat,
818 3455 976 3529 similiter
1000 3471 1033 3528 et
1056 3456 1110 3529 vir
1137 3458 1275 3553 (251).»

400 3570 470 3643 lam
483 3595 562 3644 vero
574 3571 604 3644 si
618 3596 764 3645 canones
779 3573 862 3646 istos
877 3572 940 3646 rite
956 3571 1199 3672 expendamus,
1215 3572 1343 3672 patebit
1356 3573 1442 3647 nihil

327 3681 405 3758 illos
434 3711 611 3760 commune
641 3685 766 3761 habere
790 3714 866 3762 oum
893 3688 1101 3788 quaestione
1121 3714 1222 3788 quam
1249 3690 1441 3788 agitamus,

327 3798 387 3873 sed
412 3826 453 3873 ex
478 3799 545 3874 alio
570 3802 706 3876 omnino
732 3802 843 3891 titulo(
859 3829 960 3903 quam
995 3803 1150 3878 adulterii
1176 3829 1282 3879 novas
1306 3805 1443 3905 nuptias

327 3914 532 4012 permittere.

397 4028 446 4104 Ao
471 4032 505 4101 1.
523 4056 685 4131 seponere
710 4033 885 4113 debemus,
899 4060 973 4109 oan.
1000 4036 1052 4107 lV.
1076 4036 1110 4108 in
1135 4061 1203 4136 quo
1229 4034 1359 4109 nullum
1382 4033 1442 4108 de·

325 4145 472 4220 cernitur
489 4147 683 4246 coniugium
696 4148 826 4251 absque
843 4150 992 4226 mulieris
1009 4177 1178 4227 censensu
1195 4152 1329 4241 initum,
1344 4148 1442 4226 adeo

344 4274 355 4293 l
399 4316 464 4379 (ιιι)
480 4316 552 4380 Apud
568 4317 688 4369 Eordaia.
702 4319 1050 4386 emolumentorum
1063 4321 1128 4387 apud
1144 4319 1301 4374 sirmondum
1322 4317 1441 4372 ι’ωιιιὶια

322 4397 437 4460 antiquo
452 4396 645 4451 delituerunt.
658 4401 689 4451 11.
701 4413 758 4466 urg.
771 4403 801 4451 ιι
813 4412 882 4466 seqq.
1109 4410 1112 4415 “
