3234 5084
313 422 381 493 460
461 441 523 492 ιιι.
544 440 591 491 ιιι.
611 437 698 491 mer.
720 438 849 490 surum.
871 437 1147 489 orimnorum.
1168 436 1291 489 osmer.

310 559 451 645 cienda,
480 572 581 657 atque
604 556 648 629 ad
673 554 842 630 iterandas
874 556 1030 655 nuptias,
1062 580 1149 655 quae
1179 572 1420 655 praeterquam

310 673 400 774 quod
415 699 437 746 a
453 671 612 769 religione
632 672 852 758 damnantur,
875 688 954 744 sunt
969 670 1044 744 lons
1062 671 1208 770 plurium
1231 668 1422 755 malorum⁷

310 813 399 887 quae
421 787 602 884 coniuges,
622 786 793 873 sobolem,
823 787 1000 885 ipsamque
1025 787 1216 861 societatem
1243 785 1423 883 affligunt,

310 920 411 1002 atque
434 901 667 1002 pessumdant.

647 1072 650 1079 '
734 1057 898 1117 CAPUT
918 1056 988 1114 Vb
1051 1058 1054 1067 '

400 1227 440 1278 DE
461 1225 682 1277 olssolurlorttt
707 1226 895 1276 nrmnouu
921 1226 1009 1287 Rffl,
1031 1226 1104 1316 NON!
1117 1225 1328 1275 consonari.

384 1372 505 1444 Notum
522 1387 573 1444 est
588 1368 746 1443 omnibus
764 1368 1014 1442 matrimonium
1029 1368 1064 1440 in
1077 1367 1279 1465 legitimum,
1295 1385 1420 1451 ratum,

312 1502 346 1560 et
368 1501 634 1558 consummatum
659 1484 847 1581 distingui;
876 1483 1062 1581 legitimum
1086 1510 1145 1557 seu
1164 1510 1279 1557 rerum
1304 1486 1424 1558 coniu-

312 1601 406 1698 gium
421 1615 493 1685 est,
515 1599 604 1699 quod
623 1598 666 1671 ab
683 1598 879 1672 infidelibus
904 1598 947 1670 ad
975 1624 1124 1677 normam
1148 1598 1232 1695 legis
1257 1598 1423 1671 naturalis

313 1712 538 1800 contrahitur;
560 1729 668 1786 ratum
689 1712 772 1785 illud
789 1710 949 1813 estquod
975 1713 1079 1785 initur
1096 1738 1116 1784 a
1134 1711 1291 1785 fidelibus
1308 1739 1349 1785 ae
1364 1740 1424 1786 sa-

314 1843 519 1902 cramentum
539 1827 703 1914 efficitur,
728 1850 768 1900 eo
790 1827 866 1927 ipso
884 1827 976 1925 quod
999 1842 1242 1900 sacramentum
1264 1826 1342 1899 fidei
1359 1852 1423 1899 seu

313 1941 517 2041 baptismum
543 1958 778 2040 susceperunt,
799 1967 868 2040 quo
885 1942 923 2013 fit
941 1956 978 2014 ut
997 1967 1113 2015 eorum
1138 1956 1325 2015 contractus
1348 1942 1424 2015 solo

313 2082 483 2132 consensu
506 2054 654 2154 legitime
679 2058 840 2156 praestito
858 2057 1019 2130 evehatur
1037 2057 1079 2129 ad
1097 2056 1292 2154 dignitatem
1309 2083 1426 2130 saera·

315 2173 417 2245 menti
441 2189 555 2273 utpote
577 2173 710 2270 signum
732 2172 860 2270 gratiae
878 2174 1062 2271 practicum
1081 2190 1114 2245 et
1133 2162 1267 2258 alflaan,
1289 2199 1425 2271 reprae-

315 2303 452 2361 sentans
476 2287 742 2362 coniunctionem
768 2287 894 2360 Christi
921 2313 997 2360 cum
1023 2286 1183 2373 ecclesia;
1211 2312 1426 2360 consumma-

315 2414 386 2472 tum
411 2426 490 2476 vcro
514 2400 638 2475 dicitur
666 2401 718 2474 rel
747 2427 814 2475 uon
846 2416 1144 2487 consummatum,
1177 2417 1275 2499 prout
1301 2400 1424 2501 copula

315 2508 539 2589 intercesserit
555 2516 642 2607 inter
657 2517 819 2614 coniuges
836 2514 889 2590 rel
908 2542 972 2591 non
993 2512 1231 2588 intercesserit.
1247 2515 1424 2588 Eiusmodi

316 2629 541 2705 distinctionis
563 2656 664 2731 saepe
690 2631 727 2704 fit
750 2633 876 2706 mentio
902 2634 936 2703 in
963 2633 1035 2705 iure
1059 2632 1241 2716 canonico,
1261 2648 1294 2704 et
1310 2631 1424 2726 magni

316 2761 368 2819 est
386 2747 542 2819 momenti
567 2747 601 2817 in
626 2747 824 2844 quaestione
848 2773 950 2845 quam
976 2747 1155 2844 agitamus.

388 2858 528 2930 Ratione
552 2859 641 2930 enim
666 2859 764 2931 istius
797 2859 1023 2932 distinctionis
1047 2860 1238 2956 coniugium
1264 2860 1426 2932 maiorem

316 2971 369 3044 vel
397 2971 559 3043 minorem
589 2971 757 3044 firmitatis
781 2972 921 3070 gradum
949 2973 1061 3047 habet.
1077 2975 1177 3061 Sane,
1202 2991 1239 3047 ut
1263 3001 1325 3048 suo
1350 2973 1426 3046 loco

316 3082 545 3172 ostendimus,
579 3086 828 3160 matrimonium
862 3087 1050 3162 infidelium
1082 3091 1238 3189 quamvis
1269 3113 1425 3162 consum-

317 3214 442 3273 matum
463 3197 661 3273 dissolubile
682 3216 753 3288 est,
779 3227 820 3274 eo
841 3201 982 3277 solvitur
1000 3229 1059 3303 per
1080 3202 1330 3275 conversionem
1347 3227 1427 3275 con·

317 3313 405 3411 iugis
430 3312 472 3385 ad
498 3312 597 3389 fidem
623 3315 864 3402 christianam,
886 3334 1044 3390 renuente
1065 3316 1170 3388 altero
1189 3317 1332 3413 coniuge
1349 3316 1425 3388 sine

316 3428 516 3502 contumelia
541 3428 707 3503 Crantoris
741 3430 934 3503 cohabitare
959 3457 1036 3504 cum
1066 3445 1161 3529 parte
1189 3455 1361 3503 converse.
1383 3431 1425 3500 dt

317 3543 566 3617 matrimonium
592 3544 742 3617 fidelium
768 3560 1034 3617 consummatum
1057 3571 1133 3617 esse
1155 3570 1291 3642 prorsus
1312 3543 1424 3643 quoad

315 3657 486 3731 vinculum
521 3656 755 3731 indissolubile
787 3657 994 3755 exploratum
1026 3675 1106 3745 est,
1141 3657 1422 3756 quemadmodum

316 3768 477 3846 hactenus
501 3773 601 3845 certis
626 3773 831 3869 argumentis
856 3773 1079 3847 ostendimus,
1105 3776 1172 3846 Nec
1197 3772 1340 3846 ecclesia
1366 3791 1425 3844 aut

317 3912 400 3960 rom.
411 3887 557 3988 pontifex
571 3903 683 3985 potest
698 3886 880 3986 aliquando
897 3905 1164 3961 consummatum
1182 3887 1332 3960 fidelium
1350 3913 1424 3959 cou-

317 4002 455 4076 nubium
481 4002 665 4078 dissolvere
689 4002 758 4076 ullo
783 4003 818 4074 in
843 4028 925 4075 casu
952 4005 1016 4098 (1).
1045 4004 1135 4076 lnter
1163 4001 1247 4075 haec
1276 4001 1424 4074 medium

388 4217 423 4278 (t)
439 4220 515 4269 Prout
529 4218 641 4268 nonnulli
657 4230 783 4282 perperam
799 4216 1060 4267 commemoretur
1075 4218 1122 4267 troc
1138 4229 1231 4280 mguur.
1244 4215 1330 4265 Gibert
1343 4203 1368 4264 iri
1381 4228 1423 4279 op.

320 4295 454 4347 Tradttlon
473 4310 509 4347 ou
528 4296 634 4348 lutrtotre
649 4297 682 4347 de
698 4296 794 4359 l’mltte
814 4310 862 4347 rur
879 4296 904 4347 le
918 4301 1063 4347 socrrrnmt
1087 4297 1124 4349 du
1144 4300 1281 4361 manum,
1301 4299 1362 4349 ton.
1379 4298 1422 4345 nt.

317 4389 370 4440 Μ·
383 4380 427 4428 2'14
438 4390 508 4440 seqq.
