3234 5084
321 439 401 513 ist.
464 460 527 512 un.
541 458 590 512 nr.
605 458 692 512 mor.
709 459 841 511 mrem.
857 458 897 510 nr
914 457 1139 511 imiamins.
1156 456 1278 510 onnon
1387 478 1391 489 ·

320 576 495 653 mulierem
519 576 619 678 quasi
644 574 785 651 alterum
810 575 980 677 seipsumss
1002 574 1155 676 adeoque
1177 573 1320 648 adieoit:
1337 598 1438 649 eoos·

322 694 411 767 bitur
432 694 548 793 mroqo
576 693 667 790 (tto).
701 691 814 791 Pergit
842 690 966 767 deinde
995 690 1129 766 diesne:
1162 688 1434 791 qomoobrum...÷

320 808 509 883 odlwebit
531 809 633 883 umori
654 833 751 893 aune,
771 833 833 881 seo
854 822 955 909 prout
978 807 1013 880 in
1038 806 1194 882 versione
1208 804 1434 879 Alexandrina

319 924 479 998 vertitur:
499 923 777 1022 moplutioobt'tur
801 926 890 1019 (bb).
911 922 1053 996 Domum
1078 918 1264 996 concludit:
1283 935 1316 993 et
1339 936 1436 994 eunt

320 1040 385 1112 duo
412 1042 449 1111 io
477 1050 576 1113 soree
602 1064 671 1111 ooo
699 1038 743 1111 ad
767 1039 878 1135 magis
902 1037 1141 1111 declarandum
1163 1035 1434 1109 indissolubilem

320 1180 444 1228 nexum
469 1153 563 1227 illius
588 1150 854 1241 coniunctionis,
875 1152 935 1253 qui
952 1179 993 1226 ex
1009 1151 1156 1225 maritali
1175 1151 1342 1226 oonsortio
1359 1150 1437 1224 elii-

320 1273 421 1357 citur,
452 1285 552 1370 atque
582 1268 629 1343 ita
654 1269 908 1369 perstringitur,
936 1283 974 1341 ut
998 1265 1082 1342 ulter
1107 1268 1230 1341 oooiux
1258 1265 1302 1340 ab
1328 1265 1436 1341 altero

321 1376 498 1460 dissociari
524 1399 681 1485 nequeat.

385 1501 424 1572 ln
439 1500 514 1601 ipso
527 1514 799 1600 protoparentum
811 1497 970 1593 coniugio
982 1492 1228 1597 praesignatum
1237 1495 1344 1570 inisse
1355 1520 1435 1571 oon·

320 1614 443 1713 iugalis
467 1613 594 1688 vinculi
620 1606 951 1686 indissolubilitatem
969 1606 1185 1686 ooniirmatur
1200 1637 1241 1685 ex
1258 1636 1314 1699 eo,
1339 1610 1433 1711 quod

320 1728 511 1830 symbolum
528 1718 621 1802 esset
633 1750 672 1799 ao
685 1725 822 1823 signum
840 1725 972 1811 suturae
984 1724 1229 1799 coniunctionis
1241 1724 1338 1799 Verbi
1355 1750 1434 1799 oum

319 1843 550 1930 humanitate,
579 1856 611 1914 et
636 1840 762 1914 Christi
788 1836 850 1913 sen
874 1838 972 1917 Verbi
997 1834 1162 1913 inoarnati
1188 1866 1264 1914 oum
1289 1839 1434 1916 ooolesia

320 1984 384 2034 sua
407 1985 459 2032 ex«
473 1955 746 2056 interpretatione
771 1954 923 2055 Apostoli
937 1947 1088 2029 'dicentis
1105 1956 1281 2057 potissime
1295 1957 1340 2030 de
1356 1982 1436 2058 pro-

320 2089 530 2175 toparentum
543 2071 699 2168 coniugio
711 2097 721 2144 ε
735 2071 1016 2145 «Sacramentum
1030 2071 1096 2146 hoo
1112 2098 1272 2169 magnum
1283 2087 1355 2162 sst3
1369 2098 1436 2171 ego

320 2204 431 2264 autem
456 2188 533 2262 dioo
561 2186 597 2260 io
627 2185 761 2260 Christo
784 2200 819 2260 et
850 2186 885 2258 in
916 2185 1059 2260 eoolesia
1074 2188 1304 2284 (trimum
1334 2212 1436 2263 nemo

246 2296 249 2325 ¹
320 2303 492 2402 negaverit
516 2300 786 2377 indissolubilem
803 2299 910 2375 inisse
927 2316 961 2376 et
976 2317 1139 2407 esseqrm
1163 2298 1432 2378 ooniunotionem

321 2417 420 2492 Verbi
436 2418 544 2492 divini
561 2442 636 2491 orm
655 2415 862 2491 humanitate
879 2431 1053 2517 assumpta
1069 2438 1130 2516 per
1146 2417 1305 2491 unionem
1328 2417 1437 2520 hypo·

321 2533 493 2622 statioam,
514 2558 576 2607 seu
592 2532 860 2607 coniunctionem
873 2532 1059 2633 physicum,
1076 2548 1152 2605 tum·
1163 2528 1432 2608 ooniunotionem

320 2648 416 2723 Verbi
436 2672 514 2722 oaru
530 2636 609 2722 iaoti
627 2672 703 2721 oum
720 2646 882 2736 eoolesia,
904 2673 965 2722 seo
988 2638 1256 2723 coniunctionem
1277 2649 1436 2723 moralem

319 2791 380 2864 per
404 2764 558 2863 gratiam.

392 2878 531 2954 Aooedit
554 2878 645 2979 quod
671 2878 785 2953 Patres
810 2903 928 2953 omnes
952 2894 985 2952 et
1001 2878 1158 2954 ootholioi
1177 2880 1372 2981 interpretes
1394 2881 1430 2954 in

318 2993 407 3103 bano
431 2994 631 3069 sententiam
652 2994 870 3083 conveniant,
898 2994 1135 3071 indissolubile
1154 2995 1325 3071 vinoulnm
1350 3022 1434 3073 oon-

391 3230 573 3297 (sstiiebreioe
602 3217 689 3321 Πῖῥῃ
709 3259 722 3300 ,
757 3244 822 3297 qnae
836 3246 885 3285 vox
901 3245 960 3299 prae
975 3233 1063 3287 ceteris
1081 3234 1197 3298 exprimit
1216 3219 1342 3300 aptisdme
1362 3237 1433 3299 quod

321 3328 427 3385 intendit
442 3328 521 3382 Adam
539 3328 571 3381 ad
587 3328 772 3394 sentiendam
793 3331 926 3396 ammom
947 3333 1024 3385 valoti
1044 3332 1129 3385 ureris
1149 3344 1209 3385 sune
1225 3346 1282 3385 eum
1301 3334 1435 3401 metipso

318 3409 480 3462 identitatem.
495 3409 764 3462 ci.losotnte13tite
772 3425 837 3463 ooec
847 3425 884 3463 uo
895 3415 1079 3464 commentaire
1092 3413 1232 3464 litterati
1245 3413 1348 3478 ialiaye
1360 3418 1431 3466 174³,

220 3542 222 3546 .
318 3489 457 3541 temted
473 3490 539 3540 trono
551 3489 600 3540 loe.

390 3573 441 3637 (ω)
455 3575 485 3624 ln
495 3572 607 3625 vatione
616 3573 659 3625 ut.
672 3574 711 3625 est
723 3564 992 3639 προσκολληθήσεται

391 3664 442 3731 (Π)
457 3666 505 3716 Seu
522 3665 596 3730 pout
610 3663 701 3715 elarius
716 3662 808 3715 dicitur
821 3662 847 3712 ln
863 3676 950 3727 gresso
960 3664 1042 3715 textu:
1064 3658 1094 3712 ro*
1105 3657 1248 3729 μυστήριον
1267 3659 1345 3714 τοῦτο
1357 3658 1434 3731 μέγα

319 3745 399 3801 lorii·
413 3745 464 3817 lyd
483 3747 510 3800 tt
526 3744 596 3815 λέγω
614 3734 651 3807 εἷς
669 3745 779 3819 χριστὸν
805 3745 850 3801 καὶ
869 3743 907 3806 εἷς
926 3745 972 3805 rsit
991 3742 1199 3804 lantonienses
1212 3754 1373 3817 «mysterium
1382 3756 1432 3806 boe

319 3828 436 3896 magnum
453 3835 506 3897 est;
524 3845 570 3896 ego
591 3836 673 3884 antem
695 3833 751 3884 dico
770 3834 796 3883 in
813 3832 938 3884 christum
952 3832 978 3883 et
991 3831 1018 3882 in
1032 3830 1183 3883 eoniesinm.»
1194 3833 1265 3892 Quod
1277 3835 1360 3885 nuum
1371 3839 1434 3900 ipo

317 3912 395 3965 stolus
405 3913 437 3967 ed
449 3913 496 3965 hoo
505 3911 614 3977 priorum
626 3912 767 3976 mniomum
778 3911 922 3976 mysterium
933 3912 984 3963 boo
993 3911 1097 3976 roierat,
1111 3924 1161 3962 non
1176 3913 1277 3977 quidem
1290 3915 1431 3981 motuum,

319 3990 363 4042 sed
376 3994 405 4043 ot
414 3992 540 4058 diximus,
552 3995 709 4058 proectpue,
725 4004 756 4042 en
771 3992 834 4044 serie
850 3992 968 4043 orationis
984 3995 1059 4058 petet.
1072 3992 1137 4044 ilino
1146 3994 1229 4044 Betim
1239 3995 1354 4047 stelione
1366 4001 1430 4063 Apo·

319 4070 377 4122 stoli
390 4071 472 4123 iooom
483 4074 581 4123 enarret
592 4092 598 4123 ι
612 4092 625 4117 α
636 4073 819 4124 &momentum
831 4084 873 4123 seo
884 4073 1025 4135 mysterium
1037 4072 1237 4136 praecedentibus
1246 4074 1329 4126 verbis
1338 4075 1430 4140 signiti-

318 4152 402 4201 eatorn
418 4165 533 4216 magnam
546 4153 591 4204 est.
602 4152 744 4204 Arodssime
756 4152 798 4202 io·
810 4152 950 4204 ooniunotio
959 4153 1043 4204 viriet
1051 4153 1160 4205 molieris
1169 4153 1202 4205 de
1212 4168 1262 4219 qua
1271 4155 1365 4207 dietum
1375 4159 1430 4223 est,

318 4228 451 4297 reusque
466 4230 542 4283 tomo
553 4234 660 4297 putrem
675 4235 701 4284 et
716 4233 830 4283 matrem
844 4234 894 4284 ete.
904 4245 1008 4297 magnae
1022 4232 1127 4284 albulus
1140 4246 1226 4285 merae
1239 4236 1265 4286 et
1275 4247 1380 4288 emenso
1393 4239 1430 4288 rei

317 4309 1431 4379 maloomdteofidestmynterinmboempiiouatiuteiiiomdnmdooee

317 4388 627 4442 dechristoeteeeierie.»
