3234 5084
324 480 395 534 air.
416 480 452 534 ιι.
467 479 907 536 numerumnunerum.
923 485 995 538 tar.
1011 485 1047 540 ιι.
1198 468 1243 541 tt

134 624 270 675 eeaeum
287 599 377 675 eirea
399 599 459 674 illa
479 600 744 701 patefaceremus
761 618 877 676 eontra
896 603 1077 679 nonnullos
1094 605 1153 705 qui
1169 631 1247 681 eon·

132 714 269 789 endere
290 714 358 789 uisi
379 728 459 788 eunt
476 714 652 791 ecelesiam
674 717 812 793 modum
829 718 1018 794 exoeeuieee
1038 721 1243 821 spectando,

132 846 168 903 at
186 828 255 928 ipsi
277 845 474 918 autumant,
501 829 667 904 eiusmodi
684 831 898 906 matrimonia
915 848 1076 934 tanquam
1092 834 1248 911 abmtute

131 943 249 1018 illicita
272 944 377 1016 immo
401 945 502 1018 etiam
528 942 702 1042 illegitima
727 970 766 1019 ae
790 944 896 1019 nulla.
918 946 961 1021 At
982 974 1061 1023 vero
1083 950 1173 1048 rigor
1189 949 1247 1026 ille

131 1086 195 1135 non
222 1059 346 1156 dogma
366 1058 427 1135 sed
451 1058 558 1132 solam
585 1058 800 1160 disciplinam
827 1062 1020 1159 attingebat.

208 1176 299 1247 Sane
324 1171 418 1247 nulla
441 1189 514 1248 erat
542 1173 626 1248 ratio
655 1201 761 1274 quare
789 1175 934 1250 ecelesia
967 1179 1157 1275 trigamiam
1188 1196 1247 1255 aut

131 1288 365 1387 tetragamiam
376 1288 620 1389 ulterioresque
632 1290 769 1390 nuptias
781 1291 957 1365 damnaret
969 1291 1051 1364 dum
1064 1292 1246 1392 bigamiam

131 1405 304 1493 toleraret,
324 1403 561 1505 probaretque.
581 1405 756 1505 Siquidem
768 1405 879 1480 eidem
893 1407 1111 1481 fundamento
1127 1433 1246 1484 omnee

130 1519 299 1595 eiusmodi
325 1520 576 1595 ooniunotionee
602 1547 689 1620 quae
713 1521 817 1622 priori
844 1521 1091 1610 sumedebant,
1125 1523 1247 1597 innite-

129 1636 272 1723 bantur,
299 1633 413 1709 verbis
438 1633 568 1709 seilicet
591 1634 744 1734 Apostoli
766 1651 837 1710 tum
861 1636 896 1708 in
914 1637 977 1739 Ep.
1002 1637 1046 1711 ad
1067 1637 1162 1711 Rom.
1185 1638 1247 1711 «Si

129 1766 282 1826 mortuus
308 1748 409 1823 suerit
428 1749 482 1823 vir
501 1749 576 1822 eine
597 1746 739 1822 liberata
756 1764 810 1824 est
833 1750 995 1847 (mulier)
1015 1777 1036 1824 a
1062 1751 1136 1850 lege
1158 1751 1244 1842 riri,

129 1879 165 1939 ut
182 1891 254 1939 non
273 1863 320 1938 eit
339 1861 510 1950 adultera,
531 1863 561 1936 ai
585 1862 686 1936 suerit
701 1889 776 1937 aum
790 1863 859 1938 alio
871 1865 961 1953 airo3
973 1895 991 1936 u
1004 1881 1074 1940 tum
1091 1866 1127 1939 in
1141 1868 1168 1938 Ι.
1180 1867 1243 1967 Ep.

131 1977 172 2051 ad
191 1976 345 2052 Corinth.
371 1977 484 2051 «Dico
501 1993 612 2050 autem
634 2002 701 2050 non
721 1977 838 2077 nuptie
853 1993 884 2051 et
901 1978 1032 2065 viduit,
1052 1978 1179 2055 bonum
1195 1995 1249 2055 eet

132 2092 219 2180 illie,
249 2093 280 2167 si
307 2093 360 2167 eia
388 2108 624 2193 permaneant,
656 2091 744 2166 sieut
767 2111 802 2167 et
825 2094 909 2191 Ego.
939 2094 1036 2181 Quod
1062 2096 1092 2170 ei
1117 2120 1249 2171 nonae

131 2209 325 2295 continent,
353 2206 511 2280 nubant»
538 2222 571 2280 et
595 2206 734 2281 itemm:
767 2207 918 2281 «mulier
940 2207 1078 2308 alligata
1101 2226 1155 2285 eet
1178 2209 1245 2308 legi

131 2340 258 2426 quanto
278 2339 428 2422 tempore
442 2319 496 2396 uir
510 2321 586 2396 eius
607 2321 708 2407 vivit,
729 2322 819 2421 qnod
837 2323 868 2397 ei
886 2323 1060 2397 dormierit
1078 2325 1132 2400 uir
1147 2324 1244 2427 eiua,

132 2440 274 2516 Aberia
298 2454 371 2527 eet,
398 2436 453 2512 mi
477 2435 550 2511 vult
572 2436 696 2512 nubat:
726 2452 854 2511 autum
880 2438 916 2510 iu
935 2439 1124 2513 Domino.»

203 2556 301 2643 Quae
325 2553 510 2629 sententiae
534 2550 707 2649 generales
732 2568 832 2638 eunt,
858 2580 967 2653 neque
992 2568 1162 2627 coarctant
1186 2579 1249 2627 nu-

132 2671 279 2772 ptiarum
309 2667 542 2769 repetitionem
566 2665 609 2741 ad
635 2692 738 2739 unam
761 2665 815 2741 rel
840 2666 978 2742 alteram
1006 2683 1159 2755 tantum,
1188 2667 1249 2741 sed

133 2787 309 2861 indefinite
330 2810 368 2859 ee
387 2811 425 2858 ee
444 2782 629 2858 extendunt
649 2783 692 2857 ad
714 2784 851 2870 tertiae,
876 2799 1015 2884 quartae
1035 2797 1096 2857 aut
1111 2782 1249 2883 quintae
1287 2820 1294 2837 ·

132 2901 270 3001 nuptias
289 2914 387 3000 prout
402 2886 534 2971 iamdiu
550 2896 739 2971 adverterat
764 2924 794 2971 s.
815 2896 1023 2996 Augustinus
1044 2896 1123 2971 lieet
1136 2896 1250 2972 vidui·

132 3033 234 3091 tatem
251 3041 334 3116 prae
350 3015 478 3114 nuptiie
495 3029 529 3087 et
543 3012 755 3088 commendet
777 3027 812 3086 et
829 3013 991 3087 suadeat:
1018 3042 1036 3083 a
1052 3013 1100 3086 De
1114 3011 1221 3086 tertiis
1237 3069 1246 3099 ,

133 3132 261 3234 inquit,
281 3146 316 3204 et
336 3129 380 3204 de
399 3129 530 3230 quartis
551 3128 680 3229 nuptiis
698 3128 808 3203 solent
824 3127 980 3202 hominen
997 3152 1131 3202 morere
1147 3153 1251 3227 quae·

133 3248 293 3323 ationem.
314 3246 428 3333 Unde,
448 3260 486 3318 ut
502 3244 648 3318 breuiter
664 3243 904 3345 respondeam,
925 3268 989 3317 nee
1004 3243 1092 3318 ullae
1111 3243 1248 3343 nuptiae

132 3364 242 3438 audeo
262 3361 444 3435 damnare.
461 3417 468 3432 .
484 3418 514 3433 ..
537 3359 622 3446 Quis
643 3359 734 3434 enim
756 3385 852 3447 eum,
875 3359 934 3459 qui
954 3374 1067 3460 putem
1086 3358 1251 3432 definien-

132 3477 213 3553 dum
230 3477 322 3578 quod
343 3501 406 3551 neo
421 3474 620 3576 Apostolum
635 3475 735 3548 video
751 3474 961 3549 definiisse?
977 3473 1032 3546 Ait
1048 3472 1159 3546 enim:
1177 3469 1251 3544 dlu-

135 3595 195 3668 tier
211 3595 356 3693 altipeta
375 3608 424 3666 eet
439 3592 597 3693 quamdiu
612 3592 666 3665 oir
682 3592 751 3663 eiua
767 3591 863 3662 vivit.
885 3590 957 3662 Non
976 3588 1081 3675 dixit,
1102 3586 1248 3688 primae,

132 3726 192 3784 aut
215 3710 403 3795 secundas,
431 3723 489 3781 aut
512 3708 645 3795 tertias,
671 3721 731 3779 aut
750 3720 909 3806 quartae:
936 3703 1017 3792 eed,
1042 3703 1181 3788 mulier,
1202 3700 1252 3774 in·

133 3826 227 3927 quit,
246 3826 389 3924 atiipato
409 3839 457 3898 eet
473 3822 632 3924 quamdiu
647 3824 702 3896 air
720 3823 789 3896 ciue
809 3822 911 3905 oioit,
930 3822 964 3893 ei
982 3833 1090 3893 autem
1105 3832 1251 3890 mortuae

132 3942 235 4040 [uerit
258 3942 313 4013 air
337 3941 430 4025 eiua,
460 3940 599 4013 liberata
622 3952 694 4022 eet,
729 3937 786 4009 aui
809 3935 882 4008 uuit
907 3934 1032 4020 audet,
1063 3946 1193 4005 tantum
1215 3931 1252 4004 ia

134 4056 286 4128 Domino.
312 4056 445 4128 Beatior
468 4069 577 4128 autem
595 4053 680 4138 erit,
701 4053 734 4125 ai
747 4052 796 4124 eie
813 4048 1040 4149 pammaeerit.
1063 4045 1153 4134 Quid
1170 4044 1253 4119 huic

136 4170 345 4259 sententiae,
373 4185 538 4270 quantum
562 4167 607 4242 ad
630 4165 720 4241 hano
743 4191 813 4240 rem
838 4164 986 4252 adtinet,
1014 4162 1094 4237 addi
1117 4159 1171 4236 rel
1194 4160 1253 4234 de-

137 4286 223 4360 trahi
251 4286 386 4386 poseit,
415 4287 532 4384 ignoro
549 4343 555 4357 .
573 4340 581 4356 .
598 4341 630 4356 ..
653 4282 840 4384 Quaproter
864 4305 927 4354 neo
951 4293 1066 4354 eontra
1084 4277 1253 4351 humanae

136 4400 361 4476 verecundiae
384 4426 522 4476 mnium
553 4398 662 4474 audeo
686 4396 817 4484 dicere,
845 4410 883 4471 ut
905 4393 1063 4496 quotiens
1086 4389 1250 4475 voluerit,
