3234 5084
353 425 424 497 att
472 444 535 498 nm.
551 443 599 497 ur.
615 441 703 495 srcr.
719 441 850 496 urm.
866 440 907 496 on
924 438 1037 495 mnus.
1057 441 1152 495 nra.
1168 440 1292 495 annun.

351 565 435 641 forte
452 588 716 664 possumusque
730 562 858 637 ratione
874 560 1111 636 nonnullorum
1128 561 1362 650 conciliem,
1377 587 1470 663 quae

352 705 414 780 per
431 679 466 752 id
484 678 644 778 temporis
661 677 829 752 celebrata
854 694 933 751 sunt
956 693 1058 778 atqrm
1083 676 1126 750 ab
1150 675 1206 751 his
1233 677 1392 752 sensibus
1410 678 1468 753 de-

351 794 479 868 clinare
499 794 674 881 videntur,
696 793 765 868 sint
786 793 1024 891 intelligenda,
1045 793 1129 892 quin
1146 819 1307 891 cogamur
1322 819 1363 867 aa
1381 809 1469 866 tam-

351 934 454 1009 quam
467 936 488 983 a
501 909 670 983 communi
684 907 789 1008 perid
803 908 966 1007 temporis
979 933 1019 982 ac
1034 923 1167 1008 recepta
1178 907 1469 983 doctrinadiscor-

350 1022 467 1097 dantia
491 1023 649 1097 abiicere.

843 1155 882 1254 p.
909 1155 970 1229 111.

481 1276 689 1358 communion
705 1303 780 1355 nasu
794 1305 854 1356 neu
870 1306 936 1356 etna
954 1304 1195 1357 indamnatam
1210 1308 1321 1372 aurugo
1347 1258 1358 1271 ⁸

552 1388 578 1439 in
593 1399 652 1438 nasu
668 1384 784 1437 adulterit
798 1386 825 1436 et
838 1385 1012 1439 difficultatum
1028 1399 1093 1450 quaa
1107 1389 1194 1439 conus
1208 1400 1263 1439 euru

739 1466 898 1529 opponuntur
915 1464 1034 1529 epteriols.

420 1612 481 1687 Sin
505 1612 620 1686 miuus
649 1611 781 1699 omnia,
810 1610 902 1712 quod
934 1609 1006 1684 fieri
1031 1611 1087 1684 rix
1114 1625 1246 1709 potest,
1283 1612 1464 1713 praecipua

350 1725 469 1801 saltem
494 1752 536 1800 ex
559 1724 798 1800 ecclesiasticis
822 1723 1036 1811 auctoribus,
1067 1724 1215 1797 romanis
1245 1724 1463 1825 pontificibus

349 1855 451 1942 atque
481 1838 633 1914 conciliis
662 1839 893 1925 documenta,
925 1863 1013 1937 quae
1041 1836 1109 1911 huc
1137 1836 1324 1911 referuntm
1353 1839 1464 1912 attuli-

349 1981 446 2043 mus,
473 1972 576 2056 atque
600 1952 838 2027 discussimus.
867 1950 991 2026 luverit
1015 1977 1105 2029 nunc
1129 1978 1170 2027 ea
1195 1951 1281 2026 inter
1305 1978 1344 2027 se
1371 1979 1464 2029 com·

349 2096 489 2170 parare,
516 2068 723 2143 attractum
748 2063 869 2140 exinde
887 2066 1097 2165 colligamus.

421 2182 492 2257 lam
517 2208 596 2257 vero
620 2206 709 2282 quae
734 2181 965 2257 recensuimus
991 2181 1027 2252 in
1044 2180 1182 2257 secundi
1202 2180 1305 2256 huius
1327 2182 1460 2257 articuli

347 2296 386 2397 ὃ.
406 2295 434 2368 l.
454 2295 659 2398 patefaciunt
679 2322 700 2369 a
724 2295 858 2370 saeculo
887 2294 1051 2371 ecclesiae
1073 2296 1127 2368 Vl.
1147 2311 1183 2370 et
1204 2294 1364 2396 deinceps
1393 2312 1461 2370 ua-

349 2409 475 2487 ditione
502 2425 663 2513 perpetua
692 2424 857 2486 servatam
887 2425 1002 2485 sancte
1035 2410 1142 2486 luisse
1172 2410 1400 2509 euangelicam
1428 2426 1462 2486 et

347 2527 568 2629 apostolicam
599 2526 784 2601 doctrinam
816 2526 859 2599 de
889 2523 1044 2599 absoluta
1074 2525 1222 2623 coniugii
1255 2524 1456 2613 christiani,

348 2643 449 2718 etium
479 2643 719 2718 interveniente
746 2640 920 2728 adulterio,
950 2640 1117 2714 firmitate.
1144 2640 1281 2715 Constat
1305 2641 1395 2715 enim
1420 2668 1461 2715 ex

347 2757 503 2833 adductis
528 2758 737 2833 documentis
759 2757 848 2830 hanc
866 2781 998 2856 semper
1014 2771 1048 2829 et
1069 2756 1253 2830 doctrinam
1274 2770 1308 2829 et
1330 2757 1460 2856 praxim

348 2871 499 2968 viguisse
527 2871 612 2945 nulli
641 2873 714 2946 viro
738 2898 799 2946 seu
824 2870 957 2945 mulieri
983 2886 1060 2972 post
1082 2872 1205 2946 lactum
1229 2872 1459 2947 fornicationis

347 3009 452 3060 cause
481 2988 724 3087 separationem
749 2987 800 3060 las
831 2986 1013 3088 aliquando
1042 2989 1169 3076 fuisse,
1197 2987 1300 3061 altero
1328 2988 1459 3062 visente

348 3099 509 3198 coniuge,
537 3100 641 3174 alium
667 3101 740 3176 sive
764 3102 921 3176 maritum
947 3103 1019 3178 sive
1047 3128 1183 3178 uxorem
1211 3103 1313 3177 aliam
1343 3129 1459 3204 super·

349 3212 527 3302 inducere3
549 3214 734 3290 doctrinam
758 3242 838 3295 vero
863 3217 950 3291 hane
975 3232 1008 3291 et
1032 3218 1160 3318 praxim
1185 3218 1309 3320 puriter
1330 3231 1460 3293 oonstm

348 3329 497 3405 innixam
522 3332 643 3430 iugiter
668 3332 774 3406 fuisse
799 3348 869 3405 tum
887 3332 1063 3429 Evangelii
1086 3348 1157 3425 tum
1174 3332 1324 3436 Apostoli
1347 3348 1460 3407 aucto·

347 3445 448 3520 rituti.
469 3446 521 3519 Ad
542 3447 631 3521 hanc
655 3447 744 3521 enim
770 3464 929 3548 perpetuo
947 3446 1135 3547 appellant,
1156 3448 1215 3548 qui
1232 3447 1458 3523 omnimodam

348 3559 677 3635 indissolubilitatem
695 3561 993 3662 proclamaverunt.
1014 3561 1110 3635 levis
1133 3562 1325 3636 eorumdem
1347 3561 1459 3662 inspa-

346 3673 413 3748 ctio
438 3673 611 3748 cordatum
636 3675 790 3775 quemvis
816 3672 972 3748 lectorem
998 3674 1170 3749 certiorem
1196 3675 1306 3749 faciet.

420 3788 538 3876 Quoad
563 3788 667 3863 dubia
696 3788 923 3877 documenta,
956 3815 1044 3889 quae
1070 3790 1104 3862 in
1133 3792 1343 3892 paragrapho
1368 3792 1458 3864 inse·

346 3904 462 4005 quenti
488 3905 640 4004 expositu
661 3919 741 3979 sunt
758 3904 875 3979 sedulo
891 3920 944 3978 est
960 3904 1311 3994 animadvertendum,
1329 3905 1458 4007 aliquot

263 4091 269 4104 ,
345 4044 386 4093 ex
404 4018 484 4107 illis,
502 4020 536 4093 iu
553 4018 679 4121 quibus
696 4019 838 4094 adversa
855 4020 1007 4094 doctrina
1026 4020 1166 4093 traditur
1183 4020 1306 4095 dubiae
1322 4020 1458 4095 omnino

346 4158 423 4206 esse
446 4133 655 4209 auctoritatis
680 4148 793 4234 utpote
818 4133 908 4207 edita
933 4132 977 4207 ab
1002 4134 1167 4235 imperitis
1184 4134 1399 4221 auctoribus,
1419 4159 1458 4207 ac

347 4246 432 4322 salso
446 4247 524 4322 aliis
536 4248 724 4349 adscripta,
745 4248 934 4322 cuiusmodi
953 4263 1033 4322 sunt
1046 4248 1378 4350 can.lllllll.Synodi
1394 4247 1458 4321 suh

347 4362 482 4437 nomine
514 4391 544 4438 s.
566 4362 699 4438 Patricii
726 4363 977 4441 hibernensium
1003 4364 1144 4465 apostoli
1169 4365 1345 4463 vulgatae,
1369 4387 1457 4465 quae
