3234 5084
299 414 1179 507 morannrrssmrnmn,noneensnsumrnn.
1223 420 1290 491 tat

177 565 310 640 bomini
336 561 475 638 evidens
498 577 551 636 est
575 564 611 633 in
635 587 676 635 eo
700 584 889 643 sermonem
914 586 991 634 esse
1014 558 1058 633 de
1080 560 1294 635 matrimonio

179 694 427 766 consummate,
447 703 511 753 nee
535 677 622 752 trahi
647 677 691 751 ad
716 704 786 750 rem
812 692 960 751 nostram
985 675 1154 749 ullatenus
1176 698 1289 776 posse.

250 795 307 868 Sic
329 795 433 869 rerba
457 792 501 866 ab
525 793 597 866 dda
619 791 747 893 prolata
771 792 906 889 delego
925 790 1104 865 uniuersali
1126 790 1297 863 matrimo-

179 909 250 997 nii,
278 936 347 1010 quo
373 910 410 981 lit
435 924 472 983 ut
495 909 656 1005 coniuges
682 908 748 981 sibi
780 921 897 981 mutuo
922 906 1145 993 adhaereant,
1164 905 1294 979 ritum·

183 1051 252 1124 que
269 1023 480 1098 indiuiduam
492 1024 619 1111 uiuant,
635 1021 836 1122 accipienda
856 1047 953 1109 esse,
975 1046 1073 1095 nemo
1094 1018 1223 1120 estqui
1244 1021 1295 1092 in·

182 1138 288 1212 limari
311 1138 437 1238 possit;
459 1163 520 1212 nos
545 1154 657 1211 autem
678 1137 811 1234 agimus
836 1136 880 1208 de
904 1161 986 1209 casu
1011 1133 1231 1235 exceptionali
1255 1159 1296 1208 ao

183 1252 346 1350 singulari
371 1254 429 1354 qui
456 1280 496 1327 cx
515 1254 661 1354 positiva
685 1252 811 1325 Christi
837 1251 911 1348 lege
935 1250 1118 1351 dependet,
1146 1248 1297 1379 adeoque

183 1366 349 1441 earmba
380 1367 549 1464 generalia
583 1392 758 1467 perperam
790 1366 1007 1440 obiiciuntur.
1037 1366 1086 1438 llo
1109 1363 1163 1438 uel
1187 1365 1296 1462 magis

184 1482 274 1581 quod
300 1508 408 1581 neque
428 1481 521 1557 Adae
544 1498 670 1568 acute,
695 1482 763 1557 imo
784 1506 895 1581 neque
917 1481 952 1552 in
967 1480 1071 1555 reteri
1089 1479 1222 1554 loedere
1238 1504 1295 1553 ar·

184 1596 294 1695 oeptio
318 1595 361 1669 do
383 1622 452 1696 qua
476 1596 648 1698 loquimur
671 1590 783 1670 losum
809 1596 1003 1670 obtinuerit.

251 1710 453 1841 Apostolum
476 1710 702 1786 dissererem
727 1728 870 1812 utroque
894 1712 1023 1787 obieoto
1047 1709 1239 1787 ammonio
1254 1707 1298 1783 dc

184 1827 341 1923 coniugio
371 1843 606 1902 consummato
630 1853 670 1900 ac
695 1826 738 1900 de
762 1828 932 1901 commoni
963 1825 1037 1925 lege
1067 1841 1220 1925 apertum
1246 1840 1299 1898 est

184 1942 290 2030 adeo,
310 1958 348 2016 nt
364 1968 650 2042 superuacaneum
668 1943 714 2017 sit
729 1943 765 2015 id
782 1942 868 2017 velle
885 1944 1070 2018 adstruere.
1087 1942 1175 2015 Hinc
1187 1938 1297 2038 urgeri

111 2061 120 2078 ⁸
184 2071 300 2130 ooutm
318 2056 407 2130 banc
430 2055 616 2131 doctrinam
640 2082 681 2131 ea
711 2082 777 2131 uon
798 2073 953 2159 possunt.
982 2055 1201 2131 Verissimum
1225 2053 1300 2154 qui·

185 2171 263 2245 dem
287 2186 340 2244 est
357 2198 418 2270 per
440 2188 646 2247 contractum
672 2172 882 2271 coniugalem
904 2173 977 2248 sire
995 2173 1105 2246 uirum
1127 2171 1200 2245 sire
1223 2195 1299 2242 mu·

186 2284 304 2358 liorem
328 2288 383 2359 ius
414 2288 589 2387 acquirere
613 2288 647 2361 in
673 2287 813 2362 alterius
837 2314 978 2390 corpus,
1006 2287 1072 2360 nisi
1097 2285 1255 2360 alteruter
1278 2309 1300 2357 a

187 2415 285 2499 paeto
308 2401 458 2490 resiliat,
478 2420 657 2505 antequam
682 2400 777 2479 alteri
803 2405 857 2477 sui
882 2403 1033 2503 corporis
1057 2400 1188 2503 copiam
1213 2400 1301 2473 feee-

187 2515 250 2602 rit;
271 2532 306 2589 at
322 2518 376 2592 ius
394 2518 485 2591 istud
502 2520 666 2592 amittitur
682 2545 758 2593 oum
776 2520 856 2620 quis
877 2518 1054 2618 privilegio
1074 2516 1140 2592 sibi
1162 2543 1183 2589 a
1206 2513 1301 2587 chri·

182 2646 239 2713 ato
264 2657 425 2708 concesso
442 2633 485 2706 ad
504 2634 733 2734 perfectiorem
750 2637 854 2709 vitam
880 2632 1100 2734 profitendam
1126 2631 1175 2705 nti
1196 2629 1296 2716 velit,

187 2762 367 2847 numquam
391 2748 435 2822 ad
460 2750 608 2847 coniugii
633 2750 954 2824 consummationem
972 2762 1168 2847 perventum
1186 2744 1296 2818 luerit.

262 2861 311 2933 lta
327 2888 369 2935 ea
381 2864 495 2936 omnia
508 2864 689 2940 concidunt
699 2890 788 2965 quae
801 2892 822 2937 a
834 2862 1049 2938 novatoribus
1066 2888 1108 2935 er
1119 2860 1301 2961 scripturis

191 2994 349 3072 urgentur
364 2995 404 3051 ut
417 2979 574 3053 evideant
589 3007 751 3056 mnonem
774 2979 992 3055 tridentinum
1015 2976 1085 3051 illis
1106 2975 1298 3062 adversari,

190 3116 279 3188 quae
303 3092 397 3164 illum
424 3120 467 3167 ne
490 3094 658 3192 attingunt
680 3094 829 3196 quidem.

264 3206 442 3282 Videamus
467 3209 534 3282 iam
560 3238 639 3283 num
666 3212 829 3285 validiora
854 3213 939 3299 sint,
960 3236 1048 3312 quae
1064 3235 1105 3282 ex
1123 3206 1303 3282 traditione

191 3336 348 3419 momunt
364 3321 440 3395 tela.
462 3322 565 3396 Aiunt
582 3324 696 3424 itaque
712 3339 780 3398 tam
797 3325 966 3399 infirmam
983 3352 1023 3398 ac
1040 3322 1175 3397 labilem
1200 3319 1302 3393 nimis

191 3442 267 3509 eam
284 3440 361 3510 esse
374 3453 413 3510 ut
423 3439 455 3510 ci
470 3438 568 3512 inniti
586 3439 666 3512 fidei
683 3440 804 3537 dogma
818 3441 937 3540 possit.
950 3439 1124 3540 Siquidem
1138 3435 1299 3536 pleraque

192 3568 384 3627 sauetmum
410 3555 577 3656 exempla,
606 3582 694 3656 quae
718 3582 759 3629 ex
783 3557 982 3655 antiquitate
1006 3554 1240 3656 proferuntur,
1270 3551 1301 3626 si

194 3666 237 3737 ad
258 3668 392 3741 critices
418 3668 546 3742 lancem
571 3669 748 3767 erigantur
772 3669 950 3769 multiplici
971 3695 1012 3742 ex
1032 3668 1142 3768 capite
1160 3664 1305 3739 delioere

192 3778 502 3877 deprehenduntur.
525 3784 655 3858 Etenim
673 3784 836 3858 deliciunt
852 3811 891 3857 ex
911 3800 1005 3885 parte
1023 3780 1232 3856 fundamenti
1249 3780 1304 3852 hi·

194 3896 329 3983 storici,
351 3924 427 3971 cum
449 3898 581 3974 illorum
606 3918 681 3975 acta
706 3920 764 3975 aut
788 3902 907 4002 spuria
932 3901 1017 3988 sint,
1047 3917 1194 3973 autnon
1219 3897 1303 3971 satis

194 4012 287 4108 gravi
312 4016 506 4091 auctoritate
531 4018 731 4106 fulciantur;
768 4016 934 4097 eiusmodi
960 4044 1012 4092 ex.
1041 4043 1091 4115 gr.
1121 4030 1196 4089 acta
1225 4028 1304 4088 sunt

194 4124 404 4216 albeolae,
433 4130 612 4220 Caeciliae,
638 4133 745 4207 alexii
770 4150 835 4208 etc.
856 4132 921 4206 Sed
947 4148 1117 4231 praeterea
1141 4129 1305 4203 deliciunt

194 4266 235 4312 ex
258 4256 352 4342 parte
377 4245 445 4332 rei,
474 4271 550 4322 cum
576 4247 734 4349 nuspiam
760 4248 922 4321 reseratur
946 4246 1101 4346 aliquem
1118 4245 1257 4320 istomm
1283 4268 1303 4314 a

195 4358 341 4457 nuptiis,
359 4386 419 4433 seu
436 4364 549 4460 petiam
567 4363 783 4465 sponsalibus
801 4356 966 4436 resiliisse
982 4362 1026 4435 ad
1044 4358 1233 4437 institutum
1252 4384 1303 4429 re-
