3234 5084
334 449 416 534 280
488 469 550 519 nn.
569 465 867 519 insereremur.
885 466 924 517 nn
938 465 1049 516 rrnrss.
1067 463 1162 516 rara.
1180 464 1302 516 eninr.

342 613 431 689 qnae
466 587 558 660 nulla
587 586 808 688 praecedente
832 611 957 674 causa,
987 582 1182 684 reliquerint
1209 584 1299 658 viros
1325 608 1406 657 suos
1430 599 1466 659 et

341 730 379 777 se
405 702 633 803 copulaverint
661 703 794 790 alteris,
823 729 885 776 nec
910 703 943 775 in
970 702 1038 774 fine
1063 701 1229 801 accipiant
1254 702 1463 775 communio-

341 846 430 892 nem.
448 849 465 888 »
496 821 551 891 ix.
584 850 601 890 (1
614 822 696 892 ltem
724 818 835 892 fidelis
861 818 1027 905 foemina,
1057 844 1144 917 quae
1174 815 1363 888 adulterum
1391 844 1462 890 ma·

341 934 441 1006 ritum
467 934 638 1035 reliquerit
663 934 819 1020 fidelem,
856 951 888 1007 et
923 934 1063 1007 alterum
1090 933 1205 1018 ducit,
1242 932 1465 1029 prohibeatur

340 1073 383 1119 ne
408 1047 533 1134 ducat;
562 1049 592 1121 si
618 1064 727 1121 autem
755 1048 905 1135 duxerit,
932 1075 998 1120 non
1024 1045 1117 1145 prius
1144 1046 1288 1148 accipiet
1312 1072 1462 1120 commu-

340 1163 490 1249 nionem,
508 1163 575 1235 nisi
594 1189 695 1262 quem
710 1163 902 1262 reliquerit,
926 1162 1081 1262 prins'de
1098 1163 1211 1236 seculo
1229 1163 1362 1249 exierit;
1392 1161 1460 1236 nisi

341 1277 424 1350 forte
441 1279 625 1352 necessitas
644 1280 849 1357 infirmitatis
866 1278 947 1351 dare
964 1278 1165 1378 compulerit
1186 1282 1308 1373 (111).»
1333 1279 1373 1349 X.
1398 1278 1459 1348 «Si

339 1418 395 1480 ea,
418 1419 520 1492 quam
537 1395 797 1468 catechumenus
823 1395 976 1495 reliquit,
997 1394 1131 1468 duxerit
1156 1396 1331 1482 meritum,
1352 1409 1461 1493 potest

338 1507 382 1580 ad
400 1507 524 1582 iontem
546 1507 670 1583 lavacri
688 1509 832 1583 admitti.
855 1510 926 1584 Hoc
946 1527 979 1583 et
1003 1510 1094 1583 circa
1119 1510 1284 1583 foeminas
1302 1509 1461 1582 catechu-
1484 1601 1488 1614 ι

339 1647 455 1695 menas
477 1623 539 1695 erit
557 1623 815 1696 observandum.
840 1624 937 1711 Quod
958 1625 988 1697 si
1009 1624 1109 1697 luerit
1134 1624 1271 1713 fidelis,
1296 1650 1383 1724 qnae
1401 1623 1462 1696 du·

339 1738 441 1823 citur,
463 1737 506 1809 ab
524 1764 564 1810 eo
585 1739 643 1838 qui
661 1765 797 1812 uxorem
816 1740 1019 1840 inculpatam
1038 1740 1191 1840 reliquit,
1207 1755 1240 1814 et
1256 1766 1332 1813 cum
1349 1740 1462 1813 scierit

338 1850 434 1922 illum
461 1851 586 1925 habere
611 1881 766 1940 uxorem,
800 1882 904 1953 quam
930 1856 1004 1929 sine
1025 1881 1127 1928 causa
1152 1855 1303 1954 reliquit;
1335 1855 1460 1953 placuit

340 1964 421 2038 huic
447 1992 508 2039 nec
533 1968 568 2039 in
594 1968 695 2041 finem
719 1969 866 2041 dandam
892 1996 969 2042 csse
994 1971 1307 2043 communionem.»
1327 1970 1455 2042 lxxii.

345 2081 482 2179 «Siqua
500 2081 603 2156 vidua
621 2084 721 2158 fuerit
738 2085 929 2173 moechata,
951 2101 984 2159 et
1000 2086 1153 2159 eumdem
1172 2101 1288 2184 postea
1305 2085 1459 2158 habuerit

266 2241 278 2250 ‚
337 2197 513 2286 maritum;
543 2215 620 2297 post
644 2202 868 2300 quinquennii
887 2220 1037 2301 tempuS,
1066 2219 1140 2275 acta
1166 2201 1316 2298 legitima
1341 2202 1454 2300 poeni·

337 2312 458 2400 tentia,
476 2313 602 2413 placuit
613 2342 687 2387 eam
701 2317 930 2389 communioni
948 2316 1153 2390 reconciliari
1168 2346 1175 2403 ;
1193 2317 1221 2388 si
1236 2316 1337 2389 alium
1353 2317 1456 2387 duxe-

337 2425 400 2512 rit,
422 2427 536 2501 relicto
562 2429 638 2519 illo,
660 2457 722 2504 nec
745 2431 779 2502 in
806 2433 872 2504 fine
896 2431 1042 2504 dandam
1060 2445 1136 2504 esse
1162 2432 1450 2504 communionem:

334 2539 389 2612 vel
408 2539 555 2616 siluerit
575 2543 631 2617 ille
653 2545 782 2634 fidelis,
804 2573 905 2645 quem
928 2546 1058 2644 accepit
1074 2604 1081 2632 ,
1099 2546 1366 2618 communionem
1386 2570 1454 2619 non

337 2656 499 2755 accipiat,
523 2659 590 2732 nisi
609 2676 685 2761 post
702 2661 817 2734 decem
836 2688 961 2749 annos,
979 2679 1054 2735 acta
1066 2661 1215 2759 legitima
1229 2661 1451 2759 poenitentia,

336 2772 406 2845 nisi
427 2774 605 2849 infirmitas
623 2777 767 2874 coegerit
784 2776 932 2851 velocius
950 2777 1031 2851 dare
1047 2779 1314 2851 communionem
1336 2779 1452 2873 (71).»

417 2888 466 2960 Ex
492 2889 546 2960 his
572 2892 757 2964 canonibus
783 2890 1068 2992 deprehendimus
1094 2909 1207 2992 potres
1233 2893 1455 2965 illiberitanos

336 3000 498 3076 adversus
523 3004 614 3101 leges
642 3032 819 3095 romanas,
848 3036 936 3107 qnae
960 3010 1104 3083 diuortia
1132 3009 1261 3107 passim
1287 3008 1453 3107 permitte·

335 3112 417 3187 bant
437 3118 532 3211 (72),
561 3120 776 3195 constituisse
801 3123 889 3196 inter
913 3123 1115 3196 christianos
1140 3123 1303 3196 eiusmodi
1327 3120 1452 3195 vinculi
1521 3159 1527 3168 ·

335 3229 590 3306 dissolutionem
613 3235 705 3309 nullo
722 3266 884 3339 umquam
907 3239 941 3311 in
958 3266 1039 3313 casu
1060 3238 1168 3313 locum
1190 3239 1313 3312 habere
1335 3264 1447 3337 posse.

405 3435 455 3499 (70)
473 3439 548 3489 Patrio
567 3440 639 3491 aliter
662 3441 727 3493 bunc
745 3457 864 3495 canonem
881 3447 955 3496 refert
971 3444 1039 3495 card.
1057 3448 1094 3496 De
1112 3446 1228 3509 riguirre,
1240 3443 1349 3495 scilieet:
1370 3444 1452 3493 «item

335 3513 416 3564 tidelis
435 3516 542 3568 ioemina
555 3532 619 3582 qnae
633 3520 771 3573 adrdternm
792 3525 907 3575 nran'tum
920 3525 1045 3587 reliquerit
1060 3524 1174 3585 fidelem,
1196 3526 1222 3574 et
1239 3521 1355 3574 atterum
1369 3520 1452 3571 dm·

332 3596 388 3658 rit,
412 3609 461 3647 non
478 3599 548 3662 prius
565 3601 670 3665 accipm
687 3606 904 3669 commonionem,
928 3619 1003 3669 qoam
1024 3606 1046 3656 is
1068 3619 1143 3670 quem
1169 3605 1296 3669 reliquit,
1318 3603 1349 3653 de
1368 3601 1452 3652 seculo

329 3674 432 3738 erant,
450 3678 499 3727 nio
524 3682 655 3732 renota
675 3682 826 3736 insumus
844 3686 904 3736 aare
930 3687 1112 3749 manunt.»
1131 3685 1233 3736 omissa
1254 3684 1328 3735 etrum
1352 3682 1454 3733 veno:

328 3755 505 3818 prohibeatur
525 3771 558 3809 ne
573 3759 668 3825 ducat,
688 3764 713 3812 et
728 3766 751 3814 rt
773 3768 882 3826 auten,
902 3779 948 3816 nec
965 3780 1014 3815 non
1028 3766 1149 3828 particula
1161 3765 1244 3827 sorte.

405 3836 456 3897 171)
469 3837 542 3899 Apud
563 3838 683 3889 [luduin.
703 3845 771 3892 Acta
787 3843 880 3894 concii.
905 3847 965 3894 torn.
981 3847 1002 3895 i.
1016 3845 1064 3895 col.
1077 3852 1131 3896 tii.
1144 3847 1169 3895 et
1182 3850 1236 3895 258.

402 3915 453 3978 (72)
469 3915 507 3966 ci.
523 3915 570 3966 hoc
586 3917 617 3968 de
629 3924 773 3980 argumento
787 3923 870 3972 Carol.
885 3924 1010 3986 sigonium
1022 3924 1088 3974 lini.
1101 3928 1139 3975 Do
1152 3926 1261 3987 antiquo
1274 3924 1333 3973 iure
1342 3932 1452 3971 romono

329 4005 384 4057 cop.
402 4001 426 4044 1.
442 3995 568 4045 Plutarch.
588 3997 613 4047 in
633 4001 783 4065 comparat.
805 4002 954 4053 Romulia!
977 4003 1082 4063 Thesei,
1103 4007 1177 4067 atque
1191 4002 1217 4052 in
1237 4001 1368 4053 Problem.
1383 4012 1448 4050 rom.

330 4083 385 4137 cap.
401 4079 439 4124 11.
453 4074 515 4124 item
531 4074 581 4125 iate
591 4074 751 4138 deditortiir
768 4093 798 4130 er
813 4081 866 4131 inre
880 4093 942 4131 rom.
959 4086 1035 4143 agunt
1053 4095 1078 4144 p.
1089 4084 1189 4145 Gregor.
1206 4081 1250 4131 lib.
1262 4083 1304 4130 lx.
1317 4082 1451 4144 syntoqm.

329 4163 384 4214 ⁰⁸1)-
401 4158 438 4203 ¹⁶·
457 4153 597 4217 ffimnym.
615 4157 710 4221 Magius
721 4159 766 4209 1111.
778 4162 810 4211 11.
826 4160 938 4211 11111111.
956 4168 994 4211 22.
1015 4162 1144 4212 cuiaocius
1155 4161 1186 4211 ad
1201 4162 1239 4211 111.
1256 4163 1285 4211 c.
1300 4159 1333 4210 de
1351 4156 1449 4223 repud.

330 4231 392 4281 etin
403 4232 499 4282 norell.
515 4241 554 4285 11.
568 4237 596 4285 ut
606 4236 668 4289 alios
683 4242 843 4303 praetoremn.
855 4243 918 4292 sane
938 4241 1019 4295 adhuc
1030 4245 1115 4293 extant
1129 4245 1157 4293 L.
1169 4245 1197 4291 81
1208 4246 1268 4307 quis
1278 4241 1344 4292 milti
1362 4247 1399 4291 11.
1412 4243 1452 4289 Dc

329 4313 386 4362 ritu
403 4314 522 4377 1111μί1111.
545 4316 575 4366 L.
594 4319 709 4382 Nuptiae
726 4327 767 4372 to.
782 4321 808 4370 in
822 4320 924 4384 princip.
939 4325 959 4372 1.
974 4323 1101 4386 penultim.
1116 4322 1139 4387 §.
1163 4326 1235 4374 Uxor
1251 4323 1279 4376 11.
1294 4322 1379 4373 solut.
1396 4330 1451 4370 ma·

331 4393 402 4444 tritu.
422 4393 453 4445 1..
474 4395 541 4446 Gom
564 4398 663 4450 11111.
683 4398 711 4450 ii.
734 4399 766 4451 ad
786 4400 890 4452 Trebeli.
915 4404 998 4461 Quum
1017 4416 1075 4454 roro
1094 4402 1183 4455 mulier
1205 4402 1307 4456 dimissa
1324 4414 1354 4453 cx
1375 4412 1450 4452 causa
