3234 5084
344 423 1162 481 clamosarumrmn.arn.mmas.nsrs.rnr.1.
1252 410 1322 482 ¹63

208 542 300 642 quod
328 542 460 642 lloysea
486 559 721 632 concesserat,
749 544 878 623 seilicet
903 545 1089 644 perlectum
1119 547 1323 645 repudium

207 682 289 755 ergo
316 683 376 756 pro
401 672 492 731 certo
519 657 638 731 habuit
662 658 848 737 doctrinam
874 658 963 734 banc
986 660 1029 733 ab
1052 660 1192 736 ecclesia
1213 662 1328 737 catho-

209 771 274 846 lico
294 774 398 846 teneri
417 797 458 846 ao
474 772 607 860 doceri;
627 798 727 847 secus
744 774 835 847 enim
852 800 1038 874 numquam
1056 775 1224 874 potuisset
1240 776 1327 849 inter

211 915 251 962 ae
272 887 445 962 Christum
461 902 495 961 at
511 890 659 989 Moysem
677 890 904 977 committere,
927 889 1099 988 siquidem
1118 890 1218 965 ambo
1241 919 1329 967 eam·

208 1003 287 1078 dem
311 1003 504 1077 facultatem
528 1005 590 1077 Dei
614 1004 799 1079 cultoribus
832 1004 1031 1091 dedissent,
1068 1006 1197 1079 scilicet
1226 1006 1327 1080 aliam

210 1136 289 1219 post
313 1118 493 1193 divortium
520 1118 665 1195 ducendi
689 1145 850 1204 uxorem,
876 1118 988 1218 priore
1010 1118 1152 1194 dimissa
1170 1120 1213 1193 ob
1231 1121 1328 1194 adul-

211 1235 286 1309 terii
304 1259 461 1321 causam;
483 1235 550 1307 imo
568 1233 666 1332 longe
679 1234 787 1331 magis
802 1260 1002 1333 progressus
1017 1233 1136 1311 luisset
1148 1234 1324 1323 Christus,

209 1351 269 1448 qui
295 1348 353 1424 illo
375 1348 411 1421 in
434 1375 516 1423 casu
536 1349 745 1448 permisisset
761 1349 964 1436 divortium,
986 1349 1020 1421 in
1038 1375 1107 1449 quo
1124 1349 1216 1423 iuxta
1235 1350 1329 1449 Moy·

208 1490 282 1539 sem
304 1464 449 1538 luissent
473 1480 578 1538 morte
603 1463 788 1537 mulctandi
815 1462 1061 1563 delinquentes.

712 1633 748 1731 p.
779 1632 814 1702 v.

587 1768 623 1815 De
638 1764 764 1815 clementa
778 1762 946 1813 alexandrino.

280 1898 459 1972 Doctrinae
480 1895 667 1971 catholicae
691 1912 891 1971 assertorem
917 1895 1111 1996 pariterue
1143 1909 1260 1967 testem
1292 1923 1328 1969 sc

210 2012 346 2112 praebet
371 2011 526 2087 Clemens
555 2011 642 2085 alex.
667 2012 725 2112 qui
751 2037 889 2086 sensum
912 2012 1049 2112 exponit
1076 2008 1247 2084 clausulae
1275 2036 1328 2083 ex-

207 2128 407 2230 ceptionalis
429 2129 521 2228 apud
548 2128 773 2215 Matthaeum,
803 2127 883 2200 dum
910 2154 985 2201 eam
1011 2126 1054 2200 ad
1080 2126 1328 2226 separationem

206 2259 353 2316 coarctat
378 2242 491 2344 quoad
518 2259 625 2316 torum
646 2241 690 2315 ob
714 2241 871 2315 adulterii
900 2241 1065 2340 flagitium
1100 2238 1328 2314 indissolubili

210 2376 426 2456 permanente
457 2358 605 2455 coniugii
640 2356 790 2431 vinculo.
820 2357 876 2430 Sic
907 2355 997 2429 enim
1033 2354 1150 2428 scribit
1185 2354 1245 2427 lib.
1279 2355 1322 2426 ll.

206 2474 362 2545 Stramat.
384 2499 460 2573 cap.
480 2473 599 2545 XXlll.
617 2471 740 2559 «Quod
760 2486 872 2545 autem
889 2471 1036 2545 consulit
1053 2470 1224 2570 Scriptura
1245 2495 1328 2547 uxo-

208 2611 277 2659 rem
295 2586 431 2675 ducere,
451 2603 484 2659 et
500 2612 563 2661 nec
583 2613 604 2659 a
624 2584 780 2683 coniugio
798 2612 953 2684 amquam
965 2585 1128 2684 pemnittit
1145 2582 1323 2667 discedere,

209 2699 318 2798 legem
339 2718 452 2802 aperte
471 2700 662 2775 constituit:
682 2700 758 2773 Noa
778 2699 922 2772 dimittes
945 2725 1079 2771 umorem
1101 2712 1330 2797 praeterquam

204 2830 337 2913 propter
348 2816 593 2915 fornicationem
609 2815 697 2911 (ts).
715 2814 925 2888 Adulterium
939 2828 1050 2886 autem
1064 2811 1236 2885 existimat
1249 2836 1329 2884 con-

211 2928 306 3028 iungi
330 2929 562 3018 matrimonio,
594 2930 671 3004 tivo
696 2931 800 3004 altero
825 2956 866 3003 ex
896 2925 1194 3028 separatis....Qui
1217 2944 1331 3000 autem

210 3043 385 3143 dimissam
406 3045 531 3145 accipit
551 3072 689 3118 uxorem
707 3045 922 3133 moechatur,
940 3044 1070 3145 inquit:
1095 3044 1127 3116 si
1147 3043 1221 3142 qais
1246 3044 1332 3114 caim

206 3160 371 3233 dimiserit
395 3188 552 3247 ararem,
580 3162 765 3233 moechatur
791 3164 918 3260 ipsam,
949 3161 1014 3233 hoc
1036 3176 1107 3247 est,
1141 3159 1233 3256 cogit
1256 3183 1331 3231 eam

207 3276 391 3351 moechari.
413 3278 487 3350 Non
513 3276 624 3351 solum
646 3294 757 3351 autem
784 3276 844 3376 qui
870 3275 1021 3363 dimisit,
1049 3292 1101 3348 est
1118 3274 1192 3349 eius
1210 3298 1329 3360 causa,

209 3392 270 3465 sed
305 3392 406 3465 etiam
432 3392 491 3491 qui
516 3419 589 3465 eam
616 3391 785 3492 suscepit,
817 3389 981 3491 praebens
1007 3389 1139 3463 mulieri
1166 3386 1331 3488 peccandi

208 3508 440 3582 occasionem:
462 3508 492 3581 si
519 3508 609 3581 enim
632 3535 700 3581 non
724 3507 906 3607 suscipiat,
937 3522 1117 3579 revertetur
1141 3503 1182 3576 ad
1207 3502 1330 3576 virum.

208 3621 300 3708 Quid
325 3648 405 3696 vero
431 3622 522 3696 bes?
539 3640 576 3697 ut
597 3623 756 3722 reprimat
772 3620 816 3694 ad
834 3621 918 3694 vitia
935 3620 1216 3720 propensionem,
1242 3617 1336 3692 iubet

208 3736 253 3810 de
285 3736 398 3812 medio
425 3737 495 3812 tolli
523 3766 619 3826 eam,
649 3764 738 3839 quae
769 3734 977 3823 adulterata,
1003 3752 1035 3809 ct
1056 3733 1209 3808 adulterii
1236 3732 1336 3807 luerit

208 3853 382 3927 convicte:
413 3849 467 3927 sin
500 3870 612 3927 autem
640 3852 740 3927 luerit
770 3876 856 3924 uror
890 3851 1097 3938 sacerdotis,
1132 3848 1226 3921 iubet
1259 3874 1335 3921 eam

210 3966 279 4064 igni
302 3967 401 4042 tradi.
424 3967 587 4044 Obruitur
610 3985 725 4045 autem
747 3967 881 4041 adulter
897 3993 1034 4067 quoque
1051 3963 1249 4066 lapidibus,
1276 3963 1337 4037 scd

278 4218 329 4281 (62)
346 4210 403 4268 ota
415 4212 562 4274 ἀπολύσεις
576 4212 694 4285 γυναῖκα
709 4216 776 4273 πλήν
798 4210 822 4268 ri
839 4212 878 4284 pri
898 4209 943 4267 ἐπὶ
962 4210 1034 4280 λόγῳ
1054 4204 1186 4278 πορνείας.
1194 4211 1290 4271 Quibus
1299 4224 1340 4275 po·

210 4296 404 4348 tetclementem
415 4297 534 4361 allegasse
543 4299 635 4352 curisti
645 4298 719 4351 verbs
729 4313 787 4351 com
801 4297 922 4363 particula
941 4284 965 4345 ri
985 4307 1057 4349 mous
1072 4304 1103 4345 ca
1118 4293 1212 4345 vellem
1224 4290 1338 4344 nonnuli

207 4375 288 4430 critici
308 4376 393 4430 biblici
414 4378 568 4431 milone.
