3234 5084
342 419 386 490 tt
508 441 569 491 ιιι.
590 441 639 491 ιιι.
659 440 745 492 sror.
766 441 1254 496 commentaremur.

338 575 441 639 teram
467 558 612 632 ducendi
634 584 790 647 uxorem,
819 559 919 632 simul
944 584 983 632 ac
1006 561 1183 634 diuortium
1208 588 1230 634 ι
1255 561 1366 660 priore
1393 561 1442 636 Ιι-

338 673 490 770 gitimum
512 672 698 746 declaratur
713 676 825 769 (tto).

412 789 512 862 Porro
524 787 553 861 si
568 802 642 887 post
656 786 753 860 civile
764 787 942 860 divortium
961 787 1028 860 alia
1044 790 1187 863 ducatur
1198 815 1294 875 uxor,
1311 790 1442 888 absque

336 901 441 976 dubio
464 902 676 1002 polygamiae
700 917 811 974 reatus
832 902 1002 975 inducitur
1017 904 1193 977 damnatus
1211 930 1231 976 a
1248 903 1322 1000 iege
1338 930 1440 977 evan·

339 1016 446 1115 gelica
473 1033 508 1090 et
532 1016 714 1116 apostolica
737 1033 878 1116 atquae
899 1020 1061 1092 constanti
1087 1019 1264 1092 traditione
1282 1034 1316 1091 et
1336 1045 1439 1092 sensu

338 1129 512 1203 ecclesiae.
529 1131 563 1201 Si
584 1130 672 1203 enim
690 1130 752 1203 rite
773 1131 1000 1230 expendantur
1020 1158 1107 1230 quae
1125 1159 1165 1206 ιι
1178 1132 1377 1229 Evangelio,
1397 1158 1438 1205 ιι

339 1244 518 1345 Apostolo,
540 1272 580 1317 ιι
599 1244 771 1343 patribus,
794 1245 965 1333 conciliis,
990 1247 1204 1346 romanisque
1223 1247 1438 1346 pontificibus

338 1359 539 1433 adduximus
569 1360 794 1448 documenta,
829 1360 954 1460 patebit
978 1387 1018 1434 ca
1043 1363 1154 1435 omnia
1178 1363 1285 1459 magis
1314 1362 1439 1434 directe

337 1473 426 1547 hanc
450 1472 619 1547 secundae
642 1475 766 1574 speciei
792 1473 1015 1575 polygamiam
1037 1475 1212 1574 respicere.
1241 1477 1439 1548 Constanter

337 1588 426 1662 euim
451 1589 520 1662 iere
543 1588 725 1688 loquuntur
747 1588 790 1662 de
814 1589 875 1676 iis,
898 1591 957 1689 qui
980 1587 1093 1663 relicta
1113 1606 1171 1663 aut
1190 1590 1316 1663 abiecta
1334 1590 1437 1688 priori

337 1729 451 1791 uxore,
463 1704 600 1777 aiteram
614 1703 780 1777 duxerint.
791 1704 956 1789 Quocirca
968 1728 1083 1777 omnes
1097 1705 1284 1778 istiusmodi
1302 1703 1437 1777 ulterio-

337 1845 391 1893 res
405 1819 540 1919 nuptiae
552 1818 687 1891 totidem
699 1834 779 1893 sunt
789 1819 943 1892 adulterii
955 1819 1106 1906 crimina,
1122 1836 1236 1917 utpote
1249 1820 1348 1891 initae
1358 1845 1436 1891 cum

337 1932 575 2032 impedimento
591 1932 765 2007 dirimente
784 1935 969 2031 lt'pcmr'cr's,
989 1932 1140 2033 adeoque
1156 1934 1279 2006 nullius
1296 1932 1431 2007 valoris.

410 2046 506 2132 Quod
530 2072 608 2120 uero
633 2046 807 2145 speciatim
833 2047 948 2120 attinet
972 2048 1015 2119 ad
1038 2047 1272 2131 marmonium,
1297 2074 1373 2121 cum
1398 2073 1437 2120 se

336 2161 537 2235 christianos
568 2163 784 2261 profiteantur
807 2188 848 2236 eo
872 2162 962 2263 quod
994 2162 1132 2236 credant
1160 2163 1195 2235 in
1219 2162 1435 2260 Euangeiium

336 2275 416 2347 etin
428 2273 841 2374 ecclesiam-primitivam,
862 2276 897 2348 in
915 2292 1064 2376 pastores
1081 2292 1114 2350 ιι
1129 2276 1300 2363 doctores,
1316 2275 1435 2348 saltem

336 2405 374 2462 ut
396 2389 462 2488 ipsi
487 2389 655 2462 affirmant
676 2392 787 2486 (toi),
804 2404 873 2462 tum
890 2389 1127 2487 abEuangelio
1138 2405 1207 2462 tum
1219 2390 1266 2462 ab
1274 2389 1436 2463 ecdesiae

336 2503 522 2602 primitivae
539 2530 642 2578 sensu
659 2529 700 2577 ac
715 2505 810 2605 praxi
827 2504 961 2579 abunde
978 2504 1189 2591 refelluntur,
1207 2520 1277 2578 tum
1289 2531 1309 2577 ι
1321 2519 1436 2604 pasto·

335 2618 429 2693 ribus
442 2619 685 2694 aodocturibus
706 2620 888 2694 universis.
909 2620 973 2693 Sed
993 2620 1076 2693 haec
1100 2636 1293 2718 argumenta
1315 2645 1432 2718 parum

406 2860 471 2923 (ιιι)
487 2863 523 2910 De
538 2860 623 2924 Angtiu
638 2873 676 2911 res
687 2863 725 2911 eat
737 2860 867 2923 esplorata,
881 2864 935 2924 poet
947 2874 1021 2924 quam
1033 2860 1166 2912 divortium
1176 2873 1316 2913 cummim
1325 2863 1371 2912 ιιι.

404 2938 471 3001 (157)
486 2940 549 2988 sane
560 2939 676 3003 Iosephus
686 2939 764 2990 smitir
774 2942 860 2990 auctor
873 2941 951 2991 sectae
964 2939 1027 2989 inter
1039 2939 1155 2990 articulos
1169 2939 1259 3003 quibus
1270 2939 1433 2989 mormonicae

333 3013 390 3066 fldei
399 3015 570 3080 pmiessionem
581 3018 688 3081 exhibet,
699 3019 778 3081 primo
789 3019 844 3068 ioco
853 3018 948 3082 posuit:
959 3020 1012 3069 Nor
1020 3018 1149 3068 credimus
1158 3021 1184 3068 in
1192 3021 1273 3068 Deam
1279 3021 1398 3079 Patrem,
1406 3023 1432 3069 et

333 3097 361 3146 tn
372 3094 473 3145 rmum
483 3098 539 3146 ιιιι
552 3099 639 3147 iarum
651 3095 784 3148 virtutem
799 3100 825 3147 et
838 3100 866 3147 tn
881 3098 1271 3161 spatiamentum-oenoe
1283 3102 1431 3148 versuta.

335 3195 347 3218 ι
361 3174 552 3227 Norcrcdtmnr
563 3175 626 3227 icoc
638 3176 766 3229 divinitus
779 3190 833 3229 erre
843 3180 964 3241 imperita
978 3177 1012 3227 ci
1026 3178 1185 3243 deauratio:
1204 3187 1225 3228 ι.
1235 3178 1327 3228 Fidem
1341 3181 1369 3229 ta
1384 3181 1432 3229 Do

332 3244 434 3304 minum
449 3258 535 3305 lerum
552 3256 693 3309 Christum.
707 3268 729 3310 ι.
742 3262 938 3312 Poenitentr'cm.
952 3270 974 3313 ι.
987 3265 1122 3326 Baptistae
1138 3276 1187 3326 per
1201 3265 1388 3312 immersionem
1403 3264 1431 3310 in

333 3337 506 3386 remissionem
519 3341 841 3401 montemaureum
850 3342 979 3393 credimur
987 3346 1016 3392 tn
1026 3341 1133 3393 eunden
1144 3344 1353 3394 constitutionem
1362 3353 1430 3406 qaue

332 3418 421 3467 extitit
432 3419 462 3465 tn
474 3419 613 3481 primitiva
627 3419 748 3480 corteno,
764 3420 794 3471 td
806 3425 846 3473 ert
861 3422 1007 3485 apostolor,
1022 3422 1176 3486 propretor,
1190 3425 1324 3485 pastores,
1344 3421 1429 3472 docto

331 3506 386 3555 rer,
406 3495 587 3558 eucroclirtcr.
608 3499 659 3546 Art.
677 3505 699 3546 8.
714 3501 766 3547 Nos
786 3498 915 3549 credimus
930 3501 1018 3550 Bittio
1035 3514 1087 3551 erse
1104 3501 1211 3551 veiam
1226 3504 1387 3563 Det...prout
1403 3504 1429 3549 et

330 3573 460 3624 creemur
477 3574 575 3626 tionem
586 3580 727 3627 Mormonts
737 3590 789 3628 esre
799 3579 905 3628 cerium
921 3582 974 3629 Det.
985 3582 1034 3630 Nos
1049 3580 1169 3630 oredimus
1184 3578 1305 3643 quidquid
1317 3584 1381 3629 Deus
1395 3592 1430 3629 ra·

333 3653 606 3718 vestimentumque
625 3656 698 3707 modo
713 3658 816 3718 renotat,
833 3658 1003 3722 credimusque
1021 3672 1076 3710 cum
1093 3660 1140 3709 atta
1159 3660 1229 3722 ptura
1246 3673 1298 3711 ease
1313 3660 1430 3710 revetata·

331 3745 385 3780 rum
403 3734 472 3781 nuntii
490 3736 621 3798 momenti,
642 3749 704 3799 quae
724 3737 753 3785 ad
773 3737 818 3785 Dei
838 3751 936 3799 regnnm
955 3739 1081 3800 pertinent.
1099 3739 1227 3789 Credimus
1242 3740 1292 3789 iore
1311 3742 1338 3788 ut
1355 3740 1429 3789 israel

331 3811 455 3861 literaiiter
475 3818 645 3877 congregetur,
666 3815 797 3878 decemque
816 3817 893 3867 tribus
910 3818 1091 3879 instaurentur,
1107 3821 1131 3869 et
1148 3820 1205 3868 Sion
1226 3820 1250 3868 in
1270 3821 1315 3868 hac
1333 3820 1430 3881 regione

332 3895 431 3955 (nempe
441 3893 465 3942 in
475 3895 585 3945 Amerina
596 3896 792 3957 septentrionali)
803 3896 954 3959 aedificator,
966 3900 990 3948 et
1001 3899 1111 3949 christus
1121 3899 1277 3963 personaiiter
1285 3899 1310 3947 iu
1320 3902 1383 3949 terra
1393 3910 1429 3951 re·

330 3974 394 4033 gnei.
405 3974 446 4021 lus
460 3974 529 4024 nobis
543 3975 672 4025 asserirnus
688 3976 804 4025 adorandi
822 3978 1010 4040 omnipotentem
1024 3982 1100 4029 mum
1112 3980 1180 4030 iuxta
1193 3982 1299 4029 nostrum
1310 3980 1431 4029 conscien-

329 4050 521 4114 canitiemque
532 4054 684 4117 priviiagium
693 4056 805 4106 omnibns
817 4056 971 4106 concedimus
982 4057 1146 4120 quidquid,et
1155 4058 1277 4121 qrromodo
1287 4071 1315 4108 ac
1324 4057 1431 4109 ubicum

330 4142 379 4194 qne
388 4129 468 4180 coiere
476 4132 577 4183 veiint.»
583 4135 685 4184 Demum
692 4135 895 4186 conciudituitici
903 4140 982 4199 potest
989 4150 1033 4187 nos
1041 4138 1109 4199 sequi
1120 4138 1187 4187 Pauli
1199 4138 1333 4200 monitum,
1347 4138 1430 4189 omnia

329 4209 463 4273 credimur,
478 4212 559 4262 omnia
576 4226 709 4278 speramur.
722 4218 775 4266 «An
787 4215 901 4280 oriniaci
916 4216 1020 4281 tastum
1031 4218 1079 4268 etc.
1090 4230 1114 4281 p.
1127 4222 1153 4269 ιι
1161 4226 1196 4268 ιι
1207 4221 1237 4268 In
1250 4219 1294 4269 trac
1306 4218 1362 4269 idei
1374 4232 1428 4282 pro·

329 4288 434 4341 sessione
444 4304 475 4343 na
496 4293 597 4343 verbum
617 4293 715 4359 quidem
731 4294 800 4346 adem
815 4295 846 4347 de
858 4296 1041 4360 polygamiant
1050 4298 1152 4349 solemni
1163 4299 1233 4362 praxi
1243 4298 1361 4364 idnostea
1372 4298 1428 4350 tussi

328 4373 386 4423 snut
401 4371 567 4425 huiuscemodi
577 4376 664 4427 reartt
676 4375 742 4439 quod
755 4376 786 4426 ab
797 4376 867 4427 initio
878 4377 958 4428 verbis
968 4377 1076 4441 protiteri
1089 4392 1138 4429 non
1151 4379 1280 4431 audebant.
