3234 5084
287 454 356 529 llo
442 474 505 528 am.
520 474 568 527 m.
585 472 672 527 secr.
688 472 819 526 rumor.
833 471 874 525 os
888 471 1001 525 muru.
1017 468 1115 525 arro.
1132 465 1256 523 cunm.

285 595 499 672 Chromatius
524 592 588 668 sub
613 592 714 667 linem
744 587 847 666 buius
872 605 1031 666 tractatura
1055 613 1158 692 posse
1181 590 1272 665 viros
1296 587 1396 664 adul·

284 728 386 800 teras,
406 734 497 811 quae
513 708 615 783 lidem
632 705 843 806 coniugalem
859 705 1039 794 violarunt,
1059 703 1243 805 depellere,
1265 731 1331 779 non
1350 721 1398 780 ta·

179 897 182 902 .
282 821 360 902 men
377 824 521 914 adiecit,
540 824 609 899 illis
626 823 801 911 dimissis,
822 848 944 898 novum
962 844 1064 923 posse
1081 821 1169 896 inire
1185 821 1394 921 coniugium.

282 942 354 1017 Hoc
377 967 477 1041 porro
494 965 632 1015 necesse
649 940 752 1028 leret,
772 955 811 1013 ut
826 931 1095 1015 aduersariorum
1112 929 1296 1012 sententiae
1318 963 1397 1012 enm

284 1054 484 1159 adstipulari
509 1054 711 1131 diceremus.

771 1222 809 1323 5.
836 1222 908 1295 XX.

719 1375 757 1456 os
771 1385 793 1425 s.
804 1373 963 1438 arenosus.

355 1507 516 1584 Doctrina
540 1505 738 1607 Hieronymi
763 1503 847 1579 adeo
871 1519 988 1605 aperta
1004 1519 1073 1594 est,
1092 1519 1130 1578 ut
1146 1503 1268 1580 mirum
1289 1503 1400 1578 videri

284 1623 395 1725 possit
418 1621 646 1697 Chemnitium
670 1618 826 1722 aliosque
850 1645 954 1696 ausos
973 1646 1056 1696 esse
1080 1641 1156 1694 eum
1182 1619 1403 1696 interrivos

285 1737 324 1812 tii
347 1752 507 1839 patronos
531 1760 718 1811 recensere.
1128 1733 1131 1740 ’

357 1850 581 1928 Occasionem
609 1847 646 1921 hi
672 1848 761 1923 nacti
794 1862 873 1923 sunt
896 1875 938 1924 ex
962 1848 1024 1938 iis,
1056 1874 1144 1950 quae
1167 1876 1198 1924 s.
1218 1846 1341 1925 Doctor
1364 1850 1401 1923 in

286 1966 428 2070 epistola
452 1964 497 2039 ad
522 1962 694 2040 Oceanum
712 1960 838 2038 adiecit
853 1962 1056 2039 attenuandi
1082 1989 1184 2039 causa
1206 1964 1401 2063 grauitatem

287 2081 419 2182 eulpae,
435 2106 538 2182 qum
545 2077 683 2154 Fabiola
694 2078 906 2180 repudiando
919 2079 1105 2154 adulterum
1118 2078 1288 2169 marinum,
1298 2105 1405 2181 seque

287 2223 364 2271 cum
382 2194 449 2269 alio
466 2194 648 2293 iungendo,
668 2194 864 2269 admiserat.
880 2196 942 2271 Ast
953 2195 1146 2297 perperam3
1162 2195 1210 2270 ita
1221 2195 1311 2269 enim
1331 2220 1405 2295 pro·

288 2310 441 2410 sequitur
464 2336 495 2384 s.
516 2309 762 2412 Hieronymus:
777 2311 913 2410 «Igitur
936 2327 970 2385 et
991 2310 1143 2400 Fabiola,
1164 2311 1246 2412 quia
1263 2336 1406 2412 perem-

289 2439 379 2500 serat
413 2424 502 2514 sibi,
530 2441 564 2501 et
592 2425 735 2527 putabat
758 2451 779 2500 a
803 2451 842 2502 se
869 2427 979 2501 virum
1010 2428 1084 2501 iure
1111 2427 1314 2514 dimissum
1335 2421 1406 2500 ¹occ

287 2538 467 2639 &enyalii
488 2540 634 2638 ciperem
655 2542 810 2628 matut,
838 2544 875 2615 in
899 2567 962 2641 quc
986 2542 1132 2615 nubendi
1153 2543 1308 2616 noiomo
1324 2567 1407 2615 ccu-

287 2656 394 2741 cctio,
421 2655 606 2729 uiuentibus
633 2658 735 2743 ciris,
768 2655 919 2757 [cemicas
951 2653 1160 2757 conputetur,
1189 2657 1270 2730 dum
1300 2655 1407 2732 multa
1487 2729 1489 2738 ,

289 2768 417 2844 diaboli
441 2769 525 2845 uitat
547 2770 708 2860 vulnera,
736 2797 841 2845 unum
866 2772 1001 2847 incauta
1023 2772 1148 2847 vulnus
1173 2772 1314 2874 accepit.
1336 2770 1402 2847 Sed
1492 2759 1496 2784 ³

289 2882 374 2983 quid
398 2909 461 2981 ego
477 2884 513 2955 in
531 2884 667 2960 abolitis
683 2900 717 2959 et
733 2885 882 2986 antiquis
899 2912 1032 2976 moror,
1052 2914 1220 2989 quaerens
1243 2881 1404 2963 excusare

289 2996 444 3099 culpam,
463 2999 562 3073 cuius
585 3000 824 3101 poenitentiam
842 3002 919 3103 ipsa
935 3003 1091 3078 confessa
1107 3001 1206 3079 estt»
1218 3004 1329 3078 Relert
1345 3002 1407 3078 de-

290 3112 372 3188 inde
386 3112 551 3187 'acerbam
573 3140 614 3190 ac
638 3115 808 3215 publicam
839 3117 995 3193 Fabiolae
1026 3117 1266 3218 poenitentiam
1286 3121 1402 3215 (163).

364 3229 433 3303 Neo
457 3228 570 3304 minus
595 3230 775 3332 perspicua
799 3249 894 3322 sunt,
924 3258 1012 3334 quae
1037 3232 1156 3308 scribit
1180 3233 1215 3306 iu
1240 3232 1341 3335 epist.
1363 3230 1407 3307 ad
1453 3223 1456 3231 ¹

291 3341 481 3417 Amandum
500 3344 753 3445 presbyterum:
769 3346 910 3449 alleperi
930 3348 1079 3422 iunctam
1091 3346 1258 3446 epistolae
1270 3362 1304 3420 et
1315 3371 1409 3421 com-

291 3457 488 3534 mentariolo
505 3475 564 3534 tuo
579 3459 714 3535 brevem
732 3460 939 3551 chartulam,
962 3462 997 3535 in
1014 3488 1083 3563 qua
1099 3461 1184 3536 haec
1200 3460 1308 3535 indita
1325 3461 1409 3536 lere·

291 3571 431 3648 bantur:
453 3573 688 3661 Quaerendum
706 3575 750 3650 ab
766 3601 826 3664 eo,
854 3576 889 3649 id
914 3591 966 3650 est
989 3602 1010 3649 a
1034 3602 1106 3664 me,
1134 3591 1246 3649 utrum
1268 3563 1402 3664 mulier,

292 3685 408 3763 relicto
424 3688 496 3762 viro
512 3687 686 3778 adultero,
706 3703 740 3764 et
756 3689 940 3777 sodomita,
961 3706 995 3764 ct
1012 3688 1078 3764 alio
1094 3715 1155 3790 per
1171 3689 1240 3763 vim
1253 3704 1405 3789 accepto,

292 3802 401 3900 possit
427 3800 557 3904 absque
581 3802 786 3903 poenitentia
810 3804 1055 3880 communicare
1072 3803 1253 3893 ecclesiae,
1276 3805 1410 3880 vivente

293 3913 406 3990 adhuc
430 3942 490 4006 eo,
518 3943 619 4020 quem
644 3919 739 4020 prius
765 3918 1189 4020 reliqueret....llesponde
1213 3920 1329 4021 itaque
1353 3944 1410 3994 so-

294 4031 382 4121 rori,
410 4058 498 4133 quae
515 4059 537 4108 a
554 4034 652 4110 nobis
669 4062 773 4137 super
789 4061 852 4110 suo
870 4050 958 4109 statu
975 4035 1129 4135 quaerit,
1150 4062 1219 4109 nou
1236 4051 1406 4124 nostram,

294 4145 358 4219 sed
382 4146 532 4249 Apostoli
556 4151 777 4225 sententiam:
797 4151 848 4224 do
870 4152 1030 4249 pusulis
1055 4150 1334 4252 froom....b'rpc
1358 4152 1411 4224 oi-

294 4275 387 4334 ocotc
409 4264 503 4350 ciro,
527 4264 678 4340 udultrm
696 4268 779 4352 erit,
803 4266 838 4339 si
859 4265 992 4339 ducent
1011 4265 1152 4340 cltcrwn
1173 4269 1304 4354 virum,
1324 4281 1358 4342 et
1374 4266 1409 4339 iu

366 4413 435 4478 (rto)
449 4415 495 4470 Ed.
506 4417 611 4471 vallus.
623 4420 687 4484 opp.
697 4419 759 4471 tom
771 4419 792 4470 1.
801 4417 875 4484 epist.
887 4419 1007 4472 Lxxvu.
1018 4432 1043 4472 u.
1053 4427 1077 4474 ι.
1086 4423 1111 4473 l.
1123 4420 1174 4475 col.
1182 4424 1237 4473 ⁴5⁸.
