3234 5084
328 431 398 485 err.
414 429 460 481 rr.
475 430 516 483 nr
532 429 643 483 eme.
661 430 753 483 rrum
765 431 803 483 rr
817 430 890 483 our.
908 430 1053 483 runnu.
1065 432 1135 483 mr.
1148 432 1171 484 r.
1244 412 1314 484 3⁹3

198 576 276 626 oum
293 551 328 625 in
347 549 508 650 paradiso
524 549 690 625 tldamum
715 576 792 624 cum
817 550 889 626 Eva
912 551 1097 625 coniunxit.
1121 553 1200 626 Post
1214 577 1313 642 uero,

198 666 257 740 nbi
272 666 405 742 'mundo
429 665 523 740 sulus
544 666 721 767 apparuit,
741 665 880 765 abipso
900 665 1033 742 Christo
1050 667 1128 742 lesu
1143 666 1316 743 corfirme-

198 798 288 872 tum,
317 783 438 885 partim
463 782 544 856 dum
569 784 679 883 primo
703 783 867 858 miraculo
888 808 1070 860 conuersae
1086 810 1196 884 aquae
1211 784 1247 858 in
1267 784 1316 859 ri·

197 924 278 972 num
289 898 505 986 honestatur,
526 898 648 997 purtim
665 898 747 972 dum
764 899 913 974 mosaice
932 898 1007 985 lex,
1028 924 1116 1000 quae
1131 900 1211 973 dato
1228 899 1315 975 libro

197 1012 350 1111 repudii,
371 1038 508 1086 uxorem
531 1011 699 1086 dimittere
716 1012 949 1112 permittebat,
978 1012 1013 1086 in
1041 1039 1082 1087 ee
1106 1031 1201 1114 parte
1225 1014 1316 1089 clare

197 1126 385 1227 perficitur,
401 1127 552 1228 illudque
570 1129 719 1214 docetur,
735 1128 937 1229 aprincipio
954 1129 1005 1202 sic
1016 1154 1084 1203 non
1101 1128 1228 1218 luisse,
1249 1130 1311 1204 sed

197 1260 335 1342 propter
358 1242 517 1317 duritiam
539 1244 651 1318 cordis
669 1270 804 1332 eorum,
833 1244 892 1343 qui
910 1243 1018 1342 legem
1035 1262 1253 1344 acceperunt,
1278 1246 1314 1320 id

196 1382 397 1433 eoncessum
418 1385 506 1433 esse.
535 1360 578 1434 Et
598 1360 666 1433 illis
691 1360 770 1434 item
790 1358 928 1448 verbis3
958 1359 1045 1446 Quos
1069 1361 1158 1434 Deus
1178 1364 1312 1434 conion-

195 1476 262 1559 et‘t,
279 1474 447 1548 hominem
467 1500 624 1574 separare
636 1500 703 1550 non
716 1473 840 1549 debere
856 1479 947 1572 (5).»
964 1475 1019 1550 Sic
1032 1474 1134 1549 etiam
1147 1474 1182 1547 in
1197 1475 1315 1548 Ortho-

196 1589 285 1663 doen
309 1591 503 1689 confessione
528 1590 617 1663 idem
637 1590 850 1665 constituitur
873 1590 1075 1690 principium
1092 1589 1135 1663 de
1152 1606 1315 1689 perpetua

196 1721 230 1779 et
253 1705 480 1780 indissolubili
505 1706 651 1805 coniugii
673 1707 830 1781 firmitate
846 1706 927 1779 dum
945 1706 1068 1781 dicitur
1084 1705 1175 1806 quod
1194 1704 1312 1805 sponsi

198 1822 353 1897 «iuuetis
374 1822 500 1897 dextris
527 1822 628 1897 fidem
652 1823 750 1911 dent,
778 1822 869 1923 quod
895 1823 979 1897 alter
1002 1822 1098 1896 alteri
1118 1821 1235 1908 fidem,
1255 1821 1314 1896 ho-

194 1964 334 2028 norem,
361 1965 576 2040 amoremque
600 1938 829 2037 coniugalem,
857 1937 904 2013 ad
936 1939 1038 2013 linem
1063 1963 1173 2038 usque
1196 1937 1310 2024 uitae,

193 2078 407 2153 quocumque
432 2080 542 2127 rerum
566 2052 784 2141 discrimine,
804 2066 996 2130 constanter
1014 2068 1225 2139 servaturus;
1249 2076 1312 2125 nec

193 2167 277 2243 elter
290 2167 432 2242 alterum
444 2168 638 2243 deseremus
652 2169 697 2242 sit
716 2173 805 2265 (6).n
832 2169 953 2243 Verum
970 2167 1108 2269 quidem
1125 2182 1178 2240 est
1201 2166 1235 2239 in
1255 2165 1312 2240 his

194 2283 462 2382 professionibus
476 2282 603 2359 nullam
617 2283 661 2359 de
674 2282 836 2383 peculiari
854 2282 1011 2357 adulterii
1028 2307 1110 2356 casu
1128 2279 1201 2355 lieri
1215 2306 1309 2354 men·

195 2397 338 2486 tionem,
366 2414 511 2474 ettamen
538 2399 603 2473 hcc
632 2400 707 2498 ipso
737 2399 828 2498 quod
858 2397 1046 2498 proprietas
1074 2394 1201 2470 vinculi
1235 2421 1312 2472 con·

195 2514 317 2612 iugalis
340 2515 470 2616 absque
495 2515 564 2589 ulla
589 2515 785 2614 exceptione
816 2514 1022 2602 adstruitur,
1055 2526 1146 2613 patet
1173 2536 1311 2610 graecos

194 2656 271 2705 cum
295 2631 410 2706 latinis
435 2632 525 2706 cirea
550 2631 751 2734 principium
784 2630 1002 2704 theoretioum
1027 2644 1062 2702 et
1085 2627 1310 2727 dogmaticum

195 2748 392 2835 convenire,
413 2773 475 2823 nec
495 2747 598 2821 ullam
621 2773 723 2846 posse
742 2771 875 2820 movere
888 2743 980 2818 litem
997 2758 1113 2818 contra
1133 2742 1311 2818 ecclesiam

195 2857 358 2949 latinam,
389 2888 477 2963 quae
509 2862 607 2939 docet
635 2859 912 2938 insolubilitatem
941 2858 1117 2935 christiani
1149 2856 1309 2933 marrubii

195 2973 359 3049 adulterio
383 2978 483 3051 etiam
508 2979 761 3053 interveniente.

269 3089 306 3161 ld
325 3092 437 3189 ipsum
455 3093 621 3168 efficimus
635 3094 799 3192 negative.
816 3092 989 3194 Siquidem
1002 3116 1186 3191 numquam
1198 3091 1310 3189 graeei

195 3205 282 3280 inter
297 3207 434 3281 dissidii
448 3235 570 3284 causas
588 3209 631 3282 ab
648 3209 791 3283 ecclesis
804 3208 909 3282 latina
925 3207 1111 3281 doctrinam
1130 3222 1163 3280 et
1175 3207 1306 3305 praxim

193 3323 237 3397 de
261 3325 560 3402 indissolubilitate
584 3325 785 3401 matrimonii
811 3326 912 3401 etiam
931 3324 966 3396 in
986 3349 1068 3397 cusu
1087 3320 1242 3395 adulterii
1262 3347 1311 3394 re·

195 3457 396 3517 censuerunt
417 3444 481 3538 (t).
512 3441 649 3529 Quoties
670 3457 842 3542 praeterea
866 3455 944 3541 post
968 3438 1138 3512 lunestum
1158 3434 1311 3511 schisma

269 3668 304 3733 (5)
321 3671 440 3720 (temero
457 3669 551 3718 mtetrt.
562 3666 652 3718 eccles.
661 3678 711 3731 per
720 3668 863 3717 Ieremtom
869 3665 987 3730 patrtor.
1003 3661 1121 3714 colom
1134 3665 1202 3712 test.
1214 3671 1238 3710 e
1251 3660 1307 3710 vu.

194 3750 232 3799 De
248 3751 366 3800 ototrtm.
387 3751 413 3800 et
431 3750 523 3801 netur.
540 3750 699 3799 soeremcnt.
719 3760 775 3810 με.
791 3753 844 3797 tte.
857 3742 933 3796 etsd.
948 3743 1026 3794 Perts.
1042 3743 1110 3792 test.
1122 3740 1165 3791 tol.
1177 3742 1217 3791 tt.

268 3830 302 3891 (s)
318 3828 472 3881 ortltcdcaeo
482 3826 610 3891 wofurte
624 3825 771 3879 cnttclteoe
782 3829 862 3891 atque
873 3824 1018 3890 opstcltene
1025 3819 1149 3873 sectatos
1157 3817 1310 3882 metm,

192 3908 323 3972 interprete
344 3909 663 3972 hermeneticum.
686 3914 754 3959 1695.
771 3907 867 3970 quast.
880 3906 954 3956 cxv.
967 3903 1032 3954 Hinc
1045 3901 1153 3953 Thomu
1168 3899 1248 3950 snitu
1267 3911 1310 3948 an·

195 3988 340 4052 uticensem
360 4003 402 4052 op.
418 3991 457 4041 De
473 4001 584 4053 promae
599 3987 723 4040 ecclcetoe
740 3986 867 4039 todtemro
882 3987 967 4037 statu.
980 3983 1085 4034 Trutectt
1096 3980 1129 4031 ad
1143 3980 1221 4032 Rnsn.
1241 3987 1309 4032 ress.

192 4078 248 4131 pag.
271 4072 322 4117 tto.
339 4067 412 4117 refert
430 4080 531 4131 muscos
551 4069 670 4119 statuere:
694 4066 845 4117 «Neminem
865 4064 1042 4125 cuiuscumque
1059 4060 1164 4125 pertenit
1183 4059 1310 4124 praetentu

192 4160 239 4212 per
252 4147 331 4196 totum
346 4146 411 4198 ettae
426 4147 558 4199 tumtunm
573 4147 605 4199 ab
620 4147 726 4198 alicuius
740 4145 898 4197 matrimonio
913 4139 1101 4205 dimittendum,
1114 4140 1228 4204 idemque
1241 4140 1309 4205 (me-

195 4226 353 4290 moenum)
366 4240 420 4279 esse
435 4231 516 4281 tottes
531 4231 603 4281 ottae
618 4226 795 4294 inseparatus
812 4225 1004 4277 ecnmrttum.»
1055 4219 1058 4226 '

270 4307 305 4369 (7)
320 4308 372 4358 flas
389 4320 476 4358 mosas
499 4320 530 4359 ex
550 4307 661 4373 emetolts
681 4307 762 4359 Photit
780 4307 806 4357 et
824 4302 950 4356 Michaelis
966 4302 1101 4355 Onerultrll
1112 4300 1310 4368 supenditltiner

193 4387 219 4439 tn
237 4389 377 4454 Asparem
395 4387 552 4442 mulcete
572 4391 636 4455 pert
648 4390 691 4442 ΙΙΙ.
704 4400 759 4453 cop.
775 4393 797 4438 2.
821 4386 868 4438 ert
884 4392 907 4437 s.
929 4396 998 4438 num.
1017 4388 1053 4437 14.
1067 4397 1112 4439 nec
1132 4396 1182 4437 nou
1204 4396 1259 4448 cup.
1281 4388 1307 4434 t.
