3234 5084
308 414 377 464 car.
394 413 440 463 ιν.
458 412 498 463 nr
511 411 623 464 emec.
641 413 732 463 rraxr
746 414 783 463 rr
797 413 870 463 can.
888 412 1034 464 rarecor.
1052 415 1122 465 aar.
1142 416 1164 465 r.
1236 374 1308 465 ltl'

187 533 323 606 abolitor
339 558 426 617 cssc,·
442 530 611 631 siquidem
630 557 739 631 usque
755 531 799 604 ad
818 532 901 605 hae'c
919 533 1022 607 lerme
1039 549 1190 632 tempora
1207 560 1306 634 prae-

188 649 300 722 sertim
319 648 353 719 in
365 645 531 721 catholica
545 646 816 720 transilvaniensi
830 649 1002 748 provincia
1015 649 1228 723 matrimonia
1239 650 1306 723 dis·

188 762 402 838 solvebantur
426 761 470 836 ob
495 761 670 859 probatum
684 761 887 835 adulterium
904 779 938 837 et
963 763 1126 863 perfidam
1143 764 1307 841 desertio-

188 905 284 965 nem,
315 904 403 979 quae
428 876 671 975 utplurimum
696 875 896 950 adulterium
922 878 1070 951 involvit.
1105 878 1211 978 ldque
1241 879 1305 953 sub

186 994 324 1068 obtentu
337 992 429 1093 quod
447 993 489 1066 iis
507 1018 527 1066 a
544 1019 573 1065 s.
587 991 673 1065 Sede
686 1016 883 1065 muccosum
897 993 996 1067 luerit
1009 993 1046 1065 in
1058 1010 1135 1067 actu
1153 994 1302 1081 unionis,

185 1135 275 1208 quae
298 1108 386 1182 lacta
410 1123 462 1181 est
478 1133 534 1180 an.
556 1108 663 1178 loll.
686 1107 897 1207 imperatoris
915 1107 1071 1208 leopoldi
1091 1109 1304 1208 potissimum

187 1249 302 1323 opera.
331 1221 401 1294 lam
426 1247 504 1295 vero
529 1240 705 1320 perperam
732 1221 797 1320 ipsi
824 1237 999 1295 autumant
1030 1221 1096 1295 bac
1127 1223 1305 1297 occasione

187 1337 318 1437 absque
343 1337 414 1410 ulla
445 1336 652 1410 restrictione
681 1336 883 1435 permissum
916 1338 968 1410 eis
998 1336 1105 1411 luisse
1136 1337 1304 1437 propriam

186 1452 403 1552 disciplinam
427 1451 594 1526 moderari
626 1453 719 1525 iuxta
751 1477 874 1552 corpus
899 1452 984 1525 iuris
1009 1452 1162 1526 canonici
1193 1453 1304 1549 graeci

188 1567 278 1667 quod
292 1567 461 1666 digestum
477 1582 549 1640 erat
561 1582 638 1641 anm
658 1567 835 1653 unionem,
855 1567 1014 1667 quodque
1029 1584 1151 1641 rocant
1164 1567 1304 1639 Proailo

188 1682 223 1755 id
238 1698 290 1757 est
300 1684 447 1781 rapulam
461 1684 550 1778 (21).
562 1683 663 1756 Porro
677 1698 922 1782 praeterquam
936 1680 1027 1782 quod
1039 1681 1169 1756 nuallum
1181 1681 1306 1755 Rornae

188 1797 289 1870 huius
314 1795 543 1871 concessionis
568 1797 681 1870 existit
703 1796 962 1882 documentum,
983 1810 1110 1870 certum
1135 1797 1303 1897 estquod

188 1911 222 1982 in
239 1909 422 2010 diplomate
441 1910 651 2011 imperatoris
668 1910 824 2009 leopoldi
844 1910 923 1984 dato
940 1910 996 1985 die
1009 1912 1067 1983 lo.
1090 1909 1173 1983 febr.
1192 1912 1299 1983 tole.

186 2026 276 2123 genti
300 2023 468 2098 Velachae
492 2050 632 2121 graecae
655 2039 689 2098 et
714 2023 876 2098 ruthenae
900 2042 1031 2125 practer
1060 2023 1303 2099 admissionem

186 2155 329 2239 quatuor
353 2138 568 2213 articulorum
594 2138 719 2238 quibus
743 2139 990 2214 dissentiebant
1013 2158 1129 2235 gentes
1159 2139 1237 2213 illae
1260 2139 1304 2212 ab

186 2253 330 2327 ccclesia
346 2278 484 2326 romana
504 2254 578 2349 (22)
595 2310 603 2338 ,
623 2252 898 2352 praemittebatur
923 2270 1093 2354 tamquam
1112 2254 1303 2328 neccssaria

187 2366 333 2441 conditio
357 2367 492 2441 unionis
517 2360 608 2467 quod
633 2366 724 2441 dicta
749 2369 840 2442 natio
866 2382 1050 2442 teneretur:
1083 2367 1240 2442 «Omnia
1263 2396 1304 2445 ee

187 2482 382 2570 admittere,
410 2483 580 2584 profiteri,
608 2483 824 2571 accredere,
852 2509 940 2583 quae
965 2499 1082 2558 sancta
1113 2499 1219 2558 metm
1248 2510 1303 2558 ec·

185 2598 290 2672 clesia
307 2624 445 2671 romana
461 2597 627 2672 catholica
639 2597 794 2686 admittit,
811 2598 997 2697 profitetur,
1013 2616 1048 2672 et
1063 2599 1170 2673 credit
1184 2600 1299 2694 (23).»

186 2713 258 2787 Hoc
280 2713 429 2814 diploma
453 2712 588 2813 publice
617 2712 739 2786 lectum
769 2731 822 2786 est
848 2714 884 2786 in
910 2714 1055 2787 comitiis
1088 2712 1303 2811 generalibus

187 2828 448 2916 l'ransilraniae,
465 2829 547 2928 quin
561 2827 631 2902 ulla
645 2828 739 2902 lieret
751 2827 932 2928 oppositio,
948 2827 1004 2901 die
1023 2831 1056 2901 8.
1070 2845 1155 2927 sept.
1174 2830 1300 2916 lote.;

189 2968 265 3016 cum
289 2959 400 3019 autem
425 2944 512 3019 inter
535 2961 661 3029 cetera,
682 2969 771 3043 quae
788 2942 952 3030 admittit,
981 2942 1154 3043 profitetur
1175 2960 1209 3018 et
1230 2968 1302 3017 cre·

262 3148 312 3209 (21)
327 3151 363 3200 lic
382 3162 433 3213 quo
452 3151 505 3201 iore
515 3150 633 3201 musaico
651 3164 694 3202 seu
716 3151 830 3202 Proelia
847 3151 936 3202 scribit
950 3153 1054 3203 Walter.
1069 3155 1117 3204 luc
1130 3165 1189 3204 cau.
1204 3152 1244 3203 ed.
1258 3153 1299 3200 xl.

186 3228 210 3292 §.
226 3234 264 3279 8³.
279 3241 305 3293 p.
322 3233 374 3280 lis.
391 3227 523 3280 «vellecht
542 3231 586 3294 qui
604 3242 653 3281 sec.
676 3233 740 3281 xlll.
755 3233 881 3296 proprium
899 3245 929 3282 ec
948 3231 1114 3296 independens
1133 3244 1233 3295 regnum
1252 3231 1299 3280 lor·

185 3311 351 3374 maruat,sn.
369 3315 576 3361 iehammenna
595 3310 763 3362 codactioccrn
783 3311 808 3360 in
826 3311 910 3376 lingua
928 3312 1060 3362 vernacula
1088 3312 1253 3374 commotam
1271 3323 1301 3361 ac

184 3389 250 3452 typis
270 3388 361 3440 editam
383 3388 547 3441 obtinuerant.
563 3392 666 3441 constat
682 3390 743 3441 laec
763 3390 876 3441 collectio
895 3391 992 3441 duabus
1012 3390 1130 3454 panibus.
1148 3390 1230 3440 Prima
1244 3392 1298 3438 417.

184 3468 293 3532 capimla
311 3469 476 3534 complectens
493 3471 613 3521 lituuslis
631 3470 721 3520 Melani
739 3472 948 3521 Nomoconoacm
969 3472 1026 3532 (an.
1046 3477 1114 3521 teor.
1133 3468 1300 3531 couscriptum

185 3552 211 3599 et
230 3561 261 3599 ex
282 3549 379 3613 Pontii,
392 3549 560 3612 wunsam,
573 3551 690 3601 clarioris
708 3551 734 3601 st
750 3552 846 3600 zonara
862 3550 977 3615 operibns
995 3549 1195 3613 excaptmtaa
1213 3560 1300 3611 muco

185 3630 212 3679 in
229 3630 386 3681 ramulam
407 3630 515 3694 Ιίιιςιιαω
530 3631 677 3682 uansiatunr
695 3630 801 3682 exhibet.
820 3630 901 3681 Altera
914 3643 988 3695 pars,
1002 3643 1066 3694 quae
1080 3632 1248 3681 llocroccrron
1264 3628 1300 3679 in·

186 3707 315 3771 scribitur,
326 3721 434 3760 canones
452 3708 636 3774 apostolorum,
649 3708 827 3770 conciliorum,
848 3709 930 3760 Basilii
951 3709 1106 3772 aliorumque
1125 3710 1222 3772 patrum
1242 3721 1298 3757 con·

184 3787 260 3850 linet,
271 3800 301 3838 er
311 3789 452 3840 recensione
462 3802 537 3852 qoam
549 3788 676 3839 Aristonus
691 3788 717 3838 in
732 3791 840 3853 synopsi
855 3788 960 3839 schedis
970 3787 1108 3838 adornavit.
1120 3790 1214 3839 Graeca
1224 3800 1298 3850 porro

185 3867 246 3917 issac
262 3881 335 3932 opera
346 3869 408 3920 nihil
427 3870 528 3920 omnino
547 3881 678 3921 commum
696 3869 802 3931 babent,
814 3873 888 3933 atque
908 3883 937 3920 ea
957 3882 1041 3920 errore
1052 3868 1157 3919 lentium
1169 3870 1297 3932 umquam

186 3944 260 3995 unius
276 3945 433 4011 eodemque
454 3947 606 3999 collectionis
624 3949 705 4013 parics
724 3948 984 4000 commerciacum.»

261 4026 313 4088 (ll)
327 4028 420 4091 nempe
440 4035 460 4078 l.
477 4028 509 4081 da
527 4042 589 4080 rom.
607 4028 723 4093 pontifics
744 4042 861 4095 supremo
880 4028 957 4079 totius
976 4027 1092 4080 eccleisa
1115 4028 1210 4091 capite,
1230 4035 1253 4079 2.
1268 4028 1300 4077 dc

184 4104 365 4156 commotione
384 4107 546 4160 archarisliae
565 4109 592 4161 iu
612 4122 676 4174 pene
695 4123 782 4173 azymo
802 4108 949 4172 solliclenti3
962 4115 985 4159 s.
1006 4107 1037 4158 de
1055 4107 1210 4173 purgatori03
1223 4112 1246 4159 t.
1268 4106 1300 4159 de

185 4184 338 4249 processione
355 4186 460 4249 spiritus
478 4190 561 4241 sancti
578 4191 652 4242 etiam
673 4204 689 4241 a
707 4190 780 4241 Filio.
799 4190 803 4201 ’

260 4265 310 4328 (le)
326 4267 405 4316 liuius
422 4266 565 4332 diplomatis
584 4270 665 4322 adhuc
692 4270 776 4322 creet
795 4271 978 4335 trausumptum
997 4269 1023 4320 in
1042 4269 1158 4321 archiviis
1175 4282 1225 4321 sac.
1242 4282 1298 4319 con·

184 4358 249 4409 greg.
262 4343 294 4396 de
309 4345 464 4410 propaganda
481 4348 538 4400 tide.

260 4451 300 4507 lll
1182 4460 1216 4508 26
