3234 5084
298 453 369 505 cru.
382 452 431 505 ur.
450 449 602 504 unomen
617 449 1046 505 innumerosorum.
1062 453 1133 505 rur.
1149 453 1186 506 ιι.
1229 432 1299 506 aas

179 572 319 676 quidem
335 597 403 646 non
421 570 548 645 dicitnr
563 569 654 645 hano
670 568 867 646 facultatem
884 570 987 645 aliani
1001 570 1149 646 ducendi
1163 597 1300 647 uxorem

176 689 262 789 parti
279 686 449 762 innocenti
467 685 629 772 concedi,
650 685 784 759 vivente
810 685 924 760 adbuc
948 684 1120 775 adultera,
1147 685 1302 787 adeoque

175 802 348 879 commode
364 801 485 903 exponi
505 816 625 900 potest,
647 799 707 873 tali
728 799 824 874 illum
841 801 998 875 facultate
1023 802 1082 875 uti‘
1101 827 1202 902 posse
1223 812 1302 901 post

176 917 347 992 adulterae
376 931 536 1003 mortem,
566 942 654 1017 quae
686 915 829 990 facultas
856 915 1130 1016 delinquentibus
1154 917 1301 1015 denega·

176 1047 246 1121 tur,
274 1033 377 1106 etiam
397 1045 474 1132 post
495 1028 689 1104 alterutrius
709 1030 864 1127 coniugis
886 1029 1030 1104 obitum.
1050 1031 1123 1104 Hoc
1141 1058 1300 1107 veronen

177 1146 310 1247 absque
334 1145 551 1218 fundamento
572 1143 753 1232 affirmari,
775 1158 868 1244 patet
887 1170 929 1218 ex
959 1144 1081 1219 iisdem
1107 1145 1302 1244 capitulari-

86 1348 89 1353 ,
176 1259 261 1345 bus,
289 1259 417 1359 quibus
441 1273 573 1333 conset
599 1258 733 1358 plenam
758 1258 908 1357 coniugii
936 1258 1126 1333 firmitatem
1151 1257 1295 1333 adstrui.

258 1373 392 1446 Praeter
423 1373 579 1472 superius
605 1372 770 1461 adducta,
802 1373 888 1447 buic
916 1372 983 1473 ipsi
1012 1371 1160 1473 capitulo
1186 1372 1296 1448 lucem

178 1487 324 1562 affundit
346 1488 530 1589 capitulum
555 1489 775 1564 ccclxxxi.
804 1488 883 1563 libri
909 1490 978 1561 Vll.
1015 1489 1210 1564 eorumdem
1240 1488 1301 1563 Ga-

180 1604 395 1704 pitularium,
424 1604 515 1705 quod
541 1603 589 1679 ita
613 1604 755 1703 legitur:
788 1604 952 1679 «Mulier
966 1631 1055 1706 quae
1079 1603 1212 1679 duobus
1229 1602 1297 1677 fra·

178 1719 284 1795 tribus
308 1720 477 1820 nupserit,
498 1719 600 1794 abiici
626 1720 727 1795 debet
750 1747 862 1821 usque
886 1721 930 1795 ad
954 1721 1045 1796 diem
1073 1720 1202 1796 mortis.
1228 1718 1295 1794 Sed

177 1850 311 1936 propter
335 1835 578 1911 humanitatem
599 1837 634 1909 in
660 1837 818 1912 extremis
846 1836 920 1911 suis
945 1837 1164 1911 sacramentis
1184 1860 1297 1910 recon-

177 1949 285 2025 ciliari
310 1966 462 2051 oportet;
482 1950 530 2025 ita
553 1967 665 2026 umen
689 1967 727 2026 ut
751 1952 846 2052 prius
867 1950 1016 2027 solvatur
1032 1951 1245 2049 coniugium,
1266 1966 1300 2025 et

177 2081 311 2140 maneat
334 2065 494 2165 innupta,
515 2079 548 2139 et
570 2065 623 2139 vir
638 2066 713 2141 eius
739 2065 871 2167 absque
888 2091 992 2140 uxore
1009 2063 1112 2140 simili
1131 2065 1308 2164 poenitens

178 2180 245 2255 tiae
270 2181 317 2254 sit
340 2179 511 2255 subditus.
540 2179 638 2267 Quod
664 2180 694 2255 si
720 2180 788 2255 duo
815 2181 934 2256 fratres
961 2207 1038 2255 cum
1063 2206 1131 2254 una
1155 2179 1307 2259 namna.-

178 2295 330 2370 fornicati
352 2295 494 2383 fuerint,
525 2295 712 2370 nescientes
737 2295 823 2370 alter
847 2296 985 2370 alterim
1018 2294 1296 2382 fornicationem,

178 2409 291 2483 statim
308 2425 347 2484 ut
362 2411 576 2509 cognoverint
592 2409 817 2499 adulterium,
838 2411 896 2512 qui
915 2437 989 2486 eam
1010 2410 1112 2485 babet
1136 2435 1295 2497 uxorem,

176 2523 335 2599 dimittat.
355 2525 397 2598 Et
421 2524 478 2600 ille
494 2525 633 2626 quidem
651 2541 730 2623 post
747 2542 855 2599 actam
882 2526 1144 2627 poenitentiam,
1164 2526 1197 2598 εἰ
1211 2549 1298 2597 uxor

177 2637 331 2741 defunctu
355 2640 475 2739 sucat,
503 2654 614 2740 potest
638 2638 734 2713 altari
761 2639 904 2727 sociari3
933 2639 996 2712 itta
1023 2640 1151 2711 vivente
1174 2663 1297 2736 nequo·

179 2780 289 2852 qoam.
319 2752 381 2827 llla
405 2781 484 2830 vero
508 2782 686 2854 numquam
702 2756 841 2829 ulterius
854 2756 975 2854 poterit
991 2755 1028 2826 in
1046 2754 1231 2852 coniugium
1247 2777 1299 2825 os·

179 2869 283 2953 sumi,
303 2884 336 2941 et
352 2869 423 2967 iugi
442 2870 668 2968 poenitentiae
687 2868 880 2959 submissa,
901 2868 944 2942 ad
960 2869 1087 2945 exitum
1103 2868 1192 2942 vitae
1207 2888 1300 2942 com·

180 2981 349 3056 munionis
369 2985 512 3080 gratiam
539 2985 703 3085 percipiat
723 2986 838 3082 (ffb).
858 3014 876 3055 a

251 3096 308 3170 Sic
332 3097 432 3170 etiam
462 3099 550 3174 inter
574 3101 660 3174 baec
685 3126 986 3176 commemoramus
1010 3125 1173 3175 canonem
1196 3100 1293 3172 XXV.

179 3211 314 3288 concilii
331 3212 527 3311 agathensis
543 3241 599 3289 an.
621 3219 704 3289 oto
726 3216 902 3305 celebrati,
923 3216 982 3318 qui
1001 3217 1049 3290 ita
1066 3215 1201 3290 statuit:
1225 3214 1298 3290 «lli

179 3354 258 3402 vero
287 3327 476 3416 seculares,
504 3328 563 3427 qui
588 3328 764 3429 coniugale
789 3331 994 3406 consortium
1020 3329 1121 3430 culpa
1146 3328 1306 3427 grauiore

180 3442 371 3530 dimittunt,
391 3441 443 3516 vel
469 3442 569 3515 etiam
591 3442 812 3533 dimiserunt;
832 3460 867 3520 et
887 3445 998 3519 nullas
1016 3470 1137 3519 causas
1158 3441 1296 3517 discidii

180 3556 398 3658 probabiliter
413 3573 659 3658 proponentes,
680 3574 858 3658 propterea
875 3586 939 3636 sua
955 3559 1170 3634 matrimonia
1184 3557 1300 3631 dimit·

181 3688 272 3761 tunt,
292 3689 330 3748 ut
349 3688 409 3748 aut
432 3672 570 3762 illicita,
595 3690 654 3747 ant
675 3674 786 3750 aliena
803 3690 1038 3776 praesumant3
1061 3675 1091 3748 si
1116 3690 1297 3774 antequam

181 3786 271 3888 apud
284 3789 462 3889 episcopos
475 3780 774 3889 comprovinciales
787 3790 923 3865 discidii
937 3816 1060 3865 causas
1081 3789 1246 3877 dixerint,
1265 3804 1301 3863 et

182 3900 276 4000 prius
298 3928 434 3991 uxores,
455 3929 559 4003 quam
576 3903 703 3978 iudicio
719 3903 937 3994 damnentur,
956 3904 1155 3992 abiecerint,
1175 3929 1196 3977 a
1213 3928 1300 3978 com·

182 4016 341 4091 munione
365 4018 529 4095 ecclesiae
551 4035 586 4095 et
607 4037 723 4095 sancto
744 4020 860 4122 populi
877 4037 992 4109 coetu,
1020 4047 1082 4121 pro
1098 4046 1139 4094 eo
1155 4018 1245 4120 quod
1263 4017 1300 4090 fi·

182 4129 259 4205 dem
284 4146 318 4205 et
340 4133 496 4232 coniugia
521 4135 708 4225 maculant,
729 4136 950 4212 excludantur
970 4138 1108 4233 (246).»
1124 4136 1192 4208 Neo
1208 4133 1299 4208 enim

261 4334 328 4397 (246)
344 4336 406 4388 lbid.
418 4338 467 4389 tol.
484 4346 553 4392 1106.

261 4417 327 4479 (tte)
343 4418 414 4482 Apud
437 4418 556 4470 nardulo.
576 4422 636 4472 tom.
653 4424 684 4471 ΙΙ.
699 4423 747 4473 col.
762 4429 830 4474 tott.
