3234 5084
321 407 392 479 396
460 428 522 481 ιιι.
539 428 588 480 ιι.
604 425 691 480 secr.
709 425 839 478 ιιτιιι.
857 424 897 476 ιι
914 424 1026 478 unies.
1048 424 1144 476 ιιιι.
1160 424 1285 477 eunus.

395 546 532 621 Interim
556 573 597 621 ex
621 545 685 621 hoc
710 544 911 619 documento
937 543 1110 631 novimus,
1132 568 1200 616 non
1225 542 1270 616 de
1285 542 1440 617 doctrina

322 661 383 736 sed
408 661 452 734 de
477 662 571 761 praxi
595 686 679 735 rom.
712 662 905 760 pontificem
930 686 1007 734 cum
1033 659 1162 758 graecis
1187 684 1265 733 esse
1289 684 1439 758 conque·

320 791 430 863 stum,
459 777 543 850 istos
573 776 711 877 insuper
735 776 777 849 ad
803 801 842 850 sa
866 775 1008 850 tuendos
1033 800 1145 875 neque
1166 774 1210 847 ad
1227 774 1439 873 Scripbrram

322 918 432 991 neque
452 891 495 964 ad
514 907 625 992 patres
642 892 856 991 confugisse,
876 889 937 966 sed
954 891 998 963 ud
1015 889 1293 965 consuetudinem
1310 889 1441 962 iamdiu

320 1005 412 1105 apud
438 1006 513 1081 illos
542 1006 712 1094 inolitam,
744 1007 898 1106 adeoque
927 1006 1026 1080 tacite
1055 1005 1173 1078 saltem
1206 1004 1441 1103 significarunt

321 1148 362 1195 ex
385 1121 573 1221 corruptela
590 1123 702 1222 potius
719 1138 753 1197 et
776 1122 887 1196 abusu
903 1121 1070 1196 eiusmodi
1089 1120 1365 1195 consuetudinem
1383 1146 1441 1220 pe-

322 1233 480 1308 detentim
494 1235 690 1310 invaluisse.
707 1237 879 1311 Discimus
893 1251 1067 1335 praeterea
1088 1260 1155 1309 non
1177 1234 1221 1307 ob
1245 1232 1352 1306 solam
1375 1231 1442 1307 for·

321 1349 499 1424 nicationis
513 1377 575 1424 seu
587 1349 744 1423 adulterii
757 1376 916 1437 causam,
936 1350 1165 1424 verumetiam
1182 1348 1226 1423 ob
1239 1347 1323 1421 elias
1337 1347 1441 1421 etiam

321 1462 461 1538 leviores
476 1490 598 1539 causas
607 1465 823 1540 consuevisse
835 1491 973 1563 graecos
985 1464 1143 1562 coniugia
1153 1462 1441 1538 dissolvereNam

320 1581 503 1679 generatim
517 1608 670 1656 summus
683 1583 832 1683 pontifex
843 1583 1016 1680 Eugenius
1033 1581 1139 1668 dixit,
1165 1607 1272 1654 omues
1288 1582 1445 1680 conqueri

322 1696 361 1770 de
376 1699 579 1796 repectione
596 1699 831 1798 couiupiomm.
847 1698 890 1772 Et
902 1724 985 1773 sane
1001 1713 1117 1773 notum
1130 1713 1183 1771 est
1199 1697 1327 1796 passim
1346 1696 1441 1795 apud

321 1836 459 1909 graecos
484 1811 719 1886 schismaticos
741 1811 785 1886 ob
810 1811 901 1886 leues
920 1838 1043 1889 causas
1068 1811 1281 1886 matrimonia
1304 1810 1436 1897 dirimi,

321 1941 420 2025 prout
445 1941 628 2014 testentur,
649 1925 709 2026 qui
735 1925 779 2001 da
803 1926 971 2025 praesenti
995 1925 1159 2001 ecclesiae
1183 1950 1323 2024 graecae
1348 1942 1441 2000 statu

322 2040 556 2116 disseruerunt
574 2042 663 2138 (to).
685 2041 897 2142 Quapropter
913 2042 1031 2116 eadem
1048 2041 1177 2116 ratione
1197 2068 1265 2141 qua
1282 2041 1339 2114 elii
1358 2041 1440 2116 ebu-

323 2180 384 2231 sus
406 2154 611 2256 irrepserunt
627 2181 731 2256 penes
747 2181 885 2253 graecos
902 2155 1109 2231 dissolvendi
1132 2156 1291 2254 coniugia
1307 2155 1439 2230 levibus

323 2269 520 2359 decausis,
540 2270 587 2343 ita
611 2286 644 2343 at
668 2269 726 2343 hic
749 2270 885 2371 irrepsit
900 2270 1028 2346 abusus
1046 2270 1165 2345 eadem
1183 2271 1336 2346 solvendi
1357 2297 1439 2371 pro-

322 2401 397 2488 pter
413 2386 626 2461 adulterium.
646 2387 752 2462 Immo
769 2411 942 2461 varocum
967 2385 1024 2460 hic
1047 2386 1207 2462 uetustior
1224 2386 1285 2475 sit,
1305 2386 1438 2487 primns

322 2501 425 2577 ueluti
449 2502 575 2603 gradus
598 2502 707 2578 extitit
730 2529 771 2577 ex
795 2528 863 2604 quo
893 2500 991 2577 facile
1020 2499 1089 2576 illis
1116 2501 1180 2575 tuit
1203 2501 1238 2575 in
1267 2501 1353 2578 elios
1378 2503 1439 2577 de-

323 2620 497 2697 soendere.

323 2779 406 2843 patres
421 2781 446 2830 et
458 2779 590 2846 scriptores
600 2783 626 2833 in
636 2796 682 2834 suo
692 2784 784 2847 gremio
794 2795 870 2848 quarn
881 2783 944 2835 base
961 2782 1143 2845 nnmemverit,
1156 2794 1187 2832 ιι
1198 2780 1300 2846 proinde
1311 2780 1438 2832 ιιιΙιιὶιιι

322 2871 434 2922 vomam
451 2861 539 2913 meiius
549 2875 625 2926 quern
635 2863 736 2914 tatinum
746 2865 879 2916 sententies
887 2866 1069 2929 scripturarum
1085 2862 1241 2915 intellexisse
1260 2861 1375 2913 senatu
1388 2873 1438 2926 pru

324 2936 437 3002 titeoinp.
449 2941 476 2989 et
494 2941 726 2994 incestavimus
748 2949 817 2995 rsit.
834 2946 895 2995 tons.
911 2947 953 2996 iil.
969 2959 994 3010 p.
1011 2951 1065 2997 tos.
1078 2945 1212 2995 assumunt
1229 2942 1256 2993 bi
1277 2944 1439 3007 protestantes

322 3016 459 3069 snusiistee
477 3020 514 3069 uti
535 3022 628 3070 eertum
650 3035 749 3085 graecu
772 3026 854 3087 patres
874 3025 899 3075 et
918 3024 1049 3089 scriptores
1071 3036 1236 3088 propugnasse
1255 3021 1438 3072 dissolutionem

323 3097 475 3149 matrimoni
494 3101 669 3154 interveniente
688 3103 826 3169 aduiteri03
838 3106 906 3169 qnod
923 3119 977 3157 esse
994 3105 1096 3157 omnino
1112 3104 1202 3157 iuisum
1217 3117 1263 3155 suo
1283 3103 1338 3154 ioeo
1356 3104 1436 3153 osten·

323 3178 413 3231 (limos.
429 3181 456 3231 st
475 3183 636 3243 protestantes
654 3184 746 3248 usecia
757 3185 946 3237 deteruntcirea
955 3186 1103 3237 solutionem
1118 3184 1241 3249 coniugii,
1261 3196 1338 3248 quare
1350 3182 1436 3234 iisdem

323 3273 373 3311 uon
383 3258 564 3314 deferunteum
580 3263 868 3328 agrurueiogmsubns
885 3265 1013 3330 inquibus
1032 3265 1079 3330 ipsi
1097 3278 1154 3315 com
1172 3265 1254 3315 tannis
1265 3262 1439 3315 consentiunt?

399 3342 450 3407 (io)
464 3343 735 3397 liine'rhomessmttb
746 3358 787 3409 op,
799 3347 843 3397 cit.
865 3349 1025 3411 Depraeeue
1034 3345 1157 3397 scelestos
1166 3343 1440 3407 bndteruortctupost

321 3422 397 3474 rerba
417 3423 491 3487 puoto
508 3425 564 3474 ante
584 3424 707 3489 descripta
732 3426 831 3478 subdit:
856 3426 963 3478 «naun
982 3427 1066 3477 utrum
1086 3426 1165 3491 magis
1189 3425 1264 3476 mirer
1284 3436 1316 3475 ιι
1340 3423 1436 3475 doleem

324 3504 361 3553 tot
374 3502 483 3567 repudiis
499 3502 652 3555 lectureutb
667 3502 767 3569 quidem
783 3505 817 3557 de
835 3509 923 3557 cautis
949 3497 1022 3563 ἐκτός
1041 3501 1088 3563 τῆς
1111 3502 1230 3572 πορνείας
1252 3506 1332 3557 extra
1344 3515 1435 3555 emsa

322 3581 453 3634 adulam
479 3583 603 3635 indultum
618 3596 686 3648 esse,
705 3585 778 3650 quoti
796 3586 923 3637 vincutum
933 3586 999 3638 istud
1018 3587 1087 3651 quod
1104 3587 1166 3638 alies
1184 3586 1291 3637 intentur
1310 3577 1433 3651 α’ῥριιτον

323 3676 368 3728 pra
387 3677 449 3729 sege
465 3662 604 3729 culuspiem
624 3664 726 3718 libidine
745 3668 771 3718 et
789 3667 891 3719 arbitrio
909 3667 971 3720 odeo
989 3669 1061 3720 tacite
1076 3668 1140 3720 seiri
1154 3668 1281 3733 potuisset.
1298 3667 1363 3718 iiuic
1371 3663 1436 3716 meio

323 3743 511 3794 reverendorum
530 3744 669 3795 antistitum
688 3743 803 3808 pietatem
823 3746 922 3797 tandem
941 3748 1075 3812 aliquando
1093 3761 1251 3799 ιιιιιιιιιιι
1269 3759 1355 3812 spera,
1375 3756 1438 3808 quoe

321 3822 418 3873 tentum
429 3822 514 3886 abest,
528 3826 558 3874 ut
575 3824 684 3875 ieritetis
702 3828 746 3876 ent
763 3828 881 3878 sredtioe
895 3827 1022 3892 incusem,
1044 3829 1072 3878 nt
1092 3828 1159 3892 genti
1181 3829 1207 3878 tn
1228 3826 1375 3888 vindictum,
1395 3825 1438 3874 snt

324 3901 424 3966 ιᾶΙιιι,
439 3906 484 3956 eut
494 3904 520 3954 in
530 3917 609 3956 noros
617 3918 729 3970 amores,
741 3906 785 3958 ubi
800 3907 927 3959 iustidium
944 3908 1080 3973 irreptant,
1093 3908 1258 3960 studuimus
1267 3910 1294 3959 et
1303 3918 1380 3970 ιιιιι
1390 3916 1438 3957 ιιι

324 3983 390 4036 xime
398 3983 500 4036 eiireeni
510 3997 559 4035 nnn
568 3985 640 4037 siiter
647 3984 759 4037 sstisiieri
767 4000 838 4050 possa
845 3989 953 4051 credam,
963 3989 1011 4040 nist
1022 3990 1068 4039 buc
1079 3988 1165 4052 iniqm
1173 3987 1337 4050 induigentia·
1349 3999 1374 4050 p.
1384 3992 1435 4037 tio.

401 4064 433 4112 nt
442 4065 472 4112 D.
485 4065 522 4114 De
530 4063 555 4113 lu
563 4063 639 4115 croix
658 4063 683 4113 in
697 4078 738 4129 op.
751 4057 818 4117 seat
826 4066 932 4130 protem
943 4065 989 4118 des
1000 4070 1106 4118 nuttam
1116 4068 1143 4117 et
1153 4066 1199 4117 des
1212 4056 1312 4129 iipittes
1323 4066 1436 4127 (ireque,

324 4142 495 4192 Διιιέιίιιιι
504 4144 531 4193 et
544 4144 676 4195 binmaus
685 4157 718 4195 en
730 4146 853 4211 turqute
869 4146 938 4197 Paris
952 4153 1018 4198 tout.
1032 4147 1122 4211 pariter
1135 4145 1222 4197 scribit
1232 4158 1287 4209 pag.
1302 4149 1342 4197 tt,
1356 4142 1436 4194 «itel-

324 4222 368 4283 ιιι
382 4222 462 4272 tontes
471 4235 513 4274 ees
524 4223 681 4287 reguiantes,
690 4224 714 4275 ie
725 4226 833 4291 manage
849 4225 893 4290 qui
905 4238 933 4277 se
943 4227 1067 4278 contracte
1080 4239 1139 4278 arec
1152 4227 1206 4278 tunt
1219 4225 1250 4277 de
1262 4224 1396 4288 dimouitt,
1411 4234 1437 4273 ee

322 4300 607 4431 mptflpnisemeutsur
625 4303 662 4357 las
672 4305 918 4369 mntndrsseouser,
937 4308 962 4359 et
977 4320 1040 4372 pour
1052 4307 1084 4360 de
1103 4306 1212 4373 t’srgsnt
1229 4320 1262 4359 on
1277 4317 1400 4372 prouonoe
1411 4303 1435 4356 is

401 4394 416 4430 u
472 4400 502 4431 ,ι
