3234 5084
323 407 393 458 cir.
405 405 452 458 ιιι.
466 405 611 457 6666666
626 407 717 457 ruso.
731 404 794 456 6ιιι.
810 405 923 457 666666.
936 406 1032 457 urs.
1045 406 1116 457 666.
1128 405 1152 458 ι.
1240 385 1310 457 267

191 526 292 603 visui
319 526 469 623 proposit
493 522 584 597 66666
607 522 768 595 dimittere
801 548 921 595 666666
952 536 1100 608 vestros:
1128 523 1313 623 praecipue

191 654 302 714 autem
328 637 413 736 legis
434 653 571 737 propter
596 637 754 710 duritiam
781 636 895 711 <ordis
919 636 1313 736 16666666666666666-

192 756 279 828 sima
301 781 383 854 purs
413 754 448 825 in
475 754 551 829 istis
576 754 796 854 proponitur:
825 753 873 826 lb
898 755 994 826 initio
1018 770 1127 827 ostem
1155 780 1219 828 666
1244 756 1311 855 [uit

189 875 252 945 sio.
269 873 311 944 Et
324 871 363 943 in
387 896 472 945 novo
495 869 633 970 quidem
654 885 854 944 testamento
876 870 1041 969 quaedam
1065 869 1186 945 horum
1204 871 1313 945 instar

190 986 322 1061 sancita
347 1002 445 1060 suut:
477 986 639 1072 Quoniam
662 986 792 1085 Moyses
818 985 863 1058 od
895 985 1054 1058 duritiam
1079 987 1313 1060 cordisvestri

184 1105 337 1203 pennisit
353 1103 444 1177 66666
462 1102 623 1175 dimittere
640 1129 759 1176 666666
776 1117 923 1187 6666666;
944 1129 1023 1175 nam
1041 1103 1139 1201 quasi
1161 1130 1222 1202 pro
1238 1130 1312 1178 eor-

189 1220 243 1293 dis
256 1246 372 1293 eorum
386 1218 510 1292 duritie
523 1218 558 1290 id
573 1219 779 1292 infirmitatis
792 1219 901 1315 gratia
915 1218 1160 1319 scriptumest:
1174 1221 1313 1319 Propter

189 1336 437 1433 fornicationem
461 1348 570 1406 666666
595 1335 817 1432 uuusquisque
844 1359 940 1407 soum
963 1359 1098 1406 6666666
1124 1334 1260 1419 loom,
1281 1350 1312 1408 et

189 1476 402 1548 unaquaeque
421 1476 518 1523 66666
541 1451 650 1521 virum
672 1449 808 1523 liobsot:
830 1465 863 1521 et
884 1447 990 1521 illud:
1019 1449 1126 1522 Uxori
1142 1449 1196 1521 vir
1221 1448 1313 1522 delri-

194 1579 261 1637 tom
278 1564 395 1638 reddet
404 1594 415 1650 ,·
430 1565 584 1638 ssiuilitor
595 1580 704 1637 666666
716 1578 746 1636 et
758 1590 846 1637 6666·
856 1566 939 1638 viro.
957 1564 1021 1638 His
1037 1565 1151 1664 itaque
1167 1564 1311 1638 subiun-

189 1681 298 1779 gitur:
323 1681 394 1754 Hoc
415 1695 525 1753 autem
549 1680 622 1753 dioo
645 1678 823 1752 secuudum
840 1680 1101 1778 indolpentiom,
1117 1708 1182 1752 666
1194 1707 1309 1753 secuu-

187 1795 266 1869 dum
290 1796 473 1895 imperium.
497 1794 586 1881 Quin
612 1810 646 1868 et
667 1793 770 1868 illud:
789 1794 914 1867 Mulier
932 1795 1077 1894 allipata
1099 1809 1166 1879 est,
1189 1809 1312 1893 poento

190 1929 325 2011 tempure
345 1913 401 1984 oir
414 1913 484 1984 eius
505 1912 611 1985 sivit:
633 1910 720 2009 qood
739 1912 773 1983 si
789 1910 958 1983 dormierit
976 1911 1032 1983 vir
1055 1913 1144 1995 eius,
1172 1911 1311 1984 liberata

188 2044 246 2113 est,
263 2029 319 2100 oui
336 2028 409 2101 vult
428 2028 549 2112 nubat,
576 2041 701 2100 tostum
720 2029 756 2099 in
767 2028 922 2111 Domino,
939 2052 1002 2125 pro
1014 2025 1139 2101 duritie
1150 2027 1264 2101 cordis
1277 2043 1312 2102 et

187 2143 381 2217 infirmitate
405 2142 496 2243 apud
515 2141 654 2215 Paulum
669 2141 767 2215 nobis
781 2140 911 2241 potiora
923 2141 1013 2215 dona
1027 2142 1166 2229 sectari,
1183 2157 1216 2215 et
1228 2141 1311 2217 beu·

188 2258 289 2333 tiores
302 2259 391 2333 offici
406 2257 597 2333 nolentibus
610 2258 737 2333 dictum
750 2273 814 2331 est.
823 2258 893 2330 lam
902 2282 983 2331 vero
995 2273 1110 2332 contro
1119 2258 1312 2357 scripturae

187 2371 312 2471 legem,
328 2372 462 2447 mulieri
479 2373 612 2447 vivente
629 2372 702 2446 viro
719 2371 846 2444 nubere
863 2370 1003 2470 quidum
1021 2371 1186 2446 eeclesiae
1204 2387 1311 2447 reolo·

188 2515 243 2563 res
266 2488 512 2591 permiserunt,
542 2504 678 2586 agentes
698 2503 815 2561 contra
831 2485 866 2558 id
884 2485 976 2586 quod
995 2487 1159 2586 seriptum
1181 2503 1252 2575 est,
1275 2488 1310 2561 in

187 2632 255 2706 quo
281 2606 331 2680 sio
358 2605 518 2679 habetur:
546 2605 669 2677 Mulier
689 2605 832 2702 olliqota
858 2618 925 2687 est,
950 2617 1071 2701 quanto
1099 2619 1237 2701 tempore
1257 2605 1312 2676 vir

187 2723 257 2793 eius
270 2723 373 2805 vivit,
395 2737 429 2794 et
445 2736 561 2794 contra
579 2718 686 2793 illud:
707 2720 818 2817 Ipitur
840 2719 967 2790 vivente
988 2719 1060 2790 viro
1077 2718 1196 2789 molier
1214 2743 1310 2789 voco·

190 2835 279 2908 bitur
306 2835 475 2922 adultera,
500 2840 533 2910 si
555 2837 656 2936 suerit
686 2862 758 2908 oum
789 2834 857 2907 olio
884 2836 979 2919 oiro;
1005 2859 1072 2907 uon
1097 2833 1236 2908 omnino
1261 2849 1312 2905 tu·

189 2976 267 3023 men
289 2952 531 3040 oneratione,
556 2952 640 3026 haec
658 2955 748 3025 enim
769 2966 887 3024 contra
905 2948 1013 3047 legem
1035 2950 1134 3025 initio
1154 2948 1255 3023 latum
1278 2963 1311 3022 et

188 3066 369 3167 scriptam,
399 3069 441 3142 ud
475 3067 613 3142 vitanda
637 3067 775 3165 peiora,
804 3066 915 3140 alieno
940 3065 1079 3140 arbitrio
1103 3091 1230 3140 morem
1256 3090 1311 3162 go-

190 3198 299 3256 rentes
323 3208 383 3256 666
408 3181 606 3282 permisisse
632 3180 818 3255 verisimile
842 3195 931 3254 est.»

261 3298 385 3372 «Dicet
400 3324 480 3372 vero
497 3297 640 3371 sortasse
665 3296 824 3370 iudaicus
845 3296 1016 3395 quispiam
1034 3296 1106 3382 vir,
1127 3321 1166 3368 ex
1186 3295 1229 3367 iis
1247 3295 1307 3392 qui

186 3413 405 3513 Sospitatoris
424 3413 531 3487 nostri
550 3412 722 3486 doctrinae
735 3412 896 3508 refragari
910 3411 1046 3498 audent,
1065 3412 1176 3483 lesum
1195 3409 1309 3508 ipsum

186 3552 262 3601 oum
282 3528 388 3601 dixit:
411 3528 525 3600 Omnis
544 3528 603 3626 qui
624 3525 785 3597 dimiserit
805 3551 941 3597 66666666
955 3550 1069 3607 suom,
1088 3538 1223 3621 excepto
1245 3523 1266 3621 s
1297 3565 1311 3580 ·

186 3647 361 3719 niootioois
385 3670 505 3728 66666,
523 3645 606 3744 facit
632 3669 702 3715 eom
727 3642 906 3725 moechari,
936 3639 1169 3739 repudiandae
1194 3638 1310 3712 uxoris

186 3777 384 3861 potestatem
399 3760 520 3837 iecisse
532 3759 623 3833 haud
639 3784 738 3831 secus
753 3783 793 3830 66
805 3758 943 3858 Moysen
959 3815 966 3844 ‚
987 3782 1088 3856 quem
1107 3781 1168 3854 pro
1184 3753 1310 3828 duritie

186 3878 299 3952 cordis
313 3877 429 3980 populi
444 3879 551 3976 legem
567 3874 687 3949 tulisse
699 3874 801 3947 dixit:
817 3890 850 3947 et
864 3873 959 3946 illud:
971 3874 1058 3960 Quia
1069 3871 1256 3971 foeditatem
1272 3872 1309 3942 io

186 3995 386 4078 minuerit,
405 3994 495 4068 idem
510 4018 587 4066 esso
600 3991 690 4064 dicet
701 4016 741 4063 66
755 3987 985 4062 fornicationis
1003 4013 1158 4074 oausam,
1174 4000 1310 4085 proptor

106 4100 130 4169 l
187 4134 291 4208 quam
316 4110 391 4184 iure
414 4109 537 4184 mulier
561 4135 582 4183 6
605 4108 677 4181 viro
712 4105 881 4206 repudiari
917 4104 1050 4203 possit:
1081 4128 1195 4177 verum
1227 4100 1310 4175 huio

121 4278 124 4287 -
187 4227 461 4325 respondendum
478 4242 550 4313 est,
571 4224 703 4298 etiamsi
721 4250 761 4297 ex
779 4222 864 4321 legis
890 4221 1048 4294 mandato
1073 4218 1194 4291 mulier
1215 4216 1310 4291 adul·

187 4340 262 4415 terii
289 4368 347 4417 rsa
372 4339 544 4442 lapidibus
577 4338 730 4415 necanda
754 4338 821 4425 sit,
849 4361 916 4411 non
943 4335 990 4408 ita
1015 4333 1206 4410 foeditatem
1230 4358 1308 4407 6666
