3234 5084
317 480 319 483 ·
343 454 468 505 uranu.
488 454 529 505 na
542 454 659 506 xunxse.
679 454 777 506 narn.
794 454 827 506 nt
841 450 930 506 exus.
945 455 1055 505 xnuxr.
1208 426 1277 504 uui

588 646 796 703 annicetus
816 647 853 702 tl.

275 830 320 892 lle
339 798 512 910 unlbnsdam
535 835 692 910 exegeticis
711 796 997 911 interpretationibus
1018 841 1150 895 textuum

528 940 530 945 ’
563 930 669 993 unuh.
692 932 730 992 V.
753 938 783 992 et
799 930 880 992 XIX.

670 1117 708 1213 p.
739 1117 766 1186 1.

347 1319 485 1369 Nonnullae
499 1319 636 1382 exegeticus
651 1333 737 1370 eorum
753 1322 866 1369 textuum
883 1318 1094 1383 interpretationes

570 1398 686 1466 usmrlee
709 1399 874 1461 exponuntur.

235 1586 318 1657 Tum
337 1582 518 1657 ¹authentia
541 1599 610 1657 tum
632 1584 821 1682 integritate
845 1584 988 1658 duorum
1006 1599 1154 1658 textuum
1174 1584 1282 1665 vindi,

163 1715 256 1785 eata,
278 1713 427 1800 praestat
448 1699 534 1787 iam,
555 1714 593 1772 nt
609 1699 721 1773 uarias
739 1698 946 1785 eorumdem,
967 1714 1025 1772 ant
1043 1698 1161 1772 saltem
1185 1724 1284 1799 prae·

164 1814 283 1913 oipuas
307 1811 537 1912 expendamus
562 1813 750 1910 exegeticus
776 1814 1079 1913 interpretationes.

214 1929 476 2028 interpretatio
505 1930 593 2003 inter
622 1946 845 2031 protestantes
869 1931 1058 2005 eommunis
1082 1946 1135 2005 est
1160 1931 1207 2004 ita
1232 1932 1285 2005 in-

164 2044 364 2144 telligendas
389 2040 467 2120 esse
491 2045 815 2145 olausnias'eaospto
837 2047 1063 2145 fornicatiouis
1086 2070 1205 2132 nouae,
1226 2063 1285 2120 aut

163 2162 230 2234 olei
249 2161 288 2233 od
314 2161 584 2258 fornicationem,
610 2175 647 2232 nt
664 2160 906 2234 interveniente
931 2160 1095 2235 adulterio
1113 2161 1286 2239 matrimo-

163 2276 256 2348 nium
280 2275 421 2349 dissoiui
448 2276 558 2375 possit
582 2275 694 2374 quoad
719 2275 915 2365 vinculum,
938 2301 981 2350 ao
998 2277 1117 2350 'datam
1142 2275 1286 2377 proinde

163 2414 239 2465 esse
261 2391 349 2491 parti
370 2384 542 2464 innocenti
566 2389 757 2464 laenitatem
781 2390 920 2464 aiteram
938 2414 1077 2477 uxorem
1101 2409 1160 2467 ant
1184 2392 1286 2466 mari·

162 2523 231 2581 tum
258 2505 399 2580 alterum
432 2505 599 2593 dueendi;
628 2507 696 2580 imo
727 2521 831 2595 sunt,
867 2509 926 2607 qui
961 2528 1078 2583 votem
1112 2503 1286 2606 πορνείας

162 2646 223 2696 seu
247 2623 474 2721 sanissimum
492 2620 680 2719 intelligant
697 2621 740 2694 de
757 2623 878 2722 quouis
901 2624 1042 2721 flagitio.
1064 2623 1187 2696 Contra
1198 2648 1285 2697 'uero

161 2752 323 2811 onustans
339 2736 511 2811 'eeclesiae
535 2735 721 2811 catholicae
755 2737 986 2837 interpretatio
1010 2753 1087 2823 est,
1119 2762 1180 2836 per
1205 2735 1281 2810 illas

160 2852 331 2927 clausulas
349 2879 416 2925 non
430 2876 532 2951 posse
549 2849 706 2925 adulterii
720 2877 826 2925 eausa
844 2850 986 2925 dissolvi
1003 2851 1196 2949 coniugium
1215 2851 1283 2925 nisi

161 2966 275 3066 quoad
301 2981 410 3041 torum
441 2982 474 3040 et
504 2965 770 3054 habitationem,
795 2965 930 3040 vinonio
956 2965 1184 3040 indissolubili
1210 2993 1286 3066 per-

161 3098 337 3169 manente,
357 3107 420 3155 neo
436 3081 480 3156 ob
497 3080 652 3155 adulterii
672 3081 798 3159 crimen
817 3081 980 3181 aliudque
996 3082 1163 3179 flagitium
1173 3081 1285 3180 qnod-

163 3224 327 3297 cumque,
355 3197 489 3271 uiuente
514 3196 618 3271 altero
644 3197 802 3294 coniuge,
834 3220 935 3296 posse
959 3198 1153 3297 qnempiam
1178 3218 1285 3272 nouus

162 3313 298 3412 nuptias
324 3313 422 3386 inire.
452 3312 570 3386 Grneoi
592 3312 709 3386 saitem
727 3313 764 3384 in
784 3313 999 3412 praxiprinri
1017 3312 1283 3411 interpretationi

163 3429 364 3515 adhaerent,
392 3427 475 3527 quin
502 3445 613 3501 tamen
640 3427 746 3503 salsae
770 3445 830 3501 aut
857 3444 1093 3529 praeposterae
1111 3427 1284 3501 doctrinae

8 3572 9 3585 ¹
66 3586 73 3599 ·
162 3542 302 3618 hunam
327 3541 504 3623 ecelesiam
531 3542 706 3632 iuousent,
735 3568 834 3616 secus
859 3568 901 3616 ne
925 3542 1071 3616 sentiant
1095 3556 1284 3642 protestan-

164 3674 226 3731 tes.
256 3659 375 3730 llernm
401 3656 444 3730 de
469 3655 525 3729 his
551 3674 697 3731 recurret
717 3684 828 3732 sermo
848 3684 925 3731 eum
947 3682 1085 3755 agemus
1102 3657 1145 3731 de
1163 3655 1284 3730 horum

166 3789 315 3846 textuum
342 3772 532 3870 dogmatica
557 3772 845 3870 interpretatione.
984 3758 987 3763 ⁴
1349 3858 1352 3864 ¹

236 3889 337 3962 Nune¹
358 3887 577 3987 exponendae
602 3888 818 3987 potissimum
837 3904 917 3962 sunt
938 3888 1119 3963 nonnullae
1143 3887 1285 3963 catholi-

164 4028 279 4076 eorum
303 4002 493 4101 exegetioae
518 4001 828 4102 interpretationes,
862 4002 988 4102 quibus
1013 4003 1199 4077 scientifice
1223 4002 1285 4076 do-
1387 4085 1390 4091 ,

8 4074 9 4161 i
66 4122 87 4187 .'
165 4118 306 4190 utrinam
331 4115 494 4191 eeclesiae
519 4116 603 4189 tueri
623 4131 723 4217 atque
741 4143 761 4190 a
778 4117 1034 4192 difficultatibus
1052 4117 1211 4217 expedire
1228 4143 1286 4191 oo·

13 4296 17 4317 ,
109 4296 112 4301 ,
168 4246 299 4304 nentur.
328 4231 413 4305 Cum
439 4231 527 4304 eninr
553 4231 641 4305 duee
669 4231 747 4305 illae
778 4231 952 4306 clausulae
981 4232 1103 4331 iugiter
1126 4233 1285 4306 torserint

110 4368 113 4373 ’
166 4343 340 4420 doctorum
364 4345 513 4421 uirorum
540 4344 674 4443 ingenia
698 4345 743 4420 ob
768 4345 999 4421 difficultatem
1027 4373 1128 4447 qnam
1153 4372 1284 4446 praese

229 4489 269 4545 lli
913 4509 915 4512 ⁴
1168 4492 1200 4543 ta
1318 4510 1325 4524 ·
