3234 5084
317 409 363 481 tt
490 428 553 480 ιιι.
568 427 617 480 ιιι.
638 426 724 480 sacr.
745 427 769 480 ι.
790 427 831 479 ιι
852 427 948 480 narn.
968 426 1091 478 onum.
1113 428 1257 479 usmaro.
1337 399 1361 416 “

315 549 400 622 ritas
424 547 567 622 huiusce
592 548 752 624 historiae
772 546 865 622 baud
883 573 983 644 aegre
999 546 1086 620 inter
1102 573 1141 620 se
1156 546 1313 646 componi
1331 570 1435 645 posse

314 663 486 752 videntur,
509 665 537 737 si
557 679 746 763 opportune
768 662 1067 761 distinguatur-rei
1092 661 1282 736 substantio
1297 660 1342 734 ab
1357 662 1434 735 eius

314 777 498 854 adiunctis.
523 778 582 852 nei
611 777 802 854 substantia
824 777 860 849 in
885 803 926 851 eo
951 776 1128 865 consistit,
1156 776 1248 877 qood
1271 802 1385 851 comes
1411 802 1434 851 a

315 895 476 971 Gleicben
495 896 529 968 in
547 921 610 971 sua
633 896 846 996 expeditione
863 895 899 967 in
914 920 1036 968 manus
1061 892 1250 967 infidelium
1275 892 1435 968 inciderit

315 1027 419 1112 atquo
433 1011 477 1085 ab
495 1011 616 1086 iisdem
641 1039 682 1085 ex
707 1009 898 1085 Palaestina
915 1011 950 1082 in
963 1010 1150 1110 Aegyptum
1172 1009 1354 1096 abductus,
1374 1008 1434 1082 ubi

315 1127 391 1200 filia
405 1128 529 1201 sultani
547 1127 749 1201 Melecbsala
765 1128 841 1201 eius
858 1153 971 1200 amore
989 1141 1088 1225 capta
1106 1126 1173 1225 ipsi
1191 1124 1355 1199 evadendi
1372 1150 1435 1222 op·

315 1244 554 1342 portunitatem
575 1241 736 1317 obtulerit
752 1241 937 1316 dummodo
953 1267 991 1315 se
1007 1240 1108 1315 vellet
1124 1242 1159 1313 in
1176 1241 1352 1338 coniugem
1370 1239 1435 1313 du-

313 1385 412 1446 cero;
433 1360 544 1458 quod,
565 1359 749 1461 sponsione
766 1358 873 1446 lacta,
894 1357 993 1432 ambo
1018 1357 1119 1430 simul
1145 1356 1259 1453 lugam
1284 1355 1436 1455 arripue-

316 1474 408 1564 rint,
439 1475 648 1575 Romamque
672 1498 711 1546 se
734 1472 959 1561 contulerint,
990 1488 1091 1571 atque
1114 1470 1236 1544 exinde
1262 1496 1374 1544 comes
1400 1470 1437 1541 in

314 1589 437 1686 vulgus
458 1591 620 1692 sparserit
641 1588 831 1663 facultatem
849 1614 922 1662 sea
939 1614 1023 1663 rom.
1040 1588 1198 1688 pontifice
1214 1587 1278 1660 bas
1298 1587 1436 1686 nuptias

315 1705 477 1802 iungendi
501 1705 703 1792 obtinuisse,
717 1704 860 1780 uiuente
876 1703 989 1777 adbuc
1009 1703 1111 1804 priori
1129 1728 1232 1776 uxore
1249 1728 1324 1775 sua.
1341 1702 1437 1787 Quae

315 1818 454 1918 quidem
480 1819 593 1894 omnia
619 1819 719 1892 fidem
745 1844 814 1892 non
839 1833 1009 1918 superant.
1030 1816 1091 1890 Ast
1108 1815 1200 1916 quod
1223 1842 1307 1891 rom.
1324 1817 1437 1917 ponti-

314 1934 370 2009 fex
394 1934 509 2034 reipsa
532 1935 701 2009 secundas
719 1935 783 2009 has
801 1934 937 2035 nuptias
954 1933 985 2007 ei
1004 1933 1202 2019 indulserit,
1222 1932 1435 2008 nullomodo

316 2049 448 2123 admitti
468 2065 589 2148 potest.
606 2051 691 2123 Nam
708 2050 808 2123 datae
824 2048 927 2124 buius
944 2047 1114 2123 facultatis
1141 2047 1270 2121 nullum
1295 2075 1436 2148 prorsus

316 2180 406 2239 extat
425 2165 684 2254 documentum3
705 2191 804 2239 nemo
822 2191 911 2239 unus
929 2191 970 2238 en
987 2165 1136 2265 antiquis
1156 2191 1231 2238 eam
1249 2180 1307 2238 aut
1324 2164 1438 2239 retulit

315 2294 374 2353 aut
386 2278 526 2368 obiecit;
544 2279 683 2354 Honorii
693 2281 752 2351 lll.
762 2295 800 2354 ut
811 2277 1079 2368 vultFabricius,
1091 2278 1170 2353 fidei
1184 2305 1224 2353 ac
1235 2279 1438 2380 disciplinae

315 2394 462 2469 tuendae
486 2395 636 2468 studium
662 2395 755 2468 nulla
780 2395 911 2468 rationo
934 2395 1081 2494 patitur,
1101 2409 1140 2467 ut
1162 2394 1198 2466 id
1223 2394 1432 2467 admittatur.

316 2512 434 2611 ltaque
457 2511 626 2586 eiusmodi
651 2511 806 2585 obtentae
830 2511 1060 2585 concessionis
1078 2537 1192 2584 rumor
1208 2537 1250 2584 ex
1266 2527 1363 2611 parte
1379 2538 1438 2587 co-

316 2626 409 2701 mitis
427 2652 494 2700 non
512 2626 578 2698 fuit
594 2626 662 2700 nisi
681 2626 856 2726 quaesitus
870 2626 1042 2726 colorque
1054 2641 1185 2725 turpem
1198 2654 1296 2702 suam
1313 2628 1435 2726 agendi

314 2743 479 2816 rationem
504 2757 649 2839 tegeret,
675 2758 782 2815 aetate
808 2741 868 2814 illa
891 2741 983 2814 baud
1009 2741 1172 2815 insolens.
1196 2742 1293 2829 Quod
1310 2744 1365 2817 vel
1383 2743 1437 2815 in·

315 2884 418 2930 nuere
442 2857 576 2932 videtur
600 2857 643 2930 cl.
666 2872 783 2931 auctor
812 2883 912 2957 quem
944 2856 1148 2932 adduximus
1178 2861 1292 2955 (185),
1320 2860 1439 2960 sicque

315 2973 429 3047 omnia
455 2973 607 3073 apprimo
631 2989 890 3073 componuntur.

388 3087 440 3159 Ad
458 3086 598 3160 alteram
616 3086 759 3162 classem
781 3088 895 3162 referri
913 3088 1013 3162 debet
1029 3089 1223 3191 polygamia
1240 3108 1265 3165 ι’
1278 3091 1436 3166 lothario

315 3203 529 3303 imperatoris
554 3202 701 3277 lotharii
727 3204 797 3278 filio
821 3220 855 3277 et
871 3203 982 3278 Caroli
1000 3204 1093 3281 Calvi
1120 3224 1241 3307 nepote
1264 3207 1439 3282 Lotbarin-

315 3321 393 3417 giae
421 3343 501 3415 rege
531 3332 737 3415 pertentata,
764 3317 844 3391 dum
870 3319 1083 3419 Theutberga
1118 3321 1314 3422 repudiata,
1342 3321 1438 3395 Wal-

315 3434 457 3507 dradam
473 3432 596 3506 ducere
609 3431 644 3503 in
657 3456 795 3506 uxorem
812 3435 994 3507 contendit.
1009 3437 1092 3508 Nam
1109 3436 1166 3510 vix
1184 3464 1238 3510 res
1252 3436 1390 3512 Nicolao
1403 3439 1432 3509 l.

316 3575 448 3623 summo
473 3548 625 3650 pontifici
656 3548 830 3636 innotuit,
862 3565 899 3623 ut
928 3577 1063 3625 causam
1098 3552 1172 3626 eius
1205 3552 1432 3643 discusserit,

317 3665 494 3763 repudium
512 3663 773 3764 improbaverit,
795 3680 871 3739 acta
888 3667 1021 3739 concilii
1048 3669 1209 3742 metensis
1231 3668 1432 3757 exsciderit,

316 3779 408 3880 quod
434 3779 590 3853 lothario
624 3779 775 3867 laverat,
805 3780 983 3882 episcopos
1017 3784 1299 3882 praevaricatores
1332 3784 1437 3884 depc-

315 3894 442 3984 suerit‚
469 3894 621 3993 adegerit
644 3895 839 3969 lotharium
865 3896 929 3970 sub
955 3899 1308 3973 excommunicationis
1333 3901 1437 3974 inter-

387 4062 454 4127 (185)
471 4065 506 4114 Ut
521 4064 588 4128 patet
602 4078 634 4115 ex
649 4062 746 4115 vorbis:
762 4065 819 4117 dcc
834 4066 912 4131 qu'on
927 4067 1158 4131 protendamus
1172 4083 1245 4120 causa
1260 4070 1393 4134 prudenter
1407 4072 1435 4122 in

314 4143 428 4194 versione
452 4145 512 4195 itala
535 4144 654 4196 adornata
668 4159 684 4195 a
698 4147 751 4197 Nic.
768 4146 882 4209 Negretli.
894 4148 989 4198 Vienna
1006 4156 1073 4200 1838.
1087 4150 1296 4214 quenadmodum
1317 4152 1391 4202 alam
1408 4153 1435 4203 in

314 4222 425 4274 eiusdem
440 4223 558 4275 historiae
572 4226 718 4291 compendio
734 4228 803 4290 quod
818 4227 905 4278 eodem
914 4241 955 4279 an.
966 4232 1089 4292 Augustae
1098 4232 1285 4282 Taurinoruma
1295 4233 1336 4296 pia
1345 4234 1437 4284 comita

314 4302 401 4355 Solam
411 4304 476 4357 della
486 4306 618 4370 ungant·
628 4307 722 4359 odinum
733 4311 784 4371 eet,
796 4310 864 4359 totus
879 4308 921 4359 bic
935 4312 1029 4361 mous
1044 4311 1150 4362 omissos
1161 4311 1217 4363 ruit.
1228 4315 1282 4365 Non
1297 4314 1357 4365 item
1374 4326 1435 4364 raro

313 4384 341 4439 ln
356 4384 468 4439 venons
483 4386 579 4451 mattea
593 4400 669 4452 ιιιιι
684 4388 795 4452 vulgavit
811 4391 879 4453 uro
894 4389 999 4442 notet
1013 4390 1115 4445 uuotin·
1135 4397 1205 4450 1852,
