3234 5084
321 391 389 465 tto
463 412 525 462 nn.
538 407 829 467 intimaturus.
849 408 889 459 ur
906 406 1019 461 tunm.
1040 405 1135 459 ntro.
1157 404 1283 457 maror.

318 554 436 604 nouam
453 527 638 602 traducere.
655 526 809 601 Attamen
821 525 1031 600 Chomnitius
1048 524 1195 601 scribere
1207 550 1274 598 non
1286 524 1432 602 erubuit:

322 640 512 716 «Definitio
540 639 598 714 illa
624 640 758 714 divortii
786 643 903 735 (nono.
924 640 1003 714 trid.
1023 666 1099 714 oan.
1118 639 1204 712 vul.
1217 641 1251 735 ),
1276 640 1366 740 quod
1390 642 1437 716 sit

319 758 487 859 separatio
512 755 713 830 matrimonii
740 753 852 854 quoad
879 769 1005 841 torum,
1030 768 1185 827 manento
1206 753 1342 829 vinoun
1358 780 1438 829 oon·

319 871 444 970 iugali,
474 898 559 944 novo
576 885 647 958 est,
672 886 769 943 etex
792 868 907 943 uerbis
931 868 1025 942 Panli
1047 868 1134 943 male
1155 868 1334 944 intellectis
1357 896 1436 969 por-

319 1011 434 1085 peram
459 985 622 1059 fabricata
643 985 770 1079 (20).»

391 1099 441 1172 De
460 1097 612 1198 Apostoli
632 1111 743 1171 ments
762 1096 864 1196 paulo
881 1096 989 1184 inlra3
1009 1097 1141 1170 interim
1159 1122 1199 1169 ex
1216 1096 1259 1170 iis
1276 1094 1436 1171 omnibus

319 1240 407 1315 quae
419 1212 621 1287 adduximus
635 1212 757 1310 poterit
772 1210 919 1311 quisque
935 1211 1097 1284 iudicium
1107 1210 1192 1285 ferre
1203 1269 1211 1301 ‚
1224 1237 1305 1285 num
1322 1211 1434 1312 reipsa

318 1328 489 1414 delinitio,
510 1353 570 1401 seu
589 1326 742 1401 doctrina
760 1324 894 1401 diuortii
912 1326 1024 1426 quoad
1041 1342 1170 1415 torum,
1186 1343 1342 1400 manente
1357 1326 1434 1399 uin·

319 1442 395 1516 culo
420 1440 607 1540 coniugali,
627 1438 743 1539 aliqua
759 1438 829 1513 veri
848 1439 962 1538 speoie
981 1438 1048 1512 dioi
1069 1465 1154 1513 nouo
1173 1455 1294 1539 queat;
1317 1464 1433 1512 annon

320 1557 434 1656 potius
457 1554 624 1631 eiusmodi
653 1554 794 1629 assertio
812 1552 898 1629 salsa
915 1554 1051 1628 omnino
1069 1553 1115 1630 sit
1130 1569 1165 1629 st
1184 1579 1271 1630 nors
1295 1578 1437 1654 prorsus

321 1688 421 1771 atque
444 1669 636 1770 antiquitati
660 1670 838 1744 uniuersae
863 1668 1042 1744 contraria.
1148 1696 1151 1699 ·

823 1884 860 1984 o.
882 1883 927 1955 u.

381 2100 471 2153 Eodem
488 2099 601 2151 doetrtna
616 2098 754 2151 uudimtnr
769 2095 801 2148 ab
815 2093 893 2149 altera
907 2096 966 2149 nota
979 2097 1147 2163 opportttouts
1160 2110 1218 2150 curu
1232 2095 1373 2163 musella

719 2178 745 2227 et
760 2175 895 2241 apostolia
910 2173 1031 2227 doctum

392 2366 435 2440 Ut
446 2366 536 2440 hanc
547 2365 792 2467 oppositionem
805 2365 963 2440 srinoant
974 2365 1175 2455 adversarii,
1191 2366 1436 2468 ostendantque

319 2481 447 2557 nullum
465 2482 499 2555 in
518 2481 624 2556 sacris
641 2481 760 2556 litteris
775 2481 905 2554 admitti
923 2481 1034 2581 quoad
1052 2497 1159 2555 torum
1176 2481 1436 2582 convictumque

316 2599 508 2686 divortium,
525 2597 605 2673 dum
623 2598 787 2696 integrum
805 2612 917 2669 manet
934 2596 1136 2670 matrimonii
1152 2594 1337 2684 vinculum,
1358 2621 1434 2695 pro

318 2731 439 2788 vocant
462 2714 505 2788 ad
531 2730 719 2790 contextum
748 2710 898 2813 Apostoli
925 2712 959 2783 l.
981 2708 1056 2784 Cor.
1084 2710 1154 2783 Vll.
1183 2711 1237 2785 oui
1254 2724 1322 2784 tota
1344 2710 1436 2783 inni·

320 2829 424 2916 titur,
451 2843 489 2901 ut
512 2828 578 2929 ipsi
602 2829 717 2915 aiunt,
749 2825 990 2901 catholicorum
1016 2825 1178 2899 doctrina.

393 2942 449 3015 Sin
473 2942 563 3014 enim
589 2942 696 3041 pergit
717 2940 927 3015 Chemnitius
949 2955 1025 3042 post
1049 2941 1194 3016 adducta
1216 2942 1345 3030 verba,
1372 2958 1430 3031 ut,

318 3055 603 3158 quemadmodum
625 3056 690 3131 sibi
715 3073 956 3156 proposuerat,
985 3057 1140 3132 ostendat
1161 3056 1347 3132 docuinam
1376 3081 1432 3131 oa-

317 3169 476 3247 tholioam
500 3170 543 3245 de
569 3172 710 3246 divortio
734 3171 933 3271 [almostam
957 3197 1035 3246 esse
1051 3197 1092 3246 ex
1112 3197 1287 3273 perperam
1307 3171 1434 3248 intelle·

318 3285 381 3359 otis
406 3284 518 3360 serbis
540 3284 654 3359 Pauli:
685 3285 837 3361 «Scribit
860 3285 1062 3386 Apostolus,
1087 3286 1135 3360 ait
1158 3287 1251 3386 ipse,
1266 3288 1433 3386 praestitio

282 3398 285 3403 ’
317 3426 382 3474 uon
398 3428 473 3500 spo,
494 3400 551 3475 ssd
567 3402 745 3488 Dominus,
773 3427 946 3475 onorem
969 3403 1126 3475 virenon
1149 3400 1329 3475 discedere:
1346 3400 1433 3500 quod

317 3517 349 3589 si
370 3515 571 3602 discsmem‘t,
591 3543 720 3590 monere
748 3517 936 3616 innuptam,
960 3530 1018 3591 aut
1041 3517 1113 3590 uiro
1136 3541 1195 3590 suo
1211 3516 1427 3590 rsooooiltltri.

393 3719 445 3782 (ιο)
460 3720 498 3770 ltu
519 3718 620 3783 qutdsm
642 3717 708 3783 apud
727 3717 903 3769 Battarminum
927 3720 964 3769 Do
982 3720 1099 3770 mutnet.
1119 3731 1174 3782 sap,
1195 3720 1260 3770 xlv.
1283 3730 1307 3781 p.
1332 3723 1369 3770 tt.
1383 3718 1428 3782 oui

317 3796 379 3847 haee
390 3796 464 3850 rerba
474 3797 563 3861 allegat
572 3810 603 3848 ex
614 3799 646 3847 ΙΙ.
661 3798 730 3861 porto
741 3798 881 3848 Bnnmtnts
894 3810 949 3861 pag.
964 3804 1031 3849 last.
1046 3800 1138 3849 Verum
1152 3797 1178 3847 ln
1192 3797 1301 3849 ootdono
1311 3810 1362 3861 qne
1372 3798 1430 3848 utor

317 3875 391 3927 huius
414 3877 554 3928 smus
573 3888 645 3927 cono.
661 3875 768 3928 trtdsnt.
782 3877 896 3928 Genetos
919 3880 985 3929 tort.
999 3880 1063 3941 part.
1075 3878 1107 3930 11.
1121 3891 1177 3942 pag.
1193 3882 1248 3930 tlt.
1265 3878 1340 3943 ponto
1361 3876 1433 3929 alitor

260 3997 265 4007 .
317 3954 446 4006 minutato
458 3955 489 4006 ab
498 3955 578 4006 altem
589 3967 674 4018 manu,
687 3957 799 4019 utputo,
816 3954 937 4020 mentor.
955 3956 996 4006 sto
1005 3955 1071 4008 euim
1080 3955 1116 4006 tbi
1125 3956 1258 4008 habentur:
1279 3976 1293 4001 ι
1302 3958 1369 4007 usse
1378 3968 1432 4007 nott

316 4037 356 4085 ott
365 4048 434 4086 nouo
444 4034 554 4086 definitio
563 4035 677 4099 divortit,
689 4033 757 4098 quod
770 4035 866 4086 scilicet
875 4034 1010 4086 sittantnm
1020 4035 1142 4100 separatio
1152 4036 1216 4088 tuter
1224 4036 1340 4100 coniuges
1348 4035 1433 4101 quoad

316 4116 399 4166 torum
419 4117 447 4166 st
463 4115 545 4180 quoad
565 4115 786 4179 cohabitetim,
800 4116 915 4167 manente
938 4115 1035 4167 intertm
1053 4116 1129 4167 wem
1149 4116 1215 4168 inter
1233 4118 1358 4181 separatos
1378 4115 1433 4165 rin·

316 4194 374 4245 onlo
385 4196 544 4247 matrimonii.
560 4198 591 4247 st
601 4195 659 4247 talis
671 4194 771 4260 quidem
781 4195 904 4258 emoto
913 4197 1013 4260 sumpts
1026 4195 1073 4247 too
1083 4195 1191 4261 prlmum
1201 4210 1231 4249 sn
1242 4195 1309 4247 dioto
1321 4194 1392 4247 Pauli
1405 4196 1428 4245 Ι.

316 4275 374 4324 cor.
387 4277 411 4325 7.
425 4277 472 4326 eto.
482 4294 495 4319 »
510 4277 602 4327 Verum
622 4274 741 4326 tentemio
758 4273 795 4325 sto
816 4276 913 4327 munta
932 4286 982 4326 uon
998 4276 1105 4340 tropum
1117 4275 1232 4329 sonuum
1244 4288 1302 4328 oum
1315 4273 1348 4326 lis
1363 4286 1428 4340 quae

317 4352 469 4418 munstur,
481 4354 510 4405 nt
527 4352 602 4419 paolo
624 4354 680 4418 post
699 4351 838 4405 ridebimus
