3234 5084
316 425 386 495 220
461 446 523 496 tm.
545 446 593 496 ιιι.
614 447 701 498 sacr·
719 447 850 498 ιιιιιιι.
864 448 903 497 ιιι
921 448 1035 499 mores.
1052 449 1148 500 uiro.
1165 448 1291 501 cautor.

317 567 496 664 interpres,
517 579 665 665 accepta,
681 564 857 663 evangelio
871 559 1133 645 euo'ineeruisse
1148 569 1238 664 (99).
1249 567 1315 639 iiii
1329 568 1435 642 anim·

315 680 493 754 advertunt
513 679 670 755 mulieres
691 681 830 782 quidem
856 708 896 755 ex
926 682 1048 783 spiritu
1074 683 1159 781 legis
1186 684 1356 759 mosaicae
1383 710 1440 785 po

316 796 423 870 tuisse
440 796 577 870 maritos
603 823 684 870 suos
710 823 823 871 coram
842 797 1011 872 iudicibus
1034 824 1211 887 accusare,
1232 797 1437 898 cosdemque

314 911 565 1012 quodammodo
589 913 632 985 ad
659 913 929 1012 repudiationem
955 940 1096 1012 cogere,
1129 914 1189 987 sed
1216 915 1350 1015 propria
1376 941 1439 988 au-

314 1026 468 1101 ctoritate
491 1025 657 1099 dimittere
674 1026 766 1100 haud
786 1029 936 1127 potuisse
961 1030 1074 1124 (100).
1100 1029 1219 1100 Verum
1239 1027 1322 1101 haec
1348 1028 1437 1102 leuia

315 1159 407 1214 sunt.
435 1143 518 1213 Nam
549 1142 639 1241 quod
670 1144 836 1217 recensita
861 1142 964 1217 verba
989 1170 1010 1216 a
1039 1143 1173 1216 Christo
1204 1142 1333 1241 prolata
1365 1170 1432 1218 non

316 1255 462 1342 suerint,
493 1255 554 1329 scd
579 1282 599 1328 a
625 1257 735 1329 Marco
761 1257 893 1329 adiecta
918 1283 959 1329 ex
986 1257 1072 1331 Petri
1097 1257 1275 1344 doctrina,
1303 1258 1436 1331 veritati

316 1369 529 1467 evangelicae
554 1370 757 1443 narrationis
782 1387 898 1469 aperta
917 1370 1025 1445 fronte
1050 1370 1267 1459 adversatur,
1296 1396 1337 1444 ac
1361 1372 1439 1445 sine

317 1485 388 1558 ulia
409 1486 605 1585 probatione
632 1501 733 1586 atque
757 1513 797 1559 en
822 1514 914 1560 mera
938 1488 1147 1573 coniectura,
1168 1512 1275 1586 eaque
1291 1488 1438 1584 gratuita

318 1627 358 1675 ac
379 1603 555 1676 tememria
579 1600 779 1675 affirmatur.
803 1603 900 1689 Quod
922 1628 1001 1676 vero
1018 1603 1175 1675 adiicitur
1198 1601 1241 1675 de
1266 1601 1338 1675 iure
1356 1628 1438 1677 uxo-

316 1743 411 1805 rum,
440 1717 568 1791 ratione
585 1716 701 1791 habita
719 1718 860 1816 spiritus
885 1716 970 1815 legis
994 1720 1176 1804 mosaicae,
1198 1743 1316 1816 parum
1334 1717 1437 1792 reiert

316 1833 361 1907 ad
381 1859 451 1907 rem
469 1849 630 1907 nostram.
653 1834 866 1933 Quamquam
886 1834 1033 1907 rationes
1052 1858 1119 1907 nou
1138 1832 1267 1919 desint,
1288 1832 1331 1905 ob
1348 1859 1434 1932 quas

313 1949 446 2022 Marcus
461 1948 610 2022 retulerit
626 1975 714 2049 quae
732 1949 776 2022 ad
794 1974 919 2022 uxores
936 1943 1140 2022 dimittentes
1156 1949 1248 2022 uiros
1266 1973 1346 2022 suos
1364 1974 1439 2049 spe

315 2080 426 2152 etant;
456 2065 528 2138 siue
551 2065 642 2164 quod
668 2066 797 2164 reipsa,
828 2080 867 2138 ut
885 2063 1039 2139 nonnulii
1065 2063 1289 2152 contendunt,
1309 2064 1438 2139 otiliae

315 2194 486 2278 praestare
499 2178 534 2250 id
548 2179 716 2278 potuerint
733 2179 826 2252 iuxta
842 2178 950 2276 legem
971 2179 1067 2275 (iti)
1087 2207 1095 2266 3
1116 2178 1190 2251 eive
1206 2178 1297 2277 quod
1315 2178 1435 2252 saitem

315 2319 356 2366 ex
369 2292 477 2367 abusu
490 2319 564 2367 mos
582 2294 646 2366 iste
663 2294 730 2366 iam
748 2291 928 2367 invaluerit
948 2294 1066 2388 (itt);
1092 2292 1164 2366 sive
1180 2292 1326 2392 denique
1345 2293 1437 2394 quod

316 2406 471 2482 Christus
488 2406 658 2510 apostolos
677 2407 807 2481 iuturus
826 2406 974 2504 gentium
992 2430 1198 2506 praecones,
1226 2406 1319 2504 apud
1345 2432 1434 2507 quas

315 2524 369 2597 ius
395 2524 485 2598 istud
512 2540 681 2625 receptum
704 2538 795 2613 erat,
815 2522 960 2597 vetuerit
976 2520 1157 2622 privatim,
1182 2523 1218 2593 io
1237 2520 1350 2607 donw,
1372 2521 1437 2597 hac

315 2637 358 2712 de
384 2665 420 2713 re
445 2639 611 2713 instruere
639 2641 753 2736 (tte).

397 2754 486 2827 iilud
512 2754 648 2852 gravius
674 2772 743 2841 est,
774 2754 866 2853 quod
896 2753 1049 2852 plerique
1073 2777 1189 2827 omues
1215 2766 1438 2852 protestantes

315 2869 543 2959 contendunt,
564 2868 792 2971 supplendam
810 2869 846 2940 in
865 2870 966 2943 Marci
980 2869 1133 2968 adeoque
1148 2882 1183 2940 ct
1198 2867 1305 2940 Lucae
1323 2894 1437 2942 narra·

316 2984 407 3057 tium
431 3010 505 3057 eam
525 2984 753 3084 exceptionem
769 3008 847 3056 esec
863 2982 906 3056 de
931 2982 1174 3070 fornicatione,
1191 3008 1279 3082 quae
1292 2984 1439 3056 occurrit

315 3101 405 3201 apud
426 3101 652 3188 Matthaeum,
673 3101 778 3201 idque
797 3117 973 3175 autumant
990 3101 1063 3173 {ieri
1082 3098 1204 3173 debere
1219 3157 1227 3186 ,
1244 3124 1287 3172 nc
1304 3099 1437 3174 Marcus

317 3233 350 3291 et
361 3217 469 3290 Lucas
483 3242 558 3289 cum
573 3217 741 3290 Matthaeo
754 3242 905 3316 pugnare
917 3216 1104 3289 videantur.
1123 3212 1297 3313 Siquidem
1315 3239 1435 3313 propo-

315 3331 456 3406 sitiones
473 3331 751 3406 contradictoriae
763 3348 868 3405 sunt:
892 3331 1005 3403 Omnis
1029 3331 1089 3428 qui
1109 3328 1330 3402 dimiserit...
1349 3354 1436 3401 moe·

316 3447 450 3530 citetur,
471 3461 504 3519 et
515 3472 580 3519 ooo
595 3447 699 3519 omnic
723 3446 783 3545 qui
798 3444 960 3518 dimiserit
1044 3443 1250 3531 moechatum
1270 3443 1338 3516 iam
1354 3467 1436 3517 uero

387 3677 437 3741 (ae)
453 3677 524 3742 Apud
540 3678 687 3741 iictitcriuy
702 3691 743 3742 op.
761 3678 804 3729 cit.
819 3689 874 3742 pag.
894 3682 948 3728 tit.
1086 3724 1090 3729 .

388 3757 454 3820 (too)
471 3756 513 3807 Uti
533 3756 660 3808 Michaelis
676 3757 702 3807 iu
715 3769 755 3821 op.
775 3759 813 3807 Dc
831 3759 891 3808 turc
906 3755 1089 3819 macconem.
1100 3755 1132 3804 li.
1147 3752 1186 3803 ed.
1200 3760 1223 3804 t.
1238 3752 1350 3804 Fraueoi.
1365 3756 1433 3804 iiic.

314 3849 370 3901 pag.
387 3843 441 3887 een.

387 3917 453 3980 (rot)
467 3918 771 3981 ct.1tam,1›iseertettm
785 3920 858 3969 iicet·
872 3918 999 3968 mortim
1008 3912 1308 3980 repudtuattccuadum
1317 3912 1436 3976 mette

316 3994 473 4059 trecorum,
489 3999 611 4047 cacumin
622 3996 790 4047 Mcunchcntt
807 3998 882 4047 Nouo
895 3990 1057 4047 Testamenta
1067 4007 1102 4046 cc
1111 3990 1318 4058 mttquuattotu
1330 3990 1433 4043 Moroi-

314 4076 352 4123 cte
368 4073 506 4124 illustrato
521 4087 576 4139 pag.
593 4079 649 4126 677.

387 4153 453 4216 (tot)
469 4153 547 4204 Paulo
566 4157 623 4205 ente
645 4167 676 4205 ex
696 4154 800 4219 iosepho
822 4153 953 4205 retulimus
971 4153 1078 4205 Herodis
1096 4152 1178 4216 magni
1195 4162 1304 4203 sororem
1317 4148 1435 4201 limodia-

315 4231 384 4295 dem,
401 4233 513 4298 Saiome,
528 4234 638 4298 aliusque
653 4248 738 4285 earum
758 4233 871 4300 exemplo
892 4233 1033 4299 repudiatae
1049 4234 1116 4285 viros
1134 4245 1209 4294 tuot,
1229 4230 1390 4295 itteiiumque
1402 4243 1438 4283 ra·

315 4310 384 4377 podii
406 4310 503 4363 dedisse
522 4312 553 4362 ed
573 4312 650 4364 instar
670 4313 802 4364 mulierum
823 4326 988 4364 murenarum.

387 4391 454 4455 (tot)
467 4391 510 4443 Uti
523 4391 628 4444 ituiooci
645 4394 768 4445 commi.
783 4395 813 4445 itt
833 4390 879 4444 itt.
897 4390 989 4445 hinton
1002 4395 1036 4444 Ν.
1053 4394 1080 4444 T.
1096 4391 1122 4443 iu
1138 4390 1203 4442 hunc
1222 4389 1269 4441 ieo.
