3234 5084
325 405 1149 463 ctarrrnrsmsomnuamouanrrrnar.r.
1236 388 1307 460 tou

191 522 293 603 habet
309 529 541 629 Athenagoras
560 530 595 601 in
613 528 802 626 legatione*
816 555 877 628 pru
902 529 1110 604 ohristianis.
1130 528 1203 602 «Ut
1218 529 1311 629 quis·

189 670 256 745 que
283 642 337 717 uel
367 641 480 744 qualis
509 660 610 717 natus
641 659 712 731 est,
740 658 877 717 maneat
898 642 952 717 vel
978 644 1091 718 uniois
1110 643 1145 717 in
1166 643 1308 744 nuptiis.

189 758 363 834 Secundae
387 760 477 832 enim
498 759 658 832 decorum
683 757 904 832 adulterium:
931 759 1133 858 Quicumque
1151 763 1238 833 enim
1257 759 1310 833 di-

188 876 331 958 moero,
354 874 465 974 inquit
484 874 697 970 (Christus),
712 898 849 946 onorem
869 900 963 946 mom
983 888 1016 947 et
1034 876 1137 948 olium
1162 874 1308 959 domarit,

189 990 394 1075 moechatam
415 1015 477 1063 nec
496 1014 571 1063 eam
587 988 711 1062 dimitti
733 989 868 1075 sinens,
891 989 988 1062 euius
1006 989 1192 1086 virginitati
1208 991 1311 1063 linem

190 1106 270 1205 quis
296 1105 477 1203 imposuit,
506 1130 569 1178 neo
593 1103 695 1178 aliam
720 1104 861 1204 insuper
880 1102 972 1178 duoi.
994 1105 1078 1177 Nam
1101 1106 1161 1203 qui
1181 1132 1219 1179 se
1237 1105 1313 1204 ipse

191 1219 301 1318 prima
323 1243 426 1292 uxore
450 1218 592 1317 spoliat,
621 1218 754 1292 etiamsi
781 1236 913 1292 mortua
930 1218 994 1306 sit,
1014 1218 1145 1292 oecultn
1162 1220 1312 1319 quadam

192 1335 321 1407 ratione
344 1350 396 1407 est
419 1334 551 1407 adulter
566 1336 681 1429 (32).»
697 1332 789 1406 Nihil
816 1333 941 1407 habeut
965 1334 1056 1432 quod
1082 1333 1227 1407 aflerant
1250 1334 1313 1407 ad-

191 1447 333 1521 versarii
346 1445 495 1520 adhunc
508 1464 633 1522 textum
646 1447 868 1535 eludendum
886 1446 1021 1547 quodsi
1041 1447 1143 1521 nimis
1157 1473 1311 1521 severum

193 1589 232 1637 se
244 1561 406 1662 praebere
417 1562 551 1637 videtur
563 1562 796 1661 Athenagoras
808 1563 974 1637 adversus
989 1564 1156 1637 secundas
1174 1565 1312 1665 nuptias

193 1679 425 1767 suoeessivas,
450 1696 586 1754 secutus
610 1696 662 1754 est
687 1679 751 1754 hae
777 1681 812 1752 in
840 1706 876 1754 re
895 1680 1096 1755 sententiam
1117 1694 1224 1755 aetate
1249 1706 1313 1754 sua

192 1795 358 1892 vigentem
384 1795 533 1896 passim,
561 1796 688 1897 quain
713 1796 943 1895 suspicionem
969 1795 1230 1870 inoontinentiae
1252 1822 1313 1870 vo-

192 1907 355 1983 oalaantur
379 1910 585 2010 quicumque
610 1910 730 1984 iterum
756 1909 942 1997 nuberent,
970 1926 1008 1984 ut
1032 1936 1095 1984 suo
1119 1909 1194 1984 loeo
1225 1910 1314 1983 uidi-

194 2050 270 2100 mus
287 2027 375 2122 (33).

688 2163 726 2261 g.
755 2163 815 2234 111.

645 2334 682 2381 De
697 2331 858 2383 Tertulliano.

267 2497 391 2571 llirum
412 2497 555 2572 fortasse
576 2496 731 2599 pluribus
751 2498 895 2585 accidet,
915 2499 1008 2598 quod
1024 2499 1113 2572 inter
1129 2514 1313 2573 assertores

195 2611 505 2687 indissolubilitatis
516 2613 665 2710 coniugii
678 2612 855 2687 christiani
868 2612 969 2687 etiam
983 2613 1223 2688 Tertullianum
1237 2640 1314 2687 oon·

195 2754 430 2818 numeremus,
454 2756 557 2830 mem
582 2729 766 2804 adversarii
785 2755 852 2803 non
872 2728 974 2803 modo
995 2756 1094 2803 suum
1119 2756 1196 2804 asse
1218 2756 1316 2804 asse-

197 2858 287 2930 runt,
302 2866 417 2917 uerum
436 2844 538 2917 etiam
556 2843 709 2919 nonnulli
725 2844 883 2919 ootholioi
901 2844 1004 2945 plane
1020 2845 1197 2933 deserunt,
1214 2860 1315 2945 atque

195 2959 285 3032 inter
302 2984 360 3032 eos
378 2974 558 3033 acoensent
569 2960 628 3060 qui
643 2986 704 3059 pro
722 2960 889 3035 solutione
911 2960 1167 3035 matrimonialis
1188 2960 1315 3037 vinouli

195 3073 231 3146 in
256 3100 360 3149 eausa
386 3075 542 3149 adulterii
562 3091 766 3175 pugnarunt.
783 3076 847 3149 Ast
865 3076 896 3150 si
915 3075 1008 3150 alara
1028 3077 1104 3160 eius
1125 3077 1316 3151 testimonia
1434 3080 1439 3093 “

195 3190 414 3290 seiungamus
429 3191 473 3265 ab
486 3191 550 3280 iis,
567 3217 656 3292 quae
672 3191 818 3265 obscura
836 3205 933 3280 sunt,
949 3209 983 3266 et
994 3192 1181 3266 contrariae
1192 3193 1317 3267 doetri-

195 3332 259 3380 nae
278 3307 480 3407 patrocinari
502 3305 680 3396 uidentur,
705 3333 874 3409 quaenam
890 3334 971 3381 vera
989 3308 1063 3382 eius
1081 3333 1176 3382 mens
1196 3308 1313 3394 luerit,

196 3419 330 3494 laoilius
351 3447 585 3521 assequemur.
602 3421 678 3494 Dixi
704 3448 787 3520 quoe
807 3421 945 3494 obscuro
968 3435 1067 3508 soot3
1096 3447 1175 3495 nam
1200 3422 1230 3495 si
1255 3449 1317 3523 ap-

196 3537 305 3635 prime
328 3562 369 3611 ea
393 3537 622 3624 excutiamus,
651 3535 780 3636 patebit
805 3536 919 3637 ipsum
944 3563 1007 3611 neo
1033 3536 1100 3611 sibi
1125 3563 1188 3611 neo
1217 3537 1317 3613 nobis

196 3676 273 3725 esse
297 3651 522 3741 eontrarium,
559 3676 704 3753 vereque
735 3665 931 3751 perpetuam
963 3652 1035 3727 siue
1062 3652 1313 3741 omnimodam,

196 3767 297 3840 etiam
322 3768 358 3841 in
387 3793 492 3843 eausa
523 3766 705 3856 adulterii,
741 3766 1074 3843 indissolubilitatem
1105 3768 1316 3867 coniugalem

196 3908 420 3984 propugnare.

268 4138 319 4201 (aa)
334 4137 382 4190 nu.
393 4141 479 4191 uren
494 4152 520 4191 n.
533 4146 573 4192 aa.
585 4153 641 4205 pag.
654 4147 694 4194 to.

267 4218 319 4283 (m)
334 4220 1319 4285 ot.nnrenhnotnadhunotoo.nbleumnberroremontnatstarntn,tmme

195 4295 236 4346 val
246 4296 279 4348 ab
287 4298 342 4364 lpse
353 4300 428 4352 hules
438 4302 529 4353 errorlt
538 4301 677 4367 supletone
686 4301 797 4354 unetos
806 4302 927 4355 autenm
937 4302 1132 4366 Tillenontr'om,
1141 4303 1170 4354 ot
1179 4302 1241 4353 allas
1254 4300 1318 4352 dlii·

194 4388 260 4425 mne.
