3234 5084
278 441 347 491 mr.
363 438 407 488 rr.
421 436 553 489 uenus.
566 437 662 488 rrrrrr.
677 437 760 502 surr,
776 437 840 488 ueri
853 437 1014 491 cossura.
1031 440 1102 491 ur.
1118 439 1166 493 ur.
1221 419 1290 493 tit

182 558 322 655 intelligi
341 555 502 633 deberent
517 573 756 656 exposuerunt.
769 556 805 628 Si
822 557 987 632 maturius
1004 558 1171 635 eiusmodi
1187 558 1293 635 dubia

182 674 267 774 ipsis
293 670 466 772 proposita
489 670 655 759 fuissent,
673 672 776 747 eitius
792 671 894 745 etiam
916 672 1066 770 ipserum
1092 672 1293 747 haberemus

182 814 365 888 responsa,
394 803 495 887 prout
517 814 548 861 s.
570 787 749 884 Gregorius
773 788 818 859 ld.
840 787 1014 886 respondit
1037 787 1080 861 ad
1107 787 1294 885 interpello·

180 903 308 978 tionem
326 900 526 1001 quamdam,
549 901 641 975 iuxta
657 900 791 975 deoretu
809 900 952 997 legalia,
972 901 1007 974 id
1024 901 1184 1004 estuiuxta
1200 901 1293 999 leges

181 1041 250 1090 non
271 1014 395 1089 debere
410 1013 499 1091 laedi
519 1015 553 1087 in
575 1014 674 1090 bonis
692 1015 765 1089 suis
782 1014 1022 1113 desponsatam
1033 1032 1049 1102 ,‘
1063 1041 1151 1114 quae
1166 1015 1210 1088 ad
1226 1015 1294 1090 Do·

183 1130 314 1203 minum
339 1130 487 1205 conuerti
511 1129 670 1217 uoluerit,
700 1157 761 1205 seu
785 1129 828 1203 ad
855 1129 1074 1229 profitendam
1100 1129 1293 1227 religionem

183 1245 219 1318 in
245 1246 484 1319 monasterium
511 1273 550 1320 se
574 1246 727 1321 eoulerre
742 1247 831 1341 (ti).

258 1361 335 1435 lure
359 1374 473 1435 autern¹
488 1387 639 1436 summos
657 1359 834 1459 pontiliess
852 1359 887 1433 in
905 1359 978 1434 suis
998 1359 1141 1435 decretis
1163 1360 1294 1439 innixos

185 1476 293 1555 inisse
317 1492 507 1552 sancitorum
531 1490 681 1549 veterum
706 1475 870 1575 exemplis
887 1475 1117 1564 ostendimus,
1138 1476 1295 1577 neoiplu·

185 1588 278 1664 ribus
295 1615 380 1690 epus
397 1606 461 1664 ost.
482 1590 532 1663 llx
549 1589 714 1664 eeclesiae
731 1589 1199 1690 porroapprobatione'patet
1215 1616 1294 1664 sen-

184 1719 277 1794 etus,
305 1705 365 1806 qui
390 1706 437 1779 ita
461 1723 717 1802 sogesserunt,
747 1718 862 1785 senote
886 1706 1022 1780 omnino
1042 1719 1075 1779 et
1091 1705 1134 1779 ed
1155 1722 1295 1804 evange

184 1820 269 1895 lieae
281 1820 365 1919 legis
384 1834 535 1895 normam
553 1845 594 1894 ea
611 1820 646 1893 in
660 1848 694 1895 re
707 1846 746 1895 ss
758 1821 925 1918 gessisse,
953 1836 1069 1919 utpote
1080 1821 1141 1920 qui
1157 1820 1293 1897 ooelesti

184 1935 344 2011 instinctu
370 1936 413 2010 ad
440 1935 477 2009 id
501 1935 626 2009 luerint
642 1936 801 2035 permoti,
822 1950 859 2009 ut
875 1934 1004 2035 antiqui
1022 1951 1135 2035 patres
1150 1933 1295 2036 loquun-

184 2066 257 2139 tur,
277 2050 398 2125 oeterie
415 2050 612 2126 huiusmodi
628 2050 815 2153 exemplum
835 2050 1033 2127 imitandum
1054 2067 1290 2152 proponentes.

256 2163 373 2238 Cetera
397 2190 485 2265 quae
509 2191 549 2239 es
576 2165 754 2241 traditione
777 2164 881 2239 obiici
910 2164 1037 2252 solent,
1064 2192 1201 2240 causam
1227 2192 1293 2241 uos

185 2279 366 2376 attingere,
380 2306 420 2353 ex
433 2292 474 2354 e'o
486 2279 609 2380 liquet,
625 2282 715 2381 quod
735 2307 802 2357 non
820 2297 935 2355 ratum·
949 2297 1088 2368 tantum,
1103 2281 1163 2356 sed
1182 2282 1294 2381 potius

186 2392 434 2469 matrimonium
450 2410 720 2471 consummatum
738 2395 936 2496 respiciunt,
956 2395 1144 2471 cuiusmodi
1164 2397 1296 2496 estepi-

183 2508 271 2583 stola
296 2535 325 2583 s.
348 2509 496 2608 Gregorii
522 2510 566 2582 ll.
585 2510 630 2583 ad
648 2511 873 2585 Theoutistem
888 2511 1081 2599 Patricium,
1101 2511 1137 2582 in
1158 2537 1227 2610 que
1247 2510 1297 2584 le·

183 2623 274 2720 gitur
286 2652 294 2697 :
305 2624 365 2696 «Si
381 2624 499 2701 dieunt
515 2649 620 2701 eausa
637 2624 809 2722 religionis
827 2623 984 2720 coniugia
997 2622 1120 2698 debere
1135 2623 1291 2710 dissolri,

184 2738 358 2813 seiendum
377 2755 452 2827 est,
470 2740 552 2839 quia
568 2739 632 2815 etsi
651 2739 715 2814 hoe
731 2738 784 2814 len
801 2739 950 2812 humana
970 2738 1156 2826 consessit,
1181 2739 1296 2815 divine

185 2850 239 2924 lex
255 2869 365 2927 tamen
385 2854 557 2955 prohibuit
576 2857 691 2952 (75).»
702 2855 744 2933 dt
755 2882 796 2929 ex
813 2855 974 2930 orationis
992 2854 1205 2953 serie'aperte
1217 2879 1297 2929 oon-

184 2980 253 3039 stat
277 2992 307 3039 s.
318 2969 512 3042 Pontificem
529 2968 621 3068 loqui
638 2970 682 3043 de
698 2969 912 3044 matrimonio
933 2983 1181 3055 consummato,
1206 2968 1296 3069 quod

187 3079 304 3181 utique
326 3082 369 3157 ob
387 3083 558 3182 religionis
575 3084 817 3185 professionem
836 3083 976 3159 dissolvi
994 3084 1105 3183 quoad
1126 3083 1296 3159 vinculum

188 3196 323 3296 nequit;
343 3198 451 3297 pergit
479 3198 568 3271 enim
596 3197 696 3297 poulo
726 3214 802 3298 post
833 3198 977 3272 adducta
1006 3197 1297 3272 verba:uSoimus

187 3308 268 3410 quia
294 3311 454 3411 seriptum
480 3328 552 3395 est:
573 3313 682 3385 Eruet
711 3313 774 3385 duo
801 3316 836 3385 iri
858 3340 954 3386 curse
982 3340 1060 3385 ono.
1082 3313 1116 3384 Si
1141 3338 1220 3410 ergo
1245 3313 1299 3386 vir

187 3443 220 3500 et
244 3453 328 3502 uxor
353 3454 420 3500 una
449 3454 527 3503 earo
553 3446 649 3515 sunt,
683 3446 716 3502 et
747 3428 922 3527 religionis
952 3455 1055 3504 eausa
1085 3429 1136 3502 vir
1161 3428 1299 3501 dimittit
1329 3432 1334 3445 ’

187 3569 345 3631 uxorem,
373 3543 425 3618 rel
450 3544 572 3618 mulier
594 3544 702 3619 uirum
736 3545 771 3617 in
801 3543 865 3619 hoo
894 3544 1019 3629 mundo
1051 3560 1293 3647 remanentem,

188 3656 359 3733 ueletiam
377 3659 522 3735 tortasse
537 3660 581 3735 ad
599 3659 721 3734 illicita
739 3660 954 3758 migrantem
975 3685 1062 3760 quae
1078 3676 1130 3734 est
1141 3660 1207 3743 ista
1223 3685 1298 3735 oon-

188 3773 319 3863 uersio,
349 3775 384 3848 iu
409 3801 478 3877 qua
499 3801 567 3848 una
592 3774 776 3874 eademque
793 3801 871 3848 caro
894 3791 927 3847 et
947 3802 988 3849 ex
1005 3790 1098 3876 parte
1115 3774 1234 3847 transit
1254 3773 1297 3847 ud

262 3960 381 4022 titinio.
397 3963 451 4012 vn.
467 3961 538 4027 epist.
554 3959 735 4013 medulam.
755 3964 816 4011 tum.
835 3962 866 4010 il.
883 3961 931 4013 eoi.
950 3964 1003 4010 sei.
1021 3959 1062 4010 ubi
1081 3959 1130 4023 agit
1148 3958 1179 4009 de
1199 3956 1298 4009 lsudeia

186 4037 274 4091 catelli
289 4052 384 4103 sorore,
400 4054 463 4104 qrrse
480 4041 578 4093 suidam
592 4039 715 4105 susurro
735 4054 792 4090 eum
812 4042 876 4091 esset
893 4041 1039 4105 desponsata
1048 4038 1149 4105 Neapoli
1170 4040 1196 4088 in
1215 4051 1298 4089 mons·

188 4119 290 4171 sterium
311 4132 338 4170 ss
360 4122 464 4173 eontulit
482 4122 515 4174 sd
534 4122 610 4173 ritum
634 4121 771 4186 religiosam
794 4120 955 4187 profitendum
979 4120 1086 4171 divinos
1102 4121 1299 4184 propitiationis

190 4202 334 4261 instinctu,
351 4202 446 4268 etipse
460 4203 577 4268 loquitur.
593 4200 642 4255 libi
658 4203 737 4255 obiter
752 4202 889 4254 nomadum
907 4201 1059 4252 sdversarius
1069 4214 1146 4266 seque
1156 4202 1298 4267 impugnare

189 4278 374 4334 dissolutionem
393 4282 500 4346 coniugii
521 4285 581 4347 rsii,
597 4298 627 4335 so
640 4282 792 4349 sponsalium
807 4283 840 4334 ob
856 4283 990 4347 ingressum
1003 4281 1029 4334 in
1043 4282 1192 4346 religionem.

261 4361 312 4423 (rs)
328 4360 381 4413 nio.
393 4362 435 4412 11.
445 4361 515 4425 epist.
528 4367 566 4414 it.
577 4362 666 4415 sdoit.
675 4363 724 4415 eol.
739 4370 805 4414 tiso.
