3234 5084
335 437 405 511 iii
488 458 549 509 ιιι.
572 458 619 509 ιιι.
641 458 727 509 socr.
750 458 879 508 ιιιιιιι.
902 458 941 509 or
954 457 1066 510 iuuiss.
1083 459 1178 510 ιιιτιι.
1200 457 1323 511 onunr.

334 604 431 665 nam,
454 577 545 650 iuxta
569 603 670 677 quam
695 576 816 651 mulier
840 576 992 651 adultera
1008 593 1082 667 est,
1102 605 1191 678 quae
1206 579 1339 652 vivente
1358 579 1446 668 vim,

334 692 387 765 cui
402 691 539 789 alligate
551 706 723 791 estusque
739 691 782 764 ad
799 690 875 765 eius
892 689 1040 779 obitum,
1061 690 1161 766 luerit
1177 716 1253 765 oum
1271 692 1337 767 alio
1354 692 1446 780 viro,

334 807 429 881 nulla
450 807 645 905 exceptione
669 806 757 880 lacta
778 808 868 903 (oi).

407 923 517 1023 Atque
539 939 576 996 ut
602 923 668 995 iam
697 922 891 1009 absolvam,
911 947 1000 1020 quae
1016 919 1059 994 ad
1078 920 1257 1018 Origenem
1275 938 1445 1021 spectant,

336 1039 413 1112 dico
439 1039 551 1137 ipsum
577 1038 714 1139 quidem
739 1037 909 1109 affirmare
928 1035 972 1109 oh
998 1034 1104 1109 solam
1130 1035 1383 1110 fornicationem
1408 1037 1449 1108 li-

336 1180 412 1227 cere
436 1180 595 1240 uxorem,
624 1168 657 1226 et
681 1152 818 1252 quidem
843 1152 877 1223 in
902 1167 1121 1251 perpetuum,
1143 1151 1331 1237 dimittere;
1352 1178 1451 1223 num-

336 1295 438 1369 quam
455 1295 535 1342 vero
551 1294 703 1342 asserere
720 1267 816 1341 uxori
834 1266 999 1340 dimissae
1014 1263 1058 1339 oh
1077 1263 1329 1338 fornicationem
1347 1264 1450 1338 licere

337 1383 432 1457 alteri
451 1382 597 1468 nubere,
619 1383 721 1455 immo
739 1381 941 1456 contrarimn
959 1395 1152 1453 constanter
1167 1380 1341 1454 adstruere
1358 1380 1451 1454 iuxte

336 1497 535 1572 catholicam
560 1496 766 1585 doctrinam,
795 1497 893 1570 cuius
918 1523 956 1572 se
980 1511 1179 1570 assertorem
1196 1511 1230 1569 et
1247 1511 1367 1570 testem
1393 1521 1454 1570 ex·

337 1609 448 1686 hibuit
467 1614 558 1709 (os).

821 1797 858 1895 p.
886 1797 956 1868 vn.

784 1999 822 2048 De
835 2011 856 2047 s.
869 1997 1001 2062 cypriano.

410 2165 460 2237 De
476 2190 505 2238 s.
519 2161 679 2263 Cypriani
697 2177 809 2236 mente
820 2187 887 2236 non
900 2161 1056 2261 estquod
1076 2162 1307 2260 ambigamus;
1327 2163 1452 2237 etenim

340 2294 599 2380 praeterquam
625 2277 716 2378 quod
747 2277 904 2378 nuspiam
934 2276 1113 2351 allirmavit
1139 2277 1242 2352 licere
1267 2277 1453 2378 aliquando

336 2394 411 2467 viro
427 2393 474 2465 ita
490 2390 660 2466 dimittere
676 2415 815 2464 uxorem
834 2417 952 2477 snam,
972 2406 1009 2464 ut
1026 2392 1135 2492 possit
1152 2390 1290 2465 alteram
1308 2392 1449 2481 ducere,

338 2523 453 2608 aperte
469 2515 717 2607 quamcumque
733 2505 1007 2582 dissolubilitatis
1025 2507 1214 2606 coniugalis
1225 2508 1352 2583 vinculi
1371 2535 1451 2583 oau-

337 2649 410 2697 sam
436 2619 594 2696 excludit.

409 2738 452 2810 lit
468 2735 604 2837 quidem
623 2737 659 2808 in
677 2735 763 2809 lihm
781 2736 1047 2810 Testimoniorum
1063 2735 1108 2809 od
1121 2735 1308 2823 Quirinum,
1330 2736 1365 2808 in
1383 2761 1453 2836 quo

336 2849 511 2950 pmlitetur
523 2874 560 2923 se
573 2865 751 2949 praecepta
764 2863 798 2922 et
809 2850 993 2923 sententias
1003 2850 1248 2950 Scripturarum
1258 2850 1448 2948 collegisse,

338 2991 415 3039 oum
433 2962 645 3064 pervenitad
663 2964 896 3064 exponendam
913 2964 1039 3038 Christi
1057 2965 1243 3040 doctrinam
1259 2965 1350 3039 circa
1379 2991 1451 3039 ma-

339 3079 554 3167 trimonium,
582 3105 656 3153 eam
682 3080 799 3181 paucis
826 3080 881 3156 his
905 3081 1018 3156 uerbis
1043 3081 1237 3181 complexus
1263 3082 1453 3156 ostquo-

339 3221 407 3269 rem
425 3222 446 3269 a
461 3195 534 3272 viro
552 3221 618 3269 non
636 3194 810 3286 recodere,
836 3213 895 3271 aut
912 3197 943 3270 si
962 3197 1158 3285 recesserit,
1186 3197 1359 3297 innuptam
1381 3222 1455 3271 ma-

337 3337 433 3398 nere;
455 3310 579 3385 Paulus
604 3311 648 3385 ad
673 3311 883 3386 Corinthios:
905 3312 948 3387 iis
981 3329 1114 3400 eutem,
1148 3314 1206 3414 qui
1241 3328 1449 3413 nupserunt,

336 3427 509 3527 praecipio
534 3454 600 3502 non
625 3453 687 3526 ego
711 3427 772 3502 sed
797 3427 980 3516 Dominus,
1009 3454 1146 3502 uxorem
1171 3455 1192 3501 a
1215 3427 1289 3502 viro
1314 3453 1381 3501 non
1399 3453 1453 3501 se-

340 3544 476 3643 parari,
505 3543 535 3618 si
562 3559 670 3617 autem
705 3543 897 3631 recesserit,
932 3570 1068 3618 manere
1096 3544 1293 3644 innuptam,
1327 3558 1385 3617 aut
1404 3568 1454 3616 re

410 3763 461 3828 (52)
477 3763 593 3828 Apposite
609 3764 664 3815 Not.
677 3763 794 3814 Alexand.
803 3762 891 3814 Theoi.
902 3762 987 3828 duom.
1000 3762 1044 3813 lib.
1053 3765 1086 3813 li.
1095 3765 1132 3814 lie
1145 3764 1225 3813 metr.
1235 3775 1305 3826 prop.
1317 3769 1340 3813 2.
1351 3760 1383 3812 ed
1394 3762 1455 3813 heac

338 3857 402 3909 quse
419 3843 467 3894 sibi
483 3843 574 3894 obiecit
592 3843 704 3906 origenis
723 3842 816 3907 verbe,
832 3856 896 3907 resp.
909 3847 1021 3895 «verum
1032 3841 1148 3906 origenes
1156 3842 1250 3906 priscos
1259 3842 1316 3893 iilos
1325 3843 1453 3907 episcopos

338 3924 424 3973 contre
443 3921 594 3985 scripturam
610 3921 749 3985 permisisse
766 3921 817 3984 uit,
834 3921 950 3972 dimissis
960 3920 1114 3985 contuemur
1126 3919 1271 3983 adulteris,
1281 3920 1337 3972 eliis
1347 3920 1453 3983 nubem

338 4003 379 4053 rei
391 4001 561 4066 permiserunt,
573 4000 599 4052 id
610 4005 647 4054 est
657 4001 806 4066 impunitum
823 4001 984 4065 reliquerunt,
995 4000 1028 4052 ob
1037 4002 1150 4065 graviore
1163 4002 1228 4052 melu
1238 4001 1354 4065 mtends,
1364 4000 1408 4053 sed
1418 4003 1455 4053 te·

338 4096 454 4135 mennon
465 4082 658 4148 approbarunt.»

411 4165 461 4226 (oo)
476 4165 528 4214 lieo
540 4163 602 4215 ioris
614 4162 646 4214 ds
658 4175 734 4214 musa
746 4165 784 4213 lo.
796 4162 939 4214 Gerhsrdus
949 4162 1013 4213 inter
1027 4164 1143 4227 patronos
1154 4162 1317 4214 divortiorum
1326 4163 1455 4226 origenem

340 4255 390 4295 noo
410 4244 539 4296 recensuit.
552 4245 654 4308 insopor
665 4257 695 4296 es
706 4242 781 4296 dictis
794 4243 876 4295 elucet
890 4256 965 4307 quam
979 4242 1041 4294 laiso
1052 4242 1158 4294 eiflrmet
1167 4244 1291 4295 Leunoius
1303 4263 1315 4287 a
1323 4241 1390 4307 quod
1400 4243 1454 4293 Ori·

338 4338 411 4389 genos
422 4325 606 4377 matrimonium
615 4327 715 4391 propter
726 4324 842 4376 eduiteril
854 4323 947 4376 crimen
959 4324 1042 4375 dirimi
1051 4327 1121 4389 putet
1131 4325 1201 4375 iusta
1209 4324 1384 4390 scripturam.»
1392 4326 1455 4375 Num

339 4402 455 4468 Origenes
463 4404 602 4469 oppositum
614 4404 721 4467 prsecise
731 4403 812 4454 docet.
