3234 5084
272 464 746 529 oxr.rr.uxnrss.uurn.ntrr,
762 464 1143 517 nonsummum.
1204 441 1276 513 tta

165 585 408 688 plenitudinem
420 583 651 685 amplissimae
663 583 742 657 illae
750 608 791 657 ac
800 580 1159 657 illimitataelormulae
1168 583 1277 682 expri-

164 718 259 777 munt
282 701 409 802 quibus
434 700 510 798 ipse
532 725 618 773 usus
642 716 695 773 est
717 697 762 773 ad
788 698 877 772 hauc
902 713 1098 799 potestatem
1123 696 1155 770 ei
1185 721 1278 770 com·

163 815 416 891 municandem:
437 811 667 913 Quodcumque
688 813 863 912 liposcrtit,
884 809 1103 911 quodcumque
1120 810 1275 896 coluerim·

163 930 265 1005 item:
284 930 388 1001 Posce
404 952 505 1026 opnor
521 952 622 1011 mcor,
638 953 737 1025 posce
754 952 828 999 coes
843 951 943 999 tneor.
956 925 1029 998 Nisi
1047 924 1149 1021 igitur
1165 940 1279 1000 caten-

163 1045 264 1118 detur
287 1042 437 1143 exceptio
463 1057 617 1143 resmotu
639 1041 843 1116 matrimonii
868 1040 961 1127 rati,
994 1038 1278 1139 quemadmodum

163 1174 294 1234 constet
319 1159 353 1230 in
378 1158 593 1233 matrimonio
618 1157 769 1231 fidelium
785 1171 1017 1231 consummato
1033 1179 1166 1228 omnem
1186 1178 1279 1228 exce-

164 1273 312 1372 ptionem
340 1271 493 1360 excludi,
527 1272 698 1346 etiamad
727 1271 820 1344 illiue
850 1270 1051 1345 solutionem
1081 1283 1278 1369 potestatem

165 1389 261 1463 Petro
286 1388 439 1464 collatam
466 1389 619 1489 protendi
649 1387 830 1462 dicendum
856 1402 923 1473 est,
952 1401 1051 1486 prout
1075 1384 1189 1484 reipsa
1205 1409 1281 1484 pro·

163 1504 311 1579 tenditur
333 1503 377 1577 ad
403 1503 603 1579 solutionem
627 1502 696 1578 voti
722 1502 885 1576 solemnis
902 1517 961 1574 aut
976 1500 1169 1573 iuramenti.
1191 1500 1280 1596 Ergo

162 1619 258 1694 Rem.
280 1619 448 1719 pontifex,
476 1619 535 1719 qui
556 1618 671 1692 divino
696 1617 770 1690 iure
793 1618 829 1689 in
848 1617 913 1691 bac
935 1615 1111 1716 potestatis
1134 1614 1281 1716 plenitu-

163 1733 243 1808 dine
252 1736 348 1808 Petro
365 1732 530 1818 succedit,
547 1732 582 1805 id
595 1733 707 1831 ipsum
725 1746 897 1831 praestare
914 1755 1015 1830 posse
1029 1728 1195 1803 dicendus
1211 1744 1275 1802 est.

234 1848 403 1923 Romanus
421 1861 594 1947 praeterea
611 1843 760 1945 pontifex
777 1860 893 1944 utpote
915 1869 1094 1943 supremus
1115 1843 1151 1915 in
1173 1841 1280 1917 cocle-

164 1962 219 2049 sia
240 1960 356 2036 doctor
378 1976 414 2034 et
436 1986 608 2035 sacrarum
633 1961 880 2060 scripturarum
908 1959 1049 2060 perinde
1072 1984 1113 2032 ac
1143 1958 1281 2033 divinae

166 2074 357 2151 traditionis
386 2075 567 2175 interpres,
600 2074 716 2149 divine
745 2072 881 2149 oracula
897 2100 987 2174 quae
1009 2090 1089 2148 sunt
1110 2074 1154 2147 de
1175 2072 1282 2146 firmi·

166 2206 234 2265 tato
249 2190 414 2288 coniugii,
435 2188 598 2263 intellexit
613 2214 690 2263 oum
707 2190 903 2289 exceptione
920 2190 956 2261 in
974 2188 1203 2289 peculiaribus
1220 2214 1278 2262 ca·

164 2304 262 2380 sibus
285 2300 399 2406 quoad
423 2304 635 2387 matrimonia
660 2320 743 2378 rata.
766 2304 907 2390 Quoties
924 2304 1066 2406 proinde
1084 2305 1109 2376 ii
1126 2304 1281 2379 incidunt

163 2446 266 2494 casus
289 2420 325 2493 in
346 2419 472 2520 quibus
499 2419 602 2492 iidem
632 2419 810 2519 pontifices
840 2418 1154 2518 deprehenderunt,
1187 2420 1278 2520 qood

164 2535 232 2610 nisi
250 2534 417 2610 eiusmodi
435 2534 592 2632 coniugia
609 2534 792 2623 solverent,
813 2534 996 2635 plurimum
1013 2536 1204 2610 detrimenti
1220 2535 1279 2608 ob

163 2650 292 2724 veniret
307 2650 342 2721 in
360 2651 548 2725 animarum
566 2651 766 2749 perniciem,
784 2650 947 2725 scandala
963 2651 1102 2752 insuper
1117 2650 1281 2750 gravissi-

166 2788 239 2851 ma,
259 2761 394 2864 aliaque
412 2789 479 2839 non
506 2763 635 2838 minora
660 2763 873 2839 incommoda
893 2765 1077 2853 orirentur,
1097 2766 1198 2841 toties
1215 2766 1280 2839 hac

162 2878 425 2954 extraordinarie
449 2894 613 2980 potestate
633 2879 687 2954 usi
713 2897 794 2954 eunt
813 2882 927 2978 (118).

236 2993 303 3067 alii
329 2995 481 3069 eamdem
501 2995 676 3071 adstruere
700 2996 854 3071 nituntur
870 2996 1057 3073 doctrinam
1082 3024 1122 3073 ex
1148 2998 1280 3097 signifi·

163 3107 294 3182 catione
320 3110 521 3185 matrimonii
547 3111 630 3199 rati,
659 3137 762 3212 quam
783 3112 953 3187 diversam
984 3139 1061 3188 esse
1089 3112 1208 3188 dicunt
1236 3113 1280 3186 ab

163 3249 204 3297 ea
221 3249 324 3324 quem
346 3222 448 3299 hebet
467 3225 717 3300 matrimonium
741 3242 1026 3315 consummatum,
1054 3244 1155 3328 prout
1178 3227 1281 3328 paulo

167 3352 245 3411 ante
270 3338 499 3437 exposuimus.
521 3340 590 3413 Nos
615 3338 703 3413 ultro
727 3338 894 3414 eiusmodi
920 3340 1185 3438 significationes
1212 3369 1281 3417 ma·

163 3450 309 3527 trimonii
327 3450 535 3526 admittimus
552 3477 629 3525 cum
646 3454 816 3527 communi
834 3453 1008 3528 doctorum
1025 3455 1200 3553 suffragio.
1221 3457 1280 3531 vs

163 3582 349 3642 rumtamen
373 3565 438 3642 hoc
463 3581 696 3666 argumentum
723 3593 763 3642 ex
786 3568 921 3643 diverse
948 3569 1196 3667 significatione
1221 3598 1279 3672 pe·

165 3680 261 3754 titum
286 3707 353 3757 non
378 3681 464 3755 adeo
495 3682 627 3755 firmum
656 3682 806 3770 videtur,
838 3699 876 3755 ut
904 3683 935 3756 ei
964 3683 1061 3757 inniti
1093 3686 1276 3785 possimus.

237 3938 303 4000 (tte)
321 3939 448 3993 xtmmodt
462 3940 595 3993 ueoemus
613 3941 766 3993 manifestius
783 3942 915 4007 apparebat
933 3945 1065 4008 remquam
1083 3944 1216 3997 concilium
1233 3945 1277 3997 trt-

161 4015 291 4073 muron
302 4018 401 4073 dctmto
411 4033 458 4073 eno
471 4020 542 4075 lrritr
553 4020 652 4073 lcdsset
662 4021 818 4077 dudeco·
829 4024 994 4075 metrlnonte
1006 4028 1054 4077 Per
1064 4026 1125 4077 baec
1133 4026 1200 4077 mim
1209 4039 1282 4091 saepe

162 4095 251 4159 flebat,
267 4098 296 4147 ut
312 4098 427 4164 ecclesia,
444 4116 507 4166 quae
525 4115 575 4154 aon
595 4102 689 4154 iudicet
704 4103 736 4155 de
752 4103 874 4169 laternis,
892 4107 990 4159 deberat
1005 4107 1100 4159 sanclre
1119 4107 1218 4173 publice
1229 4122 1280 4159 me·

160 4177 292 4241 trtrnonte,
311 4190 375 4243 quae
392 4180 460 4232 natta
478 4185 549 4234 eraut
567 4186 593 4236 et
611 4180 792 4236 edulterlneob
804 4186 1008 4251 impedtmentum
1030 4187 1153 4252 figantur
1169 4201 1199 4239 ex
1213 4188 1278 4241 dan·

163 4256 258 4316 thetin
279 4260 352 4311 nutu
372 4258 435 4310 tulto
452 4262 568 4328 comuglo
587 4264 609 4315 st
624 4264 804 4318 retensum
821 4266 996 4333 mucha,
1009 4268 1106 4334 poterat
1125 4272 1279 4335 rorem·

161 4333 200 4385 lex
220 4335 282 4386 illud
299 4336 448 4400 dissolvere,
464 4342 489 4390 et
504 4340 550 4392 trac
569 4342 665 4395 radone
682 4343 784 4396 novum
803 4344 912 4398 nnllltetl
931 4347 1074 4412 posterioris
1088 4349 1239 4401 metrlmoult
1253 4350 1278 4401 tr

160 4414 222 4466 [wie
232 4417 348 4469 statutas
359 4417 474 4480 celebrati
486 4421 529 4470 aut
537 4419 684 4474 celebrandi.
691 4424 763 4482 Quod
772 4425 882 4490 prolecto
891 4427 944 4478 lere
953 4441 1002 4480 non
1012 4431 1065 4481 eret
1074 4431 1276 4482 emolumenturn.
