3234 5084
347 460 1174 516 ιιι.ιιιιιιιιιιιιιιιιιιιιιιιιιι.ιιιι.ιιι.ι.
1259 444 1333 516 tot

212 582 359 657 nominis
377 576 579 657 solutionem
597 580 738 682 intelligi
750 613 758 672 ;
772 578 858 659 oum
875 578 974 660 seona
992 584 1165 673 lustinus,
1186 585 1216 659 si
1235 585 1333 661 libel-

212 698 264 773 lus
280 690 423 800 ¹repudii
450 692 521 773 boo
540 696 645 773 sensu
662 694 822 801 adreptus
838 699 893 774 vel
913 696 1040 774 Christi
1057 700 1258 799 Evangelio,
1277 702 1333 776 vel

212 806 417 915 disciplinae
442 808 705 888 christianorum
730 814 922 914 primitivae
936 810 1150 893 ,ιοιιιιειιιιιιιι
1172 816 1255 916 quid
1271 818 1334 891 im·

213 948 395 1034 portasset,
411 924 567 1005 eumdem
581 933 656 1005 sine
669 924 773 1006 dubio
787 933 1058 1032 reprehensurus
1073 934 1193 1008 fnisset
1213 930 1330 1031 (28);r

212 1064 281 1136 aut,
301 1038 340 1122 ut
356 1048 414 1120 alii
435 1048 618 1135 adiiciunt,
648 1044 767 1123 saltem
793 1049 956 1122 insertum
983 1074 1060 1123 esse
1079 1076 1159 1123 num
1182 1046 1331 1125 lustinus

212 1163 394 1264 perlectum
424 1163 637 1252 divortium,¹
652 1164 706 1238 vel
731 1180 861 1238 tantum
887 1166 1135 1265 separationem
1157 1193 1178 1241 a
1202 1184 1274 1243 toro
1298 1184 1332 1242 et

211 1278 421 1353 habitatione
434 1279 634 1353 intellexerit
645 1280 890 1381 (29);insuper
903 1306 1041 1354 narrare
1053 1282 1191 1382 quidem
1204 1309 1332 1357 smar-

210 1412 318 1495 tyrem
344 1396 519 1469 mulierem
545 1395 637 1468 illam
663 1398 707 1469 ad
733 1424 838 1473 novas
864 1425 931 1471 non
958 1398 1135 1471 transiisse
1167 1398 1326 1497 nuptias,

209 1538 276 1586 non
304 1526 415 1586 autem
441 1512 627 1586 inficiatum
647 1540 724 1589 esse
743 1516 797 1588 ius
820 1515 863 1588 ad
885 1515 963 1590 illas
985 1514 1166 1588 habuisse·
1159 1514 1326 1615 ,quod
1298 1540 1328 1589 sr

209 1630 282 1703 iure
298 1629 362 1703 boo
383 1657 450 1705 uon
476 1647 528 1737 est
547 1657 632 1739 usa,
654 1616 873 1733 repetendum
892 1632 927 1706 id
945 1656 1022 1707 esse
1039 1660 1081 1707 ex
1098 1632 1189 1707 illius
1207 1632 1329 1706 aetatis

208 1743 409 1846 disciplina,
438 1730 530 1820 inita
555 1774 657 1848 quam
676 1749 776 1847 primi
802 1748 921 1824 fideles
948 1775 968 1822 a
994 1747 1153 1823 secundis
1179 1747 1325 1846 nuptiis,

207 1861 307 1934 etiam
321 1861 478 1935 defuncto
491 1861 650 1937 alterutro
663 1864 823 1962 coniuge,
840 1864 1066 1938 abhorrebant
1082 1867 1171 1961 (30).
1184 1864 1328 1936 Domum

206 1978 372 2053 lustinum
397 1979 432 2050 ιιι
458 2006 580 2078 genere
601 1994 730 2054 tantum
756 1982 799 2055 de
823 1982 967 2056 divortio
984 1998 1064 2056 esse'
1078 1983 1246 2069 locutum,
1269 2006 1328 2053 ne-

203 2120 270 2193 que
285 2094 489 2168 adulterium
507 2080 805 2201 commemorasse,
828 2098 981 2229 adeoque
999 2123 1175 2229 perperam
1192 2094 1236 2168 ad
1254 2084 1325 2168 rein

203 2226 352 2285 nostram
370 2210 513 2309 proferri
527 2211 570 2284 de
587 2194 889 2287 indissolubilitate
906 2214 1054 2321 coniugii
1073 2214 1108 2284 in
1125 2236 1209 2286 easu
1227 2210 1325 2285 adul·

201 2326 294 2414 terii,
315 2353 393 2400 cum
411 2353 522 2429 quo
497 2325 583 2398 nihil
601 2353 778 2401 commune
791 2327 894 2401 habet
907 2327 963 2402 hie
975 2326 1099 2435 lustini
1117 2328 1213 2401 loeus
1231 2329 1321 2423 (31)

272 2443 400 2517 llaec
370 2472 544 2546 ,inquam
562 2424 717 2520 anobis
708 2472 775 2517 ram
791 2430 1036 2546 praeoccupata
1044 2459 1141 2532 su‚nt
1154 2470 1216 2519 nec
1229 2443 1327 2516 mini

201 2585 294 2633 mum
306 2558 491 2633 laedunt
460 2586 527 2633 vrm
542 2559 664 2663 allatae
678 2561 887 2634 auctoritatis
901 2586 962 2661 pro
978 2585 1014 2634 re
1026 2558 1205 2633 catholiea
1217 2559 1327 2659 Siqui-

200 2674 290 2762 dem,
308 2691 406 2775 prout
419 2671 670 2779 adnotavimus,
687 2675 811 2748 mulier
823 2662 881 2747 illa
895 2660 1046 2783 libellum
1059 2672 1194 2783 divortii
1207 2675 1325 2787 utique

203 2788 349 2863 deditis
369 2791 442 2864 loro
464 2789 600 2890 politico
619 2791 664 2862 ad
681 2791 928 2890 praescriptum
951 2789 1034 2862 iuris
1058 2789 1204 2877 romani,
1231 2788 1326 2861 iuxta

204 2905 296 3021 quod
315 2905 413 3005 plene
431 2906 680 2980 dissolvebatur
698 2906 912 3011 coniugium,
929 2905 1016 3016 sed
1008 2933 1042 2978 ιιι
1062 2906 1133 2980 loro
1150 2904 1325 2980 eonsoien·

202 3014 270 3092 tiae
290 3046 328 3094 se
349 3021 582 3121 attemperavit
598 3019 664 3118 legi
682 3021 908 3111 christianae,
929 3008 1027 3095 ouius
1051 3021 1175 3094 eximia
1200 3019 1322 3094 cultrix

201 3134 276 3222 luit,
293 3162 381 3236 quae
393 3153 495 3223 vetat
511 3152 645 3211 vivente
657 3136 761 3211 altero
775 3163 932 3235 coniuge
946 3163 1051 3211 novas
1069 3164 1156 3210 rnrre
1168 3152 1319 3236 nuptus,

200 3272 262 3325 neo
286 3278 373 3353 opus
400 3251 542 3352 proinde
567 3265 638 3326 erat
661 3250 944 3352 reprehensione,
969 3269 1006 3324 ut
1025 3268 1177 3326 autumat
1193 3253 1324 3360 launo-

200 3365 265 3439 ius.
277 3367 427 3440 Dubium
440 3392 520 3441 vero
534 3395 594 3441 seu
609 3368 849 3468 suspicionem,
863 3395 966 3469 quam
979 3366 1037 3440 alii
1052 3382 1198 3454 movent,
1209 3384 1322 3440 utrum

199 3482 242 3556 de
259 3484 407 3582 partiali,
424 3500 484 3557 aut
495 3485 537 3558 de
551 3483 644 3558 totali
662 3484 808 3558 divortio
827 3483 957 3557 loeutus
973 3484 1060 3557 sits.
1075 3485 1238 3571 lustinus,
1253 3482 1323 3555 dis·

201 3598 336 3674 solvunt
352 3626 514 3700 expressa
529 3601 632 3675 verba
649 3600 693 3673 de
711 3601 926 3700 separatione
944 3598 1052 3699 quood
1070 3615 1174 3672 totum
1186 3600 1321 3671 vietum

272 3845 325 3909 (as)
341 3847 380 3895 De
392 3848 466 3909 rapto
478 3847 507 3896 tn
520 3846 639 3895 matrim.
648 3846 742 3908 potest.
753 3846 818 3908 opp.
830 3842 869 3894 od.
882 3842 970 3894 colon.
978 3840 1102 3906 anatrog.
1114 3843 1175 3894 tom.
1189 3842 1209 3891 Ι.
1221 3853 1274 3905 par.
1286 3843 1318 3891 ll.

198 3935 254 3987 m
264 3930 321 4067 stibl
337 4004 375 4055 lta
387 4002 514 4068 Pooelloe
530 4003 649 4055 ltocteru.
661 4004 729 4054 Linz.
744 4009 813 4055 rste.

270 4083 320 4148 (3⁰)
336 4085 373 4134 lta
383 4084 559 4135 Wartmelster
570 4085 596 4133 in
607 4096 648 4149 op.
659 4097 734 4147 germ.
748 4086 839 4134 Novae
848 4084 1031 4147 inquietiones
1039 4083 1112 4133 eirca
1120 4079 1320 4132 torrentiorem

194 4166 358 4214 motrmontt
372 4164 462 4228 ouoad
477 4163 617 4215 otriculum
630 4167 711 4215 usto
724 4165 859 4228 prerupta
869 4161 967 4213 cathol.
977 4168 1122 4225 lenones.
1130 4168 1168 4213 86.
1180 4168 1233 4213 169.
1240 4163 1319 4219 Quem

194 4246 294 4295 soeutns
304 4247 342 4295 est
354 4245 437 4295 carol.
449 4248 486 4295 De
495 4245 601 4295 Lassus
615 4245 640 4294 in
652 4244 798 4295 Concordia
815 4244 903 4307 upum
915 4242 1005 4306 qolttc.
1020 4246 1092 4292 circa
1103 4240 1224 4292 urrrotut.
1236 4244 1316 4292 matr.

194 4334 256 4374 cum
271 4323 351 4375 verbo
366 4326 416 4374 Det
431 4326 457 4374 et
471 4337 550 4375 nasu
565 4323 703 4375 catholico.
717 4323 820 4375 cobleu.
835 4330 903 4375 rate.
916 4335 940 4386 p.
957 4328 1009 4372 115.

267 4404 317 4469 (ιι)
328 4402 459 4468 Pueriles
473 4403 583 4468 tmolus.
600 4404 741 4457 υιιιιιιιοι.
752 4404 841 4455 Ultuse
857 4410 925 4455 tstr.
936 4414 992 4467 pag.
1006 4408 1044 4453 tt).
1123 4460 1126 4465 ,
