<?xml version="1.0" encoding="UTF-8"?>
<!DOCTYPE html PUBLIC "-//W3C//DTD XHTML 1.0 Transitional//EN"
    "http://www.w3.org/TR/xhtml1/DTD/xhtml1-transitional.dtd">
<html xmlns="http://www.w3.org/1999/xhtml" xml:lang="en" lang="en">
 <head>
  <title>
</title>
<meta http-equiv="Content-Type" content="text/html;charset=utf-8" />
  <meta name='ocr-system' content='tesseract 3.04.00' />
  <meta name='ocr-capabilities' content='ocr_page ocr_carea ocr_par ocr_line ocrx_word'/>
</head>
<body>
  <div class='ocr_page' id='page_1' title='image "./dematrimoniochr03perrgoog_0488.png"; bbox 0 0 3234 5084; ppageno 0'>
   <div class='ocr_carea' id='block_1_1' title="bbox 349 434 1315 505">
    <p class='ocr_par' dir='ltr' id='par_1_1' title="bbox 349 434 1315 505">
     <span class='ocr_line' id='line_1_1' title="bbox 349 434 1315 505; baseline -0.005 -2"><span class='ocrx_word' id='word_1_1' title='bbox 349 434 416 503; x_wconf 78' lang='lat' dir='ltr'>tat</span> <span class='ocrx_word' id='word_1_2' title='bbox 490 451 866 505; x_wconf 68' lang='lat' dir='ltr'>natumnatum.</span> <span class='ocrx_word' id='word_1_3' title='bbox 885 453 923 502; x_wconf 86' lang='lat' dir='ltr'>ue</span> <span class='ocrx_word' id='word_1_4' title='bbox 942 452 1053 501; x_wconf 87' lang='lat' dir='ltr'>rnnrss.</span> <span class='ocrx_word' id='word_1_5' title='bbox 1071 451 1166 501; x_wconf 79' lang='lat' dir='ltr'>utra.</span> <span class='ocrx_word' id='word_1_6' title='bbox 1186 452 1315 502; x_wconf 76' lang='lat' dir='ltr'>annisa.</span> 
     </span>
    </p>
   </div>
   <div class='ocr_carea' id='block_1_2' title="bbox 335 568 1468 4435">
    <p class='ocr_par' dir='ltr' id='par_1_2' title="bbox 335 568 1468 4435">
     <span class='ocr_line' id='line_1_2' title="bbox 348 568 1467 671; baseline -0.002 -25"><span class='ocrx_word' id='word_1_7' title='bbox 348 575 411 648; x_wconf 91' lang='lat' dir='ltr'>tior</span> <span class='ocrx_word' id='word_1_8' title='bbox 436 574 529 646; x_wconf 87' lang='lat' dir='ltr'>fieret</span> <span class='ocrx_word' id='word_1_9' title='bbox 553 571 594 643; x_wconf 93' lang='lat' dir='ltr'>de</span> <span class='ocrx_word' id='word_1_10' title='bbox 624 570 850 671; x_wconf 84' lang='lat' dir='ltr'>profitentium</span> <span class='ocrx_word' id='word_1_11' title='bbox 881 570 1051 643; x_wconf 80' lang='lat' dir='ltr'>voluntate</span> <span class='ocrx_word' id='word_1_12' title='bbox 1075 594 1115 643; x_wconf 90' lang='lat' dir='ltr'>ac</span> <span class='ocrx_word' id='word_1_13' title='bbox 1144 568 1396 669; x_wconf 84' lang='lat' dir='ltr'>dispositione,</span> <span class='ocrx_word' id='word_1_14' title='bbox 1430 588 1467 644; x_wconf 94' lang='lat' dir='ltr'>ut</span> 
     </span>
     <span class='ocr_line' id='line_1_3' title="bbox 347 685 1463 790; baseline -0.004 -28"><span class='ocrx_word' id='word_1_15' title='bbox 347 688 454 790; x_wconf 87' lang='lat' dir='ltr'>possit</span> <span class='ocrx_word' id='word_1_16' title='bbox 475 687 517 760; x_wconf 91' lang='lat' dir='ltr'>iis</span> <span class='ocrx_word' id='word_1_17' title='bbox 544 686 756 785; x_wconf 77' lang='lat' dir='ltr'>privilegium</span> <span class='ocrx_word' id='word_1_18' title='bbox 777 711 798 759; x_wconf 96' lang='lat' dir='ltr'>a</span> <span class='ocrx_word' id='word_1_19' title='bbox 822 685 956 759; x_wconf 84' lang='lat' dir='ltr'>Christo</span> <span class='ocrx_word' id='word_1_20' title='bbox 975 709 1175 761; x_wconf 89' lang='lat' dir='ltr'>concessum</span> <span class='ocrx_word' id='word_1_21' title='bbox 1195 685 1319 758; x_wconf 82' lang='lat' dir='ltr'>lavere.</span> <span class='ocrx_word' id='word_1_22' title='bbox 1341 685 1392 777; x_wconf 86' lang='lat' dir='ltr'>Eo</span> <span class='ocrx_word' id='word_1_23' title='bbox 1411 686 1463 758; x_wconf 81' lang='lat' dir='ltr'>uel</span> 
     </span>
     <span class='ocr_line' id='line_1_4' title="bbox 346 798 1468 899; baseline -0.004 -24"><span class='ocrx_word' id='word_1_24' title='bbox 346 801 454 899; x_wconf 80' lang='lat' dir='ltr'>magis</span> <span class='ocrx_word' id='word_1_25' title='bbox 471 801 576 899; x_wconf 86' lang='lat' dir='ltr'>.qund</span> <span class='ocrx_word' id='word_1_26' title='bbox 601 799 743 874; x_wconf 87' lang='lat' dir='ltr'>ecclesia</span> <span class='ocrx_word' id='word_1_27' title='bbox 767 827 788 873; x_wconf 90' lang='lat' dir='ltr'>a</span> <span class='ocrx_word' id='word_1_28' title='bbox 813 799 947 873; x_wconf 83' lang='lat' dir='ltr'>(lhristo</span> <span class='ocrx_word' id='word_1_29' title='bbox 974 814 1171 899; x_wconf 84' lang='lat' dir='ltr'>potestatem</span> <span class='ocrx_word' id='word_1_30' title='bbox 1205 798 1396 898; x_wconf 82' lang='lat' dir='ltr'>acceperit,</span> <span class='ocrx_word' id='word_1_31' title='bbox 1430 816 1468 871; x_wconf 88' lang='lat' dir='ltr'>nt</span> 
     </span>
     <span class='ocr_line' id='line_1_5' title="bbox 346 913 1462 1011; baseline -0.005 -21"><span class='ocrx_word' id='word_1_32' title='bbox 346 942 409 990; x_wconf 86' lang='lat' dir='ltr'>auo</span> <span class='ocrx_word' id='word_1_33' title='bbox 432 915 507 989; x_wconf 91' lang='lat' dir='ltr'>loco</span> <span class='ocrx_word' id='word_1_34' title='bbox 530 914 760 1001; x_wconf 81' lang='lat' dir='ltr'>ostendimus,</span> <span class='ocrx_word' id='word_1_35' title='bbox 789 913 985 986; x_wconf 89' lang='lat' dir='ltr'>moderandi</span> <span class='ocrx_word' id='word_1_36' title='bbox 1014 928 1219 987; x_wconf 88' lang='lat' dir='ltr'>contractum</span> <span class='ocrx_word' id='word_1_37' title='bbox 1252 913 1462 1011; x_wconf 83' lang='lat' dir='ltr'>coniugalem</span> 
     </span>
     <span class='ocr_line' id='line_1_6' title="bbox 346 1029 1459 1127; baseline -0.004 -23"><span class='ocrx_word' id='word_1_38' title='bbox 346 1031 530 1104; x_wconf 82' lang='lat' dir='ltr'><strong>naturalem</strong></span> <span class='ocrx_word' id='word_1_39' title='bbox 547 1030 595 1103; x_wconf 91' lang='lat' dir='ltr'>uti</span> <span class='ocrx_word' id='word_1_40' title='bbox 612 1030 786 1103; x_wconf 81' lang='lat' dir='ltr'>materiam</span> <span class='ocrx_word' id='word_1_41' title='bbox 803 1029 988 1127; x_wconf 76' lang='lat' dir='ltr'>proximam</span> <span class='ocrx_word' id='word_1_42' title='bbox 1007 1029 1205 1102; x_wconf 87' lang='lat' dir='ltr'>sacramenti</span> <span class='ocrx_word' id='word_1_43' title='bbox 1230 1029 1459 1109; x_wconf 81' lang='lat' dir='ltr'>matrimonii,</span> 
     </span>
     <span class='ocr_line' id='line_1_7' title="bbox 344 1143 1461 1247; baseline -0.004 -29"><span class='ocrx_word' id='word_1_44' title='bbox 344 1172 385 1219; x_wconf 86' lang='lat' dir='ltr'>ee</span> <span class='ocrx_word' id='word_1_45' title='bbox 409 1171 570 1247; x_wconf 76' lang='lat' dir='ltr'>pemonas</span> <span class='ocrx_word' id='word_1_46' title='bbox 595 1145 689 1243; x_wconf 90' lang='lat' dir='ltr'>ipsas</span> <span class='ocrx_word' id='word_1_47' title='bbox 717 1143 885 1217; x_wconf 90' lang='lat' dir='ltr'>inhabiles</span> <span class='ocrx_word' id='word_1_48' title='bbox 916 1143 1077 1217; x_wconf 92' lang='lat' dir='ltr'>reddendi</span> <span class='ocrx_word' id='word_1_49' title='bbox 1108 1144 1153 1217; x_wconf 93' lang='lat' dir='ltr'>ad</span> <span class='ocrx_word' id='word_1_50' title='bbox 1183 1143 1461 1217; x_wconf 88' lang='lat' dir='ltr'>contrahendum.</span> 
     </span>
     <span class='ocr_line' id='line_1_8' title="bbox 418 1259 1465 1360; baseline -0.003 -26"><span class='ocrx_word' id='word_1_51' title='bbox 418 1262 519 1336; x_wconf 86' lang='lat' dir='ltr'>Hisce</span> <span class='ocrx_word' id='word_1_52' title='bbox 535 1259 744 1344; x_wconf 84' lang='lat' dir='ltr'>enucleatis,</span> <span class='ocrx_word' id='word_1_53' title='bbox 774 1286 917 1358; x_wconf 91' lang='lat' dir='ltr'>pronum</span> <span class='ocrx_word' id='word_1_54' title='bbox 943 1259 1011 1332; x_wconf 89' lang='lat' dir='ltr'>iam</span> <span class='ocrx_word' id='word_1_55' title='bbox 1036 1275 1088 1334; x_wconf 91' lang='lat' dir='ltr'>est</span> <span class='ocrx_word' id='word_1_56' title='bbox 1113 1260 1294 1358; x_wconf 87' lang='lat' dir='ltr'>explanare</span> <span class='ocrx_word' id='word_1_57' title='bbox 1312 1260 1465 1360; x_wconf 85' lang='lat' dir='ltr'>proposi·</span> 
     </span>
     <span class='ocr_line' id='line_1_9' title="bbox 344 1373 1465 1452; baseline -0.003 0"><span class='ocrx_word' id='word_1_58' title='bbox 344 1393 414 1452; x_wconf 81' lang='lat' dir='ltr'>tam</span> <span class='ocrx_word' id='word_1_59' title='bbox 439 1376 682 1451; x_wconf 82' lang='lat' dir='ltr'>difficultatem.</span> <span class='ocrx_word' id='word_1_60' title='bbox 717 1376 800 1447; x_wconf 87' lang='lat' dir='ltr'>Nem</span> <span class='ocrx_word' id='word_1_61' title='bbox 831 1374 965 1447; x_wconf 87' lang='lat' dir='ltr'>etiamsi</span> <span class='ocrx_word' id='word_1_62' title='bbox 992 1373 1187 1449; x_wconf 75' lang='lat' dir='ltr'>solemnitas</span> <span class='ocrx_word' id='word_1_63' title='bbox 1214 1401 1291 1448; x_wconf 89' lang='lat' dir='ltr'>cum</span> <span class='ocrx_word' id='word_1_64' title='bbox 1324 1374 1465 1449; x_wconf 79' lang='lat' dir='ltr'>adnexis</span> 
     </span>
     <span class='ocr_line' id='line_1_10' title="bbox 345 1487 1464 1575; baseline -0.004 -12"><span class='ocrx_word' id='word_1_65' title='bbox 345 1490 600 1565; x_wconf 80' lang='lat' dir='ltr'>formalitatibus</span> <span class='ocrx_word' id='word_1_66' title='bbox 618 1489 727 1562; x_wconf 80' lang='lat' dir='ltr'>serius</span> <span class='ocrx_word' id='word_1_67' title='bbox 747 1488 858 1561; x_wconf 90' lang='lat' dir='ltr'>aiure</span> <span class='ocrx_word' id='word_1_68' title='bbox 874 1487 1104 1562; x_wconf 88' lang='lat' dir='ltr'>eeclesiastico</span> <span class='ocrx_word' id='word_1_69' title='bbox 1125 1488 1262 1561; x_wconf 90' lang='lat' dir='ltr'>inducta</span> <span class='ocrx_word' id='word_1_70' title='bbox 1277 1488 1393 1575; x_wconf 87' lang='lat' dir='ltr'>luerit,</span> <span class='ocrx_word' id='word_1_71' title='bbox 1416 1502 1464 1560; x_wconf 90' lang='lat' dir='ltr'>ta-</span> 
     </span>
     <span class='ocr_line' id='line_1_11' title="bbox 343 1601 1465 1700; baseline -0.003 -22"><span class='ocrx_word' id='word_1_72' title='bbox 343 1630 421 1679; x_wconf 90' lang='lat' dir='ltr'>men</span> <span class='ocrx_word' id='word_1_73' title='bbox 434 1629 510 1678; x_wconf 90' lang='lat' dir='ltr'>cnm</span> <span class='ocrx_word' id='word_1_74' title='bbox 527 1604 613 1676; x_wconf 90' lang='lat' dir='ltr'>haec</span> <span class='ocrx_word' id='word_1_75' title='bbox 625 1602 807 1676; x_wconf 88' lang='lat' dir='ltr'>intrinseca</span> <span class='ocrx_word' id='word_1_76' title='bbox 820 1602 864 1674; x_wconf 94' lang='lat' dir='ltr'>sit</span> <span class='ocrx_word' id='word_1_77' title='bbox 876 1617 910 1674; x_wconf 89' lang='lat' dir='ltr'>et</span> <span class='ocrx_word' id='word_1_78' title='bbox 923 1627 989 1676; x_wconf 93' lang='lat' dir='ltr'>non</span> <span class='ocrx_word' id='word_1_79' title='bbox 1002 1601 1130 1675; x_wconf 86' lang='lat' dir='ltr'>afficiat</span> <span class='ocrx_word' id='word_1_80' title='bbox 1144 1601 1369 1676; x_wconf 85' lang='lat' dir='ltr'>substantiam</span> <span class='ocrx_word' id='word_1_81' title='bbox 1388 1627 1465 1700; x_wconf 89' lang='lat' dir='ltr'>pro-</span> 
     </span>
     <span class='ocr_line' id='line_1_12' title="bbox 345 1717 1465 1817; baseline -0.001 -25"><span class='ocrx_word' id='word_1_82' title='bbox 345 1720 502 1795; x_wconf 72' lang='lat' dir='ltr'>fessionis</span> <span class='ocrx_word' id='word_1_83' title='bbox 529 1718 725 1816; x_wconf 81' lang='lat' dir='ltr'>religiosae,</span> <span class='ocrx_word' id='word_1_84' title='bbox 753 1717 863 1815; x_wconf 91' lang='lat' dir='ltr'>potuit</span> <span class='ocrx_word' id='word_1_85' title='bbox 887 1717 964 1814; x_wconf 89' lang='lat' dir='ltr'>ipsa</span> <span class='ocrx_word' id='word_1_86' title='bbox 990 1717 1176 1791; x_wconf 86' lang='lat' dir='ltr'>subsistere</span> <span class='ocrx_word' id='word_1_87' title='bbox 1194 1743 1270 1791; x_wconf 90' lang='lat' dir='ltr'>cum</span> <span class='ocrx_word' id='word_1_88' title='bbox 1287 1717 1465 1817; x_wconf 82' lang='lat' dir='ltr'>privilegio</span> 
     </span>
     <span class='ocr_line' id='line_1_13' title="bbox 344 1830 1464 1933; baseline -0.005 -24"><span class='ocrx_word' id='word_1_89' title='bbox 344 1834 520 1909; x_wconf 84' lang='lat' dir='ltr'>aGhristc</span> <span class='ocrx_word' id='word_1_90' title='bbox 540 1835 644 1919; x_wconf 86' lang='lat' dir='ltr'>lacto,</span> <span class='ocrx_word' id='word_1_91' title='bbox 674 1848 854 1933; x_wconf 88' lang='lat' dir='ltr'>antequam</span> <span class='ocrx_word' id='word_1_92' title='bbox 878 1830 937 1904; x_wconf 91' lang='lat' dir='ltr'>illa</span> <span class='ocrx_word' id='word_1_93' title='bbox 959 1831 1155 1906; x_wconf 83' lang='lat' dir='ltr'>solemnitas</span> <span class='ocrx_word' id='word_1_94' title='bbox 1180 1832 1224 1906; x_wconf 82' lang='lat' dir='ltr'>ab</span> <span class='ocrx_word' id='word_1_95' title='bbox 1247 1831 1391 1906; x_wconf 87' lang='lat' dir='ltr'>ecclesia</span> <span class='ocrx_word' id='word_1_96' title='bbox 1416 1832 1464 1903; x_wconf 92' lang='lat' dir='ltr'>in·</span> 
     </span>
     <span class='ocr_line' id='line_1_14' title="bbox 343 1945 1461 2049; baseline -0.005 -25"><span class='ocrx_word' id='word_1_97' title='bbox 343 1950 549 2024; x_wconf 77' lang='lat' dir='ltr'>stitueretur.</span> <span class='ocrx_word' id='word_1_98' title='bbox 582 1948 742 2049; x_wconf 81' lang='lat' dir='ltr'>Apprime</span> <span class='ocrx_word' id='word_1_99' title='bbox 766 1962 939 2045; x_wconf 84' lang='lat' dir='ltr'>praeterea</span> <span class='ocrx_word' id='word_1_100' title='bbox 965 1945 1163 2044; x_wconf 79' lang='lat' dir='ltr'>intelligitur</span> <span class='ocrx_word' id='word_1_101' title='bbox 1186 1945 1357 2047; x_wconf 88' lang='lat' dir='ltr'>quomodo</span> <span class='ocrx_word' id='word_1_102' title='bbox 1380 1945 1461 2020; x_wconf 88' lang='lat' dir='ltr'>olim</span> 
     </span>
     <span class='ocr_line' id='line_1_15' title="bbox 344 2061 1464 2164; baseline -0.002 -27"><span class='ocrx_word' id='word_1_103' title='bbox 344 2081 505 2164; x_wconf 79' lang='lat' dir='ltr'>pernota</span> <span class='ocrx_word' id='word_1_104' title='bbox 530 2062 699 2162; x_wconf 90' lang='lat' dir='ltr'>simplicia</span> <span class='ocrx_word' id='word_1_105' title='bbox 720 2061 815 2135; x_wconf 87' lang='lat' dir='ltr'>irrita</span> <span class='ocrx_word' id='word_1_106' title='bbox 836 2087 902 2134; x_wconf 90' lang='lat' dir='ltr'>non</span> <span class='ocrx_word' id='word_1_107' title='bbox 924 2061 1043 2136; x_wconf 81' lang='lat' dir='ltr'>fierent</span> <span class='ocrx_word' id='word_1_108' title='bbox 1066 2062 1241 2159; x_wconf 82' lang='lat' dir='ltr'>coniugia,</span> <span class='ocrx_word' id='word_1_109' title='bbox 1274 2087 1363 2161; x_wconf 89' lang='lat' dir='ltr'>quae</span> <span class='ocrx_word' id='word_1_110' title='bbox 1387 2077 1464 2160; x_wconf 85' lang='lat' dir='ltr'>post</span> 
     </span>
     <span class='ocr_line' id='line_1_16' title="bbox 343 2174 1463 2272; baseline -0.003 -22"><span class='ocrx_word' id='word_1_111' title='bbox 343 2179 514 2251; x_wconf 83' lang='lat' dir='ltr'>inductam</span> <span class='ocrx_word' id='word_1_112' title='bbox 532 2177 776 2251; x_wconf 86' lang='lat' dir='ltr'>solemnitatem</span> <span class='ocrx_word' id='word_1_113' title='bbox 797 2176 863 2249; x_wconf 90' lang='lat' dir='ltr'>iam</span> <span class='ocrx_word' id='word_1_114' title='bbox 890 2176 984 2248; x_wconf 89' lang='lat' dir='ltr'>irrita</span> <span class='ocrx_word' id='word_1_115' title='bbox 1007 2175 1165 2250; x_wconf 79' lang='lat' dir='ltr'>evadunt.</span> <span class='ocrx_word' id='word_1_116' title='bbox 1195 2174 1393 2272; x_wconf 79' lang='lat' dir='ltr'>lntelligitur</span> <span class='ocrx_word' id='word_1_117' title='bbox 1409 2175 1463 2247; x_wconf 91' lang='lat' dir='ltr'>in-</span> 
     </span>
     <span class='ocr_line' id='line_1_17' title="bbox 344 2289 1462 2393; baseline -0.005 -27"><span class='ocrx_word' id='word_1_118' title='bbox 344 2318 449 2391; x_wconf 88' lang='lat' dir='ltr'>super</span> <span class='ocrx_word' id='word_1_119' title='bbox 471 2291 640 2393; x_wconf 88' lang='lat' dir='ltr'>qunmodo</span> <span class='ocrx_word' id='word_1_120' title='bbox 665 2290 831 2364; x_wconf 91' lang='lat' dir='ltr'>interdum</span> <span class='ocrx_word' id='word_1_121' title='bbox 857 2289 930 2364; x_wconf 88' lang='lat' dir='ltr'>sola</span> <span class='ocrx_word' id='word_1_122' title='bbox 954 2290 1120 2390; x_wconf 81' lang='lat' dir='ltr'>professio</span> <span class='ocrx_word' id='word_1_123' title='bbox 1145 2306 1326 2390; x_wconf 90' lang='lat' dir='ltr'>perpetuae</span> <span class='ocrx_word' id='word_1_124' title='bbox 1355 2289 1462 2364; x_wconf 86' lang='lat' dir='ltr'>conti·</span> 
     </span>
     <span class='ocr_line' id='line_1_18' title="bbox 343 2403 1456 2508; baseline -0.003 -27"><span class='ocrx_word' id='word_1_125' title='bbox 343 2410 477 2483; x_wconf 90' lang='lat' dir='ltr'>nentiae</span> <span class='ocrx_word' id='word_1_126' title='bbox 493 2408 625 2508; x_wconf 88' lang='lat' dir='ltr'>absque</span> <span class='ocrx_word' id='word_1_127' title='bbox 643 2421 721 2481; x_wconf 84' lang='lat' dir='ltr'>reto</span> <span class='ocrx_word' id='word_1_128' title='bbox 737 2432 897 2507; x_wconf 86' lang='lat' dir='ltr'>expresso</span> <span class='ocrx_word' id='word_1_129' title='bbox 912 2407 1083 2479; x_wconf 89' lang='lat' dir='ltr'>diremerit</span> <span class='ocrx_word' id='word_1_130' title='bbox 1100 2405 1270 2479; x_wconf 86' lang='lat' dir='ltr'>vinculum</span> <span class='ocrx_word' id='word_1_131' title='bbox 1286 2403 1456 2503; x_wconf 89' lang='lat' dir='ltr'>nuptiale,</span> 
     </span>
     <span class='ocr_line' id='line_1_19' title="bbox 340 2517 1462 2620; baseline -0.003 -25"><span class='ocrx_word' id='word_1_132' title='bbox 340 2523 389 2596; x_wconf 91' lang='lat' dir='ltr'>uti</span> <span class='ocrx_word' id='word_1_133' title='bbox 415 2523 555 2620; x_wconf 85' lang='lat' dir='ltr'>contigit</span> <span class='ocrx_word' id='word_1_134' title='bbox 578 2547 631 2595; x_wconf 83' lang='lat' dir='ltr'>ex.</span> <span class='ocrx_word' id='word_1_135' title='bbox 659 2548 709 2618; x_wconf 77' lang='lat' dir='ltr'>gr.</span> <span class='ocrx_word' id='word_1_136' title='bbox 743 2521 778 2592; x_wconf 95' lang='lat' dir='ltr'>in</span> <span class='ocrx_word' id='word_1_137' title='bbox 807 2546 837 2593; x_wconf 88' lang='lat' dir='ltr'>s.</span> <span class='ocrx_word' id='word_1_138' title='bbox 863 2518 1007 2606; x_wconf 77' lang='lat' dir='ltr'>Thecla,</span> <span class='ocrx_word' id='word_1_139' title='bbox 1037 2546 1067 2592; x_wconf 90' lang='lat' dir='ltr'>s.</span> <span class='ocrx_word' id='word_1_140' title='bbox 1095 2518 1261 2605; x_wconf 84' lang='lat' dir='ltr'>Caecilia,</span> <span class='ocrx_word' id='word_1_141' title='bbox 1290 2545 1320 2592; x_wconf 88' lang='lat' dir='ltr'>s.</span> <span class='ocrx_word' id='word_1_142' title='bbox 1342 2517 1462 2592; x_wconf 77' lang='lat' dir='ltr'>Alexio</span> 
     </span>
     <span class='ocr_line' id='line_1_20' title="bbox 342 2630 1463 2737; baseline -0.01 -22"><span class='ocrx_word' id='word_1_143' title='bbox 342 2638 487 2737; x_wconf 79' lang='lat' dir='ltr'>¹aliisque</span> <span class='ocrx_word' id='word_1_144' title='bbox 511 2635 677 2710; x_wconf 86' lang='lat' dir='ltr'>eiusmodi</span> <span class='ocrx_word' id='word_1_145' title='bbox 702 2661 723 2708; x_wconf 90' lang='lat' dir='ltr'>a</span> <span class='ocrx_word' id='word_1_146' title='bbox 747 2633 873 2735; x_wconf 90' lang='lat' dir='ltr'>quibus</span> <span class='ocrx_word' id='word_1_147' title='bbox 894 2632 1036 2707; x_wconf 86' lang='lat' dir='ltr'>difficile</span> <span class='ocrx_word' id='word_1_148' title='bbox 1059 2633 1197 2708; x_wconf 90' lang='lat' dir='ltr'>omnino</span> <span class='ocrx_word' id='word_1_149' title='bbox 1214 2648 1267 2705; x_wconf 87' lang='lat' dir='ltr'>est</span> <span class='ocrx_word' id='word_1_150' title='bbox 1283 2630 1463 2706; x_wconf 85' lang='lat' dir='ltr'>ostendere</span> 
     </span>
     <span class='ocr_line' id='line_1_21' title="bbox 342 2745 1462 2849; baseline -0.006 -25"><span class='ocrx_word' id='word_1_151' title='bbox 342 2751 504 2825; x_wconf 89' lang='lat' dir='ltr'>emissum</span> <span class='ocrx_word' id='word_1_152' title='bbox 528 2747 684 2849; x_wconf 81' lang='lat' dir='ltr'>explicite</span> <span class='ocrx_word' id='word_1_153' title='bbox 708 2747 815 2821; x_wconf 87' lang='lat' dir='ltr'>luisse</span> <span class='ocrx_word' id='word_1_154' title='bbox 840 2762 953 2822; x_wconf 81' lang='lat' dir='ltr'>votum</span> <span class='ocrx_word' id='word_1_155' title='bbox 979 2747 1051 2821; x_wconf 82' lang='lat' dir='ltr'>sive</span> <span class='ocrx_word' id='word_1_156' title='bbox 1076 2746 1257 2832; x_wconf 87' lang='lat' dir='ltr'>eastitatis,</span> <span class='ocrx_word' id='word_1_157' title='bbox 1286 2745 1359 2819; x_wconf 87' lang='lat' dir='ltr'>sire</span> <span class='ocrx_word' id='word_1_158' title='bbox 1383 2745 1462 2819; x_wconf 84' lang='lat' dir='ltr'>obe</span> 
     </span>
     <span class='ocr_line' id='line_1_22' title="bbox 339 2861 1459 2962; baseline -0.002 -27"><span class='ocrx_word' id='word_1_159' title='bbox 339 2865 507 2951; x_wconf 88' lang='lat' dir='ltr'>dientiae,</span> <span class='ocrx_word' id='word_1_160' title='bbox 536 2864 608 2938; x_wconf 86' lang='lat' dir='ltr'>sire</span> <span class='ocrx_word' id='word_1_161' title='bbox 628 2864 857 2962; x_wconf 82' lang='lat' dir='ltr'>paupertatis,</span> <span class='ocrx_word' id='word_1_162' title='bbox 886 2888 961 2935; x_wconf 90' lang='lat' dir='ltr'>eum</span> <span class='ocrx_word' id='word_1_163' title='bbox 979 2861 1202 2935; x_wconf 84' lang='lat' dir='ltr'>nihilominus</span> <span class='ocrx_word' id='word_1_164' title='bbox 1220 2861 1459 2960; x_wconf 85' lang='lat' dir='ltr'>perlectionem</span> 
     </span>
     <span class='ocr_line' id='line_1_23' title="bbox 340 2975 1460 3076; baseline -0.004 -24"><span class='ocrx_word' id='word_1_165' title='bbox 340 2978 568 3075; x_wconf 71' lang='lat' dir='ltr'>evangelicam</span> <span class='ocrx_word' id='word_1_166' title='bbox 587 2976 710 3050; x_wconf 90' lang='lat' dir='ltr'>inirent</span> <span class='ocrx_word' id='word_1_167' title='bbox 722 2978 833 3076; x_wconf 88' lang='lat' dir='ltr'>quoad</span> <span class='ocrx_word' id='word_1_168' title='bbox 852 3003 947 3051; x_wconf 88' lang='lat' dir='ltr'>suam</span> <span class='ocrx_word' id='word_1_169' title='bbox 960 2976 1204 3062; x_wconf 88' lang='lat' dir='ltr'>substantiam,</span> <span class='ocrx_word' id='word_1_170' title='bbox 1225 3002 1334 3075; x_wconf 87' lang='lat' dir='ltr'>neque</span> <span class='ocrx_word' id='word_1_171' title='bbox 1352 2975 1460 3049; x_wconf 87' lang='lat' dir='ltr'>ecole-</span> 
     </span>
     <span class='ocr_line' id='line_1_24' title="bbox 341 3089 1460 3192; baseline -0.004 -27"><span class='ocrx_word' id='word_1_172' title='bbox 341 3093 394 3165; x_wconf 88' lang='lat' dir='ltr'>sia</span> <span class='ocrx_word' id='word_1_173' title='bbox 406 3091 582 3192; x_wconf 88' lang='lat' dir='ltr'>quidpiam</span> <span class='ocrx_word' id='word_1_174' title='bbox 596 3090 907 3192; x_wconf 85' lang='lat' dir='ltr'>constituissetque</span> <span class='ocrx_word' id='word_1_175' title='bbox 921 3092 1162 3192; x_wconf 88' lang='lat' dir='ltr'>impedirentur</span> <span class='ocrx_word' id='word_1_176' title='bbox 1174 3089 1352 3190; x_wconf 83' lang='lat' dir='ltr'>privilegio</span> <span class='ocrx_word' id='word_1_177' title='bbox 1366 3089 1460 3162; x_wconf 83' lang='lat' dir='ltr'>Chri·</span> 
     </span>
     <span class='ocr_line' id='line_1_25' title="bbox 337 3204 1459 3308; baseline -0.005 -26"><span class='ocrx_word' id='word_1_178' title='bbox 337 3209 384 3282; x_wconf 85' lang='lat' dir='ltr'>sti</span> <span class='ocrx_word' id='word_1_179' title='bbox 403 3209 464 3294; x_wconf 87' lang='lat' dir='ltr'>uti,</span> <span class='ocrx_word' id='word_1_180' title='bbox 482 3208 561 3281; x_wconf 86' lang='lat' dir='ltr'>binc</span> <span class='ocrx_word' id='word_1_181' title='bbox 578 3207 779 3281; x_wconf 89' lang='lat' dir='ltr'>dissolutum</span> <span class='ocrx_word' id='word_1_182' title='bbox 797 3210 946 3308; x_wconf 90' lang='lat' dir='ltr'>ipsorum</span> <span class='ocrx_word' id='word_1_183' title='bbox 963 3208 1156 3304; x_wconf 75' lang='lat' dir='ltr'>coniugium</span> <span class='ocrx_word' id='word_1_184' title='bbox 1176 3224 1240 3289; x_wconf 78' lang='lat' dir='ltr'>est,</span> <span class='ocrx_word' id='word_1_185' title='bbox 1257 3204 1459 3301; x_wconf 76' lang='lat' dir='ltr'>lntelligitur</span> 
     </span>
     <span class='ocr_line' id='line_1_26' title="bbox 341 3319 1459 3424; baseline -0.005 -28"><span class='ocrx_word' id='word_1_186' title='bbox 341 3324 474 3398; x_wconf 89' lang='lat' dir='ltr'>demum</span> <span class='ocrx_word' id='word_1_187' title='bbox 499 3324 669 3424; x_wconf 89' lang='lat' dir='ltr'>quomodo</span> <span class='ocrx_word' id='word_1_188' title='bbox 693 3324 871 3423; x_wconf 80' lang='lat' dir='ltr'>Gregorius</span> <span class='ocrx_word' id='word_1_189' title='bbox 895 3324 986 3395; x_wconf 79' lang='lat' dir='ltr'>Xlll.</span> <span class='ocrx_word' id='word_1_190' title='bbox 1015 3323 1096 3395; x_wconf 92' lang='lat' dir='ltr'>dum</span> <span class='ocrx_word' id='word_1_191' title='bbox 1126 3322 1196 3395; x_wconf 86' lang='lat' dir='ltr'>vim</span> <span class='ocrx_word' id='word_1_192' title='bbox 1227 3321 1316 3394; x_wconf 86' lang='lat' dir='ltr'>banc</span> <span class='ocrx_word' id='word_1_193' title='bbox 1340 3319 1459 3394; x_wconf 90' lang='lat' dir='ltr'>tribuit</span> 
     </span>
     <span class='ocr_line' id='line_1_27' title="bbox 338 3434 1459 3538; baseline -0.004 -27"><span class='ocrx_word' id='word_1_194' title='bbox 338 3440 428 3512; x_wconf 83' lang='lat' dir='ltr'>votis</span> <span class='ocrx_word' id='word_1_195' title='bbox 440 3437 650 3538; x_wconf 89' lang='lat' dir='ltr'>simplicibus</span> <span class='ocrx_word' id='word_1_196' title='bbox 669 3438 950 3513; x_wconf 88' lang='lat' dir='ltr'>scholasticorum</span> <span class='ocrx_word' id='word_1_197' title='bbox 969 3461 1039 3510; x_wconf 88' lang='lat' dir='ltr'>soe.</span> <span class='ocrx_word' id='word_1_198' title='bbox 1063 3438 1137 3510; x_wconf 88' lang='lat' dir='ltr'>lesu</span> <span class='ocrx_word' id='word_1_199' title='bbox 1156 3434 1363 3515; x_wconf 80' lang='lat' dir='ltr'>dissolvendi</span> <span class='ocrx_word' id='word_1_200' title='bbox 1381 3459 1459 3507; x_wconf 88' lang='lat' dir='ltr'>con-</span> 
     </span>
     <span class='ocr_line' id='line_1_28' title="bbox 341 3550 1458 3655; baseline -0.003 -29"><span class='ocrx_word' id='word_1_201' title='bbox 341 3555 432 3653; x_wconf 79' lang='lat' dir='ltr'>iugia</span> <span class='ocrx_word' id='word_1_202' title='bbox 456 3570 545 3641; x_wconf 90' lang='lat' dir='ltr'>rata,</span> <span class='ocrx_word' id='word_1_203' title='bbox 574 3582 642 3655; x_wconf 89' lang='lat' dir='ltr'>qua</span> <span class='ocrx_word' id='word_1_204' title='bbox 666 3570 764 3628; x_wconf 86' lang='lat' dir='ltr'>antea</span> <span class='ocrx_word' id='word_1_205' title='bbox 785 3554 962 3640; x_wconf 87' lang='lat' dir='ltr'>carebant,</span> <span class='ocrx_word' id='word_1_206' title='bbox 990 3554 1063 3626; x_wconf 90' lang='lat' dir='ltr'>iure</span> <span class='ocrx_word' id='word_1_207' title='bbox 1086 3578 1149 3627; x_wconf 90' lang='lat' dir='ltr'>suo</span> <span class='ocrx_word' id='word_1_208' title='bbox 1174 3578 1257 3626; x_wconf 90' lang='lat' dir='ltr'>usus</span> <span class='ocrx_word' id='word_1_209' title='bbox 1283 3550 1384 3625; x_wconf 86' lang='lat' dir='ltr'>luerit</span> <span class='ocrx_word' id='word_1_210' title='bbox 1408 3576 1458 3623; x_wconf 87' lang='lat' dir='ltr'>re-</span> 
     </span>
     <span class='ocr_line' id='line_1_29' title="bbox 337 3664 1457 3769; baseline -0.001 -30"><span class='ocrx_word' id='word_1_211' title='bbox 337 3668 500 3743; x_wconf 88' lang='lat' dir='ltr'>stituendi</span> <span class='ocrx_word' id='word_1_212' title='bbox 514 3671 693 3769; x_wconf 89' lang='lat' dir='ltr'>postremis</span> <span class='ocrx_word' id='word_1_213' title='bbox 708 3670 803 3747; x_wconf 86' lang='lat' dir='ltr'>bisce</span> <span class='ocrx_word' id='word_1_214' title='bbox 822 3666 1028 3767; x_wconf 87' lang='lat' dir='ltr'>temporibus</span> <span class='ocrx_word' id='word_1_215' title='bbox 1042 3693 1103 3768; x_wconf 89' lang='lat' dir='ltr'>pro</span> <span class='ocrx_word' id='word_1_216' title='bbox 1114 3665 1277 3765; x_wconf 80' lang='lat' dir='ltr'>singulari</span> <span class='ocrx_word' id='word_1_217' title='bbox 1291 3664 1355 3738; x_wconf 88' lang='lat' dir='ltr'>hoc</span> <span class='ocrx_word' id='word_1_218' title='bbox 1373 3690 1457 3738; x_wconf 86' lang='lat' dir='ltr'>casu</span> 
     </span>
     <span class='ocr_line' id='line_1_30' title="bbox 338 3783 1457 3884; baseline -0.007 -25"><span class='ocrx_word' id='word_1_219' title='bbox 338 3784 430 3884; x_wconf 86' lang='lat' dir='ltr'>quod</span> <span class='ocrx_word' id='word_1_220' title='bbox 449 3784 594 3859; x_wconf 89' lang='lat' dir='ltr'>obtinuit</span> <span class='ocrx_word' id='word_1_221' title='bbox 618 3788 654 3858; x_wconf 92' lang='lat' dir='ltr'>in</span> <span class='ocrx_word' id='word_1_222' title='bbox 674 3786 817 3860; x_wconf 90' lang='lat' dir='ltr'>ecelesia</span> <span class='ocrx_word' id='word_1_223' title='bbox 830 3785 930 3883; x_wconf 77' lang='lat' dir='ltr'>longo</span> <span class='ocrx_word' id='word_1_224' title='bbox 950 3783 1138 3858; x_wconf 88' lang='lat' dir='ltr'>seculorum</span> <span class='ocrx_word' id='word_1_225' title='bbox 1155 3797 1281 3868; x_wconf 87' lang='lat' dir='ltr'>tractu,</span> <span class='ocrx_word' id='word_1_226' title='bbox 1303 3805 1457 3879; x_wconf 85' lang='lat' dir='ltr'>praeser-</span> 
     </span>
     <span class='ocr_line' id='line_1_31' title="bbox 335 3895 1455 4000; baseline -0.003 -28"><span class='ocrx_word' id='word_1_227' title='bbox 335 3902 493 3974; x_wconf 84' lang='lat' dir='ltr'>timeum</span> <span class='ocrx_word' id='word_1_228' title='bbox 510 3918 629 3999; x_wconf 78' lang='lat' dir='ltr'>agatur</span> <span class='ocrx_word' id='word_1_229' title='bbox 650 3927 717 3976; x_wconf 90' lang='lat' dir='ltr'>non</span> <span class='ocrx_word' id='word_1_230' title='bbox 743 3901 870 4000; x_wconf 59' lang='lat' dir='ltr'>iadee</span> <span class='ocrx_word' id='word_1_231' title='bbox 889 3900 976 3974; x_wconf 84' lang='lat' dir='ltr'>rotis</span> <span class='ocrx_word' id='word_1_232' title='bbox 993 3898 1191 3999; x_wconf 86' lang='lat' dir='ltr'>simpliciter</span> <span class='ocrx_word' id='word_1_233' title='bbox 1212 3896 1374 3997; x_wconf 88' lang='lat' dir='ltr'>privatis,</span> <span class='ocrx_word' id='word_1_234' title='bbox 1394 3895 1455 3969; x_wconf 89' lang='lat' dir='ltr'>sed</span> 
     </span>
     <span class='ocr_line' id='line_1_32' title="bbox 340 4016 763 4117; baseline 0.005 -29"><span class='ocrx_word' id='word_1_235' title='bbox 340 4016 454 4115; x_wconf 91' lang='lat' dir='ltr'>aliquo</span> <span class='ocrx_word' id='word_1_236' title='bbox 479 4016 579 4091; x_wconf 89' lang='lat' dir='ltr'>modo</span> <span class='ocrx_word' id='word_1_237' title='bbox 605 4017 763 4117; x_wconf 89' lang='lat' dir='ltr'>publicis.</span> 
     </span>
     <span class='ocr_line' id='line_1_33' title="bbox 369 4127 1455 4229; baseline -0.008 -23"><span class='ocrx_word' id='word_1_238' title='bbox 369 4216 372 4221; x_wconf 39' lang='grc'>,</span> <span class='ocrx_word' id='word_1_239' title='bbox 412 4131 506 4217; x_wconf 81' lang='lat' dir='ltr'>Quae</span> <span class='ocrx_word' id='word_1_240' title='bbox 531 4159 607 4205; x_wconf 92' lang='lat' dir='ltr'>cum</span> <span class='ocrx_word' id='word_1_241' title='bbox 632 4132 679 4206; x_wconf 91' lang='lat' dir='ltr'>ita</span> <span class='ocrx_word' id='word_1_242' title='bbox 705 4133 773 4206; x_wconf 91' lang='lat' dir='ltr'>sint</span> <span class='ocrx_word' id='word_1_243' title='bbox 790 4131 870 4205; x_wconf 90' lang='lat' dir='ltr'>huic</span> <span class='ocrx_word' id='word_1_244' title='bbox 888 4131 1073 4205; x_wconf 87' lang='lat' dir='ltr'>sententiae</span> <span class='ocrx_word' id='word_1_245' title='bbox 1091 4145 1205 4229; x_wconf 90' lang='lat' dir='ltr'>utpote</span> <span class='ocrx_word' id='word_1_246' title='bbox 1222 4127 1392 4213; x_wconf 88' lang='lat' dir='ltr'>solidiori,</span> <span class='ocrx_word' id='word_1_247' title='bbox 1413 4151 1455 4198; x_wconf 91' lang='lat' dir='ltr'>ac</span> 
     </span>
     <span class='ocr_line' id='line_1_34' title="bbox 336 4230 1456 4347; baseline -0.002 -33"><span class='ocrx_word' id='word_1_248' title='bbox 336 4230 447 4342; x_wconf 75' lang='lat' dir='ltr'>inagis</span> <span class='ocrx_word' id='word_1_249' title='bbox 465 4238 626 4345; x_wconf 80' lang='lat' dir='ltr'>&#39;dignitati</span> <span class='ocrx_word' id='word_1_250' title='bbox 646 4246 845 4321; x_wconf 83' lang='lat' dir='ltr'>sacramenti</span> <span class='ocrx_word' id='word_1_251' title='bbox 865 4244 1081 4347; x_wconf 82' lang='lat' dir='ltr'>prospicienti</span> <span class='ocrx_word' id='word_1_252' title='bbox 1099 4243 1347 4347; x_wconf 78' lang='lat' dir='ltr'>adhaeremus,</span> <span class='ocrx_word' id='word_1_253' title='bbox 1368 4265 1456 4342; x_wconf 90' lang='lat' dir='ltr'>quae</span> 
     </span>
     <span class='ocr_line' id='line_1_35' title="bbox 340 4354 1202 4435; baseline 0 -7"><span class='ocrx_word' id='word_1_254' title='bbox 340 4383 439 4430; x_wconf 82' lang='lat' dir='ltr'>nune</span> <span class='ocrx_word' id='word_1_255' title='bbox 455 4359 541 4434; x_wconf 90' lang='lat' dir='ltr'>inter</span> <span class='ocrx_word' id='word_1_256' title='bbox 567 4362 765 4435; x_wconf 87' lang='lat' dir='ltr'>recentiores</span> <span class='ocrx_word' id='word_1_257' title='bbox 787 4354 975 4435; x_wconf 89' lang='lat' dir='ltr'>communis</span> <span class='ocrx_word' id='word_1_258' title='bbox 1000 4358 1118 4434; x_wconf 83' lang='lat' dir='ltr'>effecta</span> <span class='ocrx_word' id='word_1_259' title='bbox 1140 4373 1202 4433; x_wconf 86' lang='lat' dir='ltr'>est.</span> 
     </span>
    </p>
   </div>
   <div class='ocr_carea' id='block_1_3' title="bbox 0 0 1622 5084">
    <p class='ocr_par' dir='ltr' id='par_1_3' title="bbox 0 0 1622 5084">
     <span class='ocr_line' id='line_1_36' title="bbox 0 0 1622 5084; baseline 0 4"><span class='ocrx_word' id='word_1_260' title='bbox 0 0 1622 5084; x_wconf 95' lang='lat' dir='ltr'> </span> 
     </span>
    </p>
   </div>
  </div>
 </body>
</html>
