3234 5084
361 458 431 512 ιιι.
448 461 483 512 ιι.
501 462 540 511 ιιι
554 460 728 511 ιοιιιιιιιι
745 455 942 512 secamus.
959 459 1029 512 ιιι.
1043 458 1079 510 ιι.
1222 438 1267 508 ol

153 578 219 654 duo
242 579 369 653 Christi
388 594 489 664 sunt,
512 577 580 650 duo
598 601 735 677 quoque
755 577 818 649 uiri
841 578 933 662 sint,
959 591 992 648 et
1013 574 1101 649 duae
1123 601 1263 650 uxores:

153 697 181 770 si
203 710 316 767 autem
333 719 423 766 uuus
440 692 618 779 Christus,
638 718 743 765 unum
761 690 924 765 ecclesiae
941 708 1060 790 eaput;
1082 717 1150 765 uua
1166 692 1268 765 etiam

152 835 228 884 caro
255 809 322 895 sit,
351 808 500 883 secunda
530 823 640 880 autem
672 822 862 906 respuatur.
896 806 993 893 Quod
1023 808 1053 880 si
1083 807 1269 881 secundum

153 924 349 1024 prohibeat,
375 925 419 998 de
444 925 540 999 tertio
561 923 644 1024 quid
665 922 846 996 dicendum
863 921 943 996 est?
960 923 1107 995 Primum
1126 921 1178 997 lex
1195 938 1265 1010 est,

152 1037 339 1114 secundum
359 1041 460 1112 uenia
476 1053 510 1111 et
526 1037 755 1133 indulgentia,
777 1039 908 1109 tertium
928 1039 1111 1136 iniquitas:
1131 1037 1190 1137 qui
1208 1062 1269 1111 au-

153 1170 220 1226 tem
247 1152 338 1227 huuc
364 1176 539 1225 numerum
565 1150 716 1238 excedit,
746 1150 908 1250 porcinus
933 1149 1032 1251 plane
1057 1167 1129 1237 est,
1154 1167 1270 1252 utpote

152 1293 195 1339 ue
218 1266 326 1340 multa
348 1267 486 1366 quidem
510 1266 582 1339 vitii
606 1264 761 1367 exempla
785 1264 916 1339 habeus
936 1269 1064 1362 (lh).»

225 1381 291 1455 Sed
316 1405 396 1480 prae
420 1381 540 1454 ceteris
566 1405 595 1453 s.
617 1378 763 1453 Basilius
788 1379 824 1451 in
852 1379 970 1454 tertias
994 1396 1028 1453 et
1052 1395 1189 1480 quartas
1208 1407 1271 1455 nu·

154 1496 243 1594 ptius
256 1494 437 1569 invehitur.
454 1492 628 1594 Siquidem
646 1518 775 1568 canone
787 1495 824 1565 L.
845 1491 1008 1593 epistolae
1021 1493 1203 1569 canonicae
1221 1495 1265 1567 ll.

153 1610 196 1684 ad
219 1608 491 1710 Amphilochium
515 1609 563 1682 ita
583 1609 777 1684 constituit:
808 1608 1031 1706 altigamiae
1049 1608 1101 1681 lex
1118 1635 1186 1685 non
1201 1626 1266 1684 est.

153 1724 266 1811 Quare
282 1722 356 1820 lege
373 1722 621 1797 matrimonium
640 1722 774 1796 tertium
794 1749 862 1797 non
881 1722 1101 1797 contrahitur.
1123 1723 1171 1798 hc
1190 1723 1270 1797 talia

151 1838 309 1939 quidem,
336 1852 373 1912 ut
396 1838 560 1912 ecciesiae
592 1839 847 1937 inquinamenta
883 1837 1071 1926 habemus,
1100 1838 1159 1912 sed
1191 1863 1271 1913 con-

152 1952 425 2028 demnationibus
441 1952 586 2052 publicis
607 1980 674 2028 nou
695 1953 913 2041 suhiicimus,
934 1970 972 2027 ut
990 1954 1099 2028 soluta
1122 1953 1270 2027 lornica·

153 2070 243 2143 hone
264 2069 373 2166 magis
394 2067 550 2165 eligenda
571 2070 659 2165 (⁸16).
676 2098 694 2138 n
714 2068 756 2140 Et
778 2068 897 2141 iterum
919 2069 954 2139 in
970 2066 1076 2141 altera
1092 2068 1193 2167 epist.
1214 2094 1271 2143 oar

152 2185 274 2258 nouica
291 2182 422 2257 scilicet
434 2184 494 2255 lll.
516 2183 559 2257 ad
573 2182 733 2271 eundem,
753 2209 829 2257 can.
847 2181 968 2254 LXXX.
993 2180 1267 2283 «Polygamiam,

153 2300 278 2400 inquit,
305 2313 419 2398 patres
431 2297 564 2372 silentio
582 2297 896 2397 praetermiserunt,
910 2313 949 2371 ut
963 2296 1165 2386 belluinam,
1181 2324 1272 2399 pror·

153 2438 281 2513 susque
301 2411 345 2486 ab
370 2411 545 2487 homiuum
567 2437 692 2509 genere
713 2410 869 2486 alienam.
898 2412 947 2486 Ea
971 2426 1082 2485 autem
1105 2411 1204 2486 nohis
1220 2413 1272 2487 ri·

151 2529 250 2602 detur
272 2541 449 2628 peccatum
477 2551 554 2599 esse
577 2526 794 2601 fornicatione
818 2527 941 2601 maius.
962 2526 1176 2626 Quapropter
1191 2554 1272 2603 ocu·

151 2656 350 2716 seutaneum
367 2654 422 2714 est
441 2665 500 2714 eos
518 2639 640 2713 subiici
662 2640 869 2727 canonibus,
892 2653 929 2714 ut
946 2638 1075 2714 scilicet
1092 2656 1270 2741 postquam

153 2779 242 2828 anno
266 2753 438 2841 fleverint,
462 2767 496 2827 et
516 2752 625 2828 tribus
655 2752 816 2828 substrati
841 2753 988 2841 luerint,
1006 2753 1057 2829 sie
1081 2754 1271 2855 suscipian-

156 2884 212 2942 tur
233 2870 323 2964 (l'l)
343 2898 360 2938 ιι

225 2986 298 3056 lam
313 3008 394 3058 uero
411 2983 474 3058 hos
497 3000 609 3084 patres
626 3012 667 3059 ex
685 3011 797 3061 amore
817 3010 885 3086 quo
904 2985 1096 3059 serebantur
1113 2985 1148 3058 in
1170 2986 1271 3061 casti-

152 3115 253 3173 tatem
266 3124 306 3173 ac
318 3097 517 3172 caelibatum
535 3099 780 3198 reprehendere
797 3102 910 3200 petius
926 3101 974 3174 ita
987 3099 1151 3174 nubentes
1168 3127 1270 3200 quam

151 3217 285 3313 nuptias
301 3213 395 3314 ipses
409 3213 487 3287 inde
505 3229 615 3312 patet,
633 3214 724 3314 quod
738 3229 903 3314 perpetuo
924 3214 1086 3288 insistant
1102 3215 1137 3286 in
1156 3215 1271 3290 incon-

151 3328 294 3402 tinentia
329 3326 525 3402 huiusmodi
550 3327 623 3401 sive
653 3327 828 3416 vivorum,
857 3327 928 3402 siue
950 3327 1147 3415 mulierum,
1179 3329 1270 3428 quod

151 3444 305 3516 animum
322 3456 441 3540 gerant
451 3443 487 3514 iu
500 3440 676 3516 libidinem
694 3443 851 3517 effusum.
867 3444 955 3516 Sane
972 3458 1170 3541 argumenta
1182 3468 1272 3542 quae

152 3557 325 3658 proferunt
349 3556 515 3633 &asmodi
543 3573 639 3645 sunt,
663 3573 702 3631 ut
722 3557 750 3631 ei
772 3584 890 3657 presse
909 3574 1106 3656 urgerentur
1123 3582 1190 3632 uon
1208 3558 1270 3629 mi·

153 3696 219 3746 nus
250 3671 424 3746 afficerent
452 3673 567 3746 lenias
600 3688 634 3747 et
663 3687 802 3773 quartas
832 3670 1075 3771 ulterioresque
1105 3671 1267 3770 nuptias,

149 3812 255 3887 quam
277 3788 465 3876 secundas,
489 3813 576 3888 quae
598 3803 708 3862 tamen
729 3813 769 3862 ex
791 3787 893 3862 venia
917 3805 951 3861 et
970 3785 1180 3884 indulgentia
1198 3812 1270 3886 per·

151 3904 239 3977 mitti
256 3901 344 3977 ultre
364 3903 545 3977 allinnant.
569 3902 694 3977 Oculos
717 3918 888 4004 praeterea
910 3901 1086 3976 intendunt
1108 3902 1144 3972 in
1167 3900 1270 3975 eccle·

152 4017 225 4092 siae
248 4016 463 4119 disciplinam
490 4018 689 4094 severiorem
713 4043 793 4117 erga
818 4018 977 4116 trigamos
1003 4035 1037 4092 et
1066 4033 1269 4116 tetragamus

226 4240 278 4303 (75)
293 4242 367 4292 orat.
384 4242 471 4292 xxxi.
488 4244 551 4307 opp.
568 4240 608 4293 ed.
624 4242 703 4293 Paris.
725 4248 792 4294 tcto.
808 4244 880 4293 Tum.
897 4244 917 4292 1.
935 4255 990 4306 μς.
1009 4248 1062 4295 aot.

226 4318 279 4381 (lt)
294 4319 371 4383 apsa
387 4320 427 4372 od.
445 4322 525 4372 usur.
540 4322 646 4373 cxcix.
664 4335 719 4387 pag.
738 4326 792 4373 297.

227 4397 279 4460 (Π)
294 4399 370 4463 Epist.
387 4400 507 4452 ccxvii.
526 4413 581 4464 pag.
600 4405 654 4452 πθ.

218 4508 257 4558 lll
