3234 5084
331 380 398 451 lut
474 396 594 449 unvn.
611 393 698 446 sscr.
714 390 846 443 lurni.
863 390 905 441 ns
922 389 1033 441 arnus.
1050 387 1145 439 uiri.
1163 385 1286 437 cnusr.

327 520 409 620 quia
433 543 463 591 s.
483 511 692 611 Augustinus
719 509 764 587 ud
788 505 956 582 eiusmodi
982 503 1216 579 distinctiones
1241 528 1309 577 non
1334 528 1444 578 recun

329 635 393 720 rit,
420 631 493 705 sive
516 627 598 728 quia
627 650 693 700 non
724 623 907 698 admodum
931 621 1040 697 solide
1066 619 1224 694 videntur
1246 620 1441 694 constituta.

402 740 576 844 Quidquid
602 767 700 841 porro
725 741 768 814 de
792 738 858 813 boc
873 739 940 825 sit,
960 763 1002 812 ex
1017 735 1165 836 eoquod
1182 733 1363 809 dixerimus
1381 761 1446 835 per

330 860 395 937 boc
417 875 663 934 sacramentum
688 881 756 930 non
775 854 924 955 imprimi
950 852 1195 935 characterem,
1223 849 1447 947 intelligimus

330 976 510 1079 quomodo,
526 972 692 1048 dissoluto
709 970 817 1072 primo
829 970 986 1067 coniugio
997 983 1126 1042 tantum
1139 980 1228 1051 roto,
1244 965 1353 1065 possit
1364 992 1444 1039 eon»

332 1093 391 1165 iux
414 1088 473 1191 qui
496 1086 631 1163 relictus
648 1102 701 1162 est
717 1112 840 1159 novum
858 1110 934 1158 oum
951 1083 1019 1158 alio
1034 1081 1203 1155 celebrare
1222 1081 1441 1165 connubium,

331 1206 464 1280 vivente
488 1203 600 1276 adhuc
624 1201 767 1298 coniuge
788 1224 888 1300 quem
914 1214 1013 1271 antea
1037 1196 1187 1269 duxerat.

405 1321 486 1395 Post
510 1319 593 1393 haec
612 1317 737 1392 nullius
762 1331 815 1390 est
835 1313 959 1413 negotii
984 1328 1112 1388 ceteras
1136 1308 1353 1385 difficultates
1371 1337 1446 1411 per·

333 1436 430 1536 sequi
456 1461 496 1509 ac
521 1433 668 1522 solvere,
696 1456 784 1533 quae
807 1457 828 1505 a
854 1428 1068 1505 novatoribus
1093 1440 1272 1524 ungentum
1293 1427 1342 1500 uti
1368 1455 1446 1501 cum

333 1553 464 1625 dicunt:
481 1551 514 1622 Si
535 1548 781 1624 matrimonium
801 1562 910 1620 ratum
934 1545 1020 1620 solvi
1045 1562 1175 1646 possm,
1196 1547 1277 1647 quia
1291 1544 1384 1619 Deus
1400 1544 1447 1618 od

333 1681 456 1740 statum
481 1664 711 1765 perfectiorum
736 1679 850 1749 vocat,
879 1660 964 1736 solvi
989 1661 1077 1734 idem
1106 1662 1226 1762 poterit
1250 1686 1310 1761 per
1331 1676 1447 1734 votum

333 1781 434 1855 etism
468 1777 612 1878 simplex
647 1776 888 1862 continentiae,
921 1800 997 1849 cum
1028 1790 1060 1849 st
1089 1774 1154 1848 boc
1180 1776 1226 1849 sit
1248 1775 1292 1850 ds
1316 1773 1445 1849 meliori

333 1894 441 1981 bono;
470 1918 532 1968 nec
557 1893 624 1968 alio
649 1919 686 1967 so
711 1890 960 1965 obstrinxerunt
981 1906 1058 1965 voto
1082 1892 1189 1965 suncti
1212 1908 1342 1966 veteres
1366 1915 1449 1991 quo-

335 2028 408 2083 rum
424 2006 578 2109 exemplu
594 2000 696 2080 allata
712 2022 803 2080 sunt.
821 2006 964 2105 lnsuper
979 2006 1064 2079 ratio
1080 2003 1192 2079 offerri
1210 2006 1328 2105 nequit
1342 2030 1448 2104 quere

335 2122 555 2223 professionis
587 2120 765 2220 religiosae
791 2119 914 2193 intuitu
947 2118 1031 2193 solvi
1057 2121 1166 2219 possit
1197 2120 1447 2193 matrimonium

335 2252 463 2323 ratum,
491 2260 558 2310 non
583 2249 694 2309 autem
720 2250 987 2307 consummatum
1002 2260 1010 2321 ;
1030 2233 1214 2307 cumidem
1231 2234 1391 2309 motivum
1409 2235 1446 2307 in

336 2340 476 2449 utroquo
495 2350 619 2448 vigeat.
637 2348 725 2421 Sane
742 2364 924 2449 utrumque
950 2348 1198 2421 matrimonium
1222 2349 1450 2423 essentialiter

334 2465 433 2539 ineo
457 2463 631 2553 convenit,
658 2456 844 2565 quod'sint
868 2463 968 2536 ambo
994 2462 1155 2537 maritalis
1180 2464 1370 2539 coniunctio
1399 2464 1451 2536 in-

333 2579 508 2655 dividuum
524 2578 613 2654 vitas
629 2580 822 2654 societatem
841 2578 1005 2666 retinens,
1033 2604 1121 2679 quae
1144 2580 1282 2680 quidem
1303 2579 1450 2653 societas

334 2684 511 2770 individua
543 2694 677 2769 nonnisi
712 2708 816 2768 morte
848 2692 1043 2768 absolvitur.
1073 2694 1122 2766 Ex
1146 2720 1220 2793 ¹qua
1250 2694 1449 2769 delinitione

334 2808 468 2909 utrique
498 2809 655 2908 coningio
682 2808 851 2882 communi
883 2822 973 2907 patet
1004 2824 1184 2908 utrumqne
1207 2833 1285 2883 esse
1313 2808 1450 2908 penitus

335 2921 573 2996 indissolubile
586 2940 655 2996 tum
670 2914 742 2995 iuro
755 2920 899 2996 naturali
914 2938 984 2997 tum
996 2923 1070 2997 iure
1080 2925 1210 3000 divino.
1222 2924 1318 3011 Quod
1337 2940 1450 2998 autem

336 3033 403 3108 tale
426 3049 498 3120 est,
531 3032 677 3134 prolecto
701 3034 796 3109 nullu
822 3036 970 3112 bumana
1001 3039 1195 3112 auctoritate
1219 3055 1277 3111 aut
1300 3035 1450 3112 bumana

335 3148 563 3237 institutione,
596 3147 784 3223 cuiusmodi
810 3168 863 3226 est
886 3150 1046 3226 solemnis
1071 3151 1242 3251 religionis
1267 3152 1445 3253 professio,

333 3264 512 3340 dissociari
536 3278 656 3367 potest.
672 3265 814 3339 Domum
839 3294 906 3341 non
932 3266 1146 3366 intelligitur,
1171 3269 1339 3368 quomodo
1364 3266 1448 3342 solvi

334 3378 442 3479 possit
459 3403 519 3477 per
535 3377 718 3453 solemnem
736 3377 910 3478 religionis
931 3382 1176 3481 professionem
1197 3382 1448 3458 matrimonium

334 3500 463 3581 rutum,
488 3492 572 3568 solvi
589 3508 700 3568 autem
718 3512 864 3595 nequeat
880 3522 940 3595 per
956 3494 1114 3570 ordinum
1139 3523 1332 3586 sacrorum,
1356 3523 1451 3600 prse-

334 3610 449 3682 sertim
480 3633 559 3683 vero
590 3607 842 3710 presbyteratus
865 3626 899 3685 et
922 3610 1137 3713 episcopatus
1172 3612 1446 3712 susceptionemJ

335 3723 393 3823 qui
419 3721 588 3797 bominem
611 3725 819 3798 constituunt
835 3724 869 3797 in
888 3741 976 3800 statu
993 3724 1091 3825 longe
1108 3726 1320 3827 perfectiore.

407 3839 519 3913 Prima
534 3836 717 3914 difficultas
735 3840 904 3916 disiicitur
915 3840 1127 3916 concedendo
1140 3841 1343 3917 adversariis
1360 3843 1447 3918 nihil

334 3979 520 4055 repugnare
538 3980 598 4054 per
618 3978 674 4042 se,
698 3952 790 4057 quod
811 3957 913 4030 etism
932 3956 1076 4059 simplex
1091 3974 1205 4033 votnm
1222 3958 1449 4033 continentiae

335 4083 449 4168 posset
461 4067 647 4147 dissolvere
657 4070 852 4169 coniugium
864 4086 992 4161 rutum;
1008 4071 1283 4175 quondoquidem
1292 4075 1448 4150 Christus

220 4224 226 4239 =
334 4185 518 4279 generatim
532 4182 596 4260 hoc
608 4182 751 4259 indulsit
762 4186 929 4286 profitenti
942 4186 1122 4289 perfectius
1133 4189 1224 4264 vitae
1236 4191 1442 4277 institutum

335 4321 411 4370 cum
430 4312 540 4372 umen
557 4298 720 4375 ecclesiae
733 4326 816 4375 suae
828 4318 1023 4400 potestatem
1043 4302 1196 4380 tribuerit
1212 4305 1349 4415 regendi
1367 4304 1447 4378 lide
