3234 5084
343 468 1180 527 crannussmscrmumruaunrssusrassuu.
1250 453 1317 527 aii
1406 430 1410 433 ⁸

207 593 334 667 litatem
352 590 503 688 coniugii
524 590 756 689 praescierunt
781 605 839 664 aut
863 604 1000 691 propter
1023 590 1242 681 adulterium,
1263 611 1322 669 aut

206 722 343 810 propter
359 702 549 780 absentiam
571 705 762 780 alterutrius
779 706 962 805 coniugis,
985 722 1044 781 aut
1065 708 1152 783 alias
1176 734 1318 799 causas,

205 821 310 924 idque
327 846 388 923 pro
404 816 564 894 materiae
585 820 766 909 affinitate,
787 846 948 895 unacum
968 822 1153 899 canonibus
1177 823 1318 900 aliorum

205 937 366 1013 librorum
384 934 671 1037 poenitentialium
691 935 782 1012 illius
802 938 940 1024 aetatis;
958 939 1203 1038 &attingemus
1219 965 1321 1041 quas-

206 1053 351 1127 stionem
369 1052 517 1126 criticam
536 1051 702 1126 eiusmodi
721 1052 1027 1153 poenitentialium
1045 1056 1201 1130 iveram
1213 1054 1322 1131 'lireo-

205 1166 281 1242 dori
304 1167 502 1241 sententiam
529 1165 826 1264 investigabimus3
856 1170 889 1240 l.
911 1168 1074 1267 originem
1103 1170 1239 1245 demum
1268 1172 1322 1245 iu·

206 1282 381 1382 quiremus
415 1282 601 1356 sententiae
625 1339 634 1369 ,
671 1307 759 1382 quae
796 1284 932 1383 irrepsit
967 1284 1056 1359 circa
1085 1286 1319 1383 coniugiorum

206 1395 476 1472 dissolutionem.

280 1514 308 1584 1.
337 1513 454 1613 ltaque
471 1512 507 1585 hi
525 1512 709 1587 asseruntur
727 1538 875 1589 canones
893 1539 954 1588 seu
973 1515 1085 1615 potius
1103 1515 1250 1617 capitula
1266 1542 1321 1592 se·

208 1627 294 1702 lecta
312 1654 353 1701 ex
372 1629 419 1703 ita
439 1627 530 1703 dicto
548 1628 779 1703 Paenitentiali
800 1626 986 1704 Theodori:
1011 1630 1213 1730 calele.
1229 1631 1318 1706 «Cui

207 1768 342 1816 uxorem
368 1741 476 1817 hostis
495 1742 689 1831 abstulerit,
708 1758 741 1817 et
758 1770 825 1817 non
843 1759 952 1845 potest
968 1760 1117 1843 repetere
1133 1771 1226 1835 eam,
1242 1744 1320 1821 licat

205 1858 236 1933 ci
253 1858 353 1933 aliam
374 1860 542 1959 accipere:
560 1859 680 1933 melius
694 1873 745 1933 ast
757 1886 860 1960 quam
874 1859 1137 1934 fornicariNaru
1155 1862 1185 1934 si
1203 1875 1320 1961 postea

205 1974 321 2049 redeat
342 2000 455 2062 uxor,
486 1999 552 2047 non
577 1972 677 2047 debet
700 1974 848 2073 recipere
874 2001 966 2064 eam,
996 1975 1025 2048 si
1051 1975 1152 2048 aliam
1178 1973 1314 2050 habeat.

205 2090 284 2189 Ipsa
301 2089 442 2190 accipiet
459 2087 599 2161 alterum
615 2088 741 2176 virum,
762 2090 791 2162 si
811 2116 917 2163 unum
935 2105 1013 2163 ante
1028 2088 1150 2165 habuit
1177 2093 1316 2187 (254).»

277 2203 359 2305 Cap.
380 2203 472 2276 cxi.
501 2203 652 2277 «Mulier
676 2205 707 2278 si
732 2205 768 2277 in
793 2206 1019 2306 captivitatem
1043 2207 1195 2304 pervim
1220 2204 1320 2313 ducta

205 2332 273 2405 est,
303 2333 380 2419 post
404 2344 528 2391 annum
554 2316 656 2391 aliam
680 2318 835 2419 accipere
859 2335 968 2419 potest
984 2321 1096 2416 (aaa).
1246 2318 1250 2331 '

279 2432 365 2506 ibid.
387 2433 468 2534 Cap.
490 2428 581 2507 cxi.
608 2433 760 2506 «laicus
784 2461 804 2507 a
827 2460 896 2533 quo
918 2432 1059 2508 recessit
1082 2433 1221 2523 mulier,
1242 2459 1318 2508 cum

204 2572 373 2624 consensu
390 2548 561 2651 episcopi,
578 2564 655 2649 post
670 2548 756 2623 duos
774 2574 881 2623 annos
898 2549 1000 2623 aliam
1018 2550 1162 2650 accipiat
1178 2551 1316 2647 (256).»

277 2664 360 2767 Cap.
380 2665 520 2738 cxiiii.
540 2665 678 2740 «Cuius
695 2691 780 2739 uxor
796 2665 978 2753 fornicata,
1006 2662 1084 2739 licet
1107 2691 1181 2739 eam
1206 2663 1318 2739 (limit-

206 2793 294 2865 tere,
323 2796 356 2852 et
378 2780 480 2854 aliam
505 2781 659 2880 accipere
679 2781 817 2876 (aeus

279 2961 345 3023 (254)
361 2964 389 3012 iu
408 2963 447 3013 ed.
460 2964 611 3015 Decimiana
629 2963 751 3028 Spiciieo.
772 2961 850 3014 Paris.
869 2967 935 3014 iiic.
954 2964 1014 3013 iaus.
1025 2964 1046 3012 1.
1057 2975 1112 3027 pag.
1127 2966 1181 3014 iai.
1195 2960 1321 3028 capitulo

209 3039 335 3092 Μαι
357 3043 469 3108 archiep.
489 3047 613 3095 cantuar.
629 3045 693 3094 iiuic
705 3043 815 3107 capitulo
828 3043 998 3105 mareotim,
1011 3055 1055 3094 sau
1068 3043 1150 3108 potius
1170 3043 1218 3094 iroc
1237 3042 1318 3107 ipsum

207 3123 322 3185 repetunt
330 3123 415 3185 paucis
423 3124 522 3175 mutatis
532 3123 613 3174 verbis
622 3123 715 3175 Theod.
728 3123 823 3174 Posuit.
831 3124 864 3174 li.
880 3130 916 3174 ta.
928 3122 1028 3187 §.aaut
1038 3128 1078 3174 24.
1089 3125 1151 3175 iiam
1161 3124 1187 3174 iu
1197 3122 1319 3174 Theodori

207 3203 352 3254 Paeniteat.
365 3204 396 3253 u.
412 3210 449 3254 1².
465 3203 489 3267 §.
502 3210 541 3255 aa.
562 3204 599 3254 sic
618 3204 706 3267 iegitur
721 3205 770 3254 «Si
785 3204 859 3253 cuias
871 3215 973 3253 uxorum
991 3203 1069 3254 louis
1080 3203 1210 3254 abstulerit
1226 3205 1251 3253 st
1266 3204 1319 3266 ipse

203 3292 259 3332 cam
276 3281 365 3331 iterum
382 3280 483 3346 adipisci
500 3294 549 3332 uon
566 3286 659 3345 potest,
675 3283 733 3332 iicet
745 3282 819 3332 uliam
834 3282 934 3344 toliere,
951 3282 1039 3333 meiius
1050 3284 1139 3333 eststc
1149 3282 1229 3333 iacere
1242 3294 1318 3345 quam

204 3360 348 3412 tornicuii.»
359 3361 382 3425 §.
395 3365 434 3411 24.
447 3361 494 3410 «si
507 3361 595 3410 itanum
607 3362 663 3423 pust
674 3360 734 3410 isses
741 3373 804 3410 uxor
814 3359 857 3411 ilia
868 3360 962 3411 ruerit
969 3359 1003 3411 ad
1013 3373 1086 3422 urm,
1100 3373 1150 3410 non
1161 3358 1233 3410 umet
1243 3360 1318 3424 recipi

203 3438 237 3489 ab
252 3453 296 3504 eo,
312 3440 334 3491 si
353 3439 429 3490 aliam
448 3438 537 3501 habat,
553 3439 597 3490 sed
613 3438 657 3489 iiis
670 3439 742 3490 tollat
754 3439 833 3490 alium
846 3440 927 3489 virum
942 3439 991 3490 siri
1004 3439 1028 3491 si
1044 3452 1121 3489 unum
1136 3440 1208 3488 autea
1222 3438 1316 3489 habuit.

205 3518 297 3570 &dan
310 3521 430 3571 sententis
449 3522 499 3571 stat
512 3519 544 3569 de
559 3519 637 3570 semis
654 3520 978 3570 transmarinisnsicstiam
990 3518 1015 3569 iu
1024 3530 1111 3570 nunu.
1123 3518 1232 3582 Gregorii
1241 3531 1266 3570 c.
1275 3523 1316 3570 7².

206 3602 243 3650 ita
261 3601 338 3652 mam
354 3604 381 3652 iu
402 3603 549 3652 Paenituit.
565 3600 727 3663 nussim.
737 3613 760 3649 c.
770 3605 811 3651 si.
824 3612 871 3651 nes
880 3612 930 3650 uun
942 3600 967 3649 in
979 3598 1082 3650 ludius
1094 3599 1233 3651 cinnatu
1242 3613 1265 3650 c.
1278 3607 1315 3652 19.

276 3681 342 3743 (255)
358 3685 386 3732 in
409 3681 502 3734 Theou.
519 3683 663 3732 Pourttesri.
673 3679 696 3744 ς.
710 3688 748 3732 aa.
759 3681 841 3731 «siin
851 3680 1018 3744 captiuitatem
1027 3693 1071 3744 per
1082 3681 1132 3731 vim
1144 3678 1243 3731 dumam
1253 3679 1316 3731 redi·

204 3772 271 3811 ruera
285 3774 335 3813 uun
351 3765 444 3827 potest,
462 3765 518 3826 pust
536 3772 627 3812 sunum
646 3760 747 3811 nitamur
765 3759 926 3824 accipisit-5.
938 3760 1137 3811 ri.«1ismsiin
1149 3760 1314 3824 captiuitatem

205 3841 281 3892 uscia
298 3843 384 3905 merit,
404 3844 443 3893 vir
454 3843 508 3893 sius
518 3845 549 3893 V.
560 3855 639 3893 nunus
651 3843 779 3905 mpaatst,
795 3840 910 3892 similiter
921 3843 1003 3892 autem
1014 3840 1180 3902 etmaiier,si
1194 3839 1317 3891 mustolia

203 3921 376 3984 configsriui.»
385 3922 456 3987 §.aa
470 3943 482 3966 ι
491 3924 517 3974 Si
532 3924 608 3986 igitur
622 3922 661 3972 vir
675 3922 778 3972 aiteram
794 3919 866 3972 duxit
881 3934 998 3985 urorsm3
1015 3922 1120 3985 priorem
1132 3918 1164 3971 de
1174 3919 1317 3984 captivitate

205 4013 326 4051 ravanam
343 4004 459 4067 accipiat,
476 4005 634 4067 posteriorem
656 4002 777 4064 dimittat,
792 4001 907 4053 amiitat
925 4004 1007 4052 auton
1018 4004 1044 4052 et
1056 4001 1110 4064 iiia,
1129 3999 1315 4063 sicutsnpcrius

202 4079 330 4142 diximus,
345 4082 365 4132 si
383 4083 438 4133 viro
458 4083 515 4133 talia
535 4083 694 4147 contigerint,
713 4083 813 4134 iaciat.-

277 4161 342 4223 (asc)
359 4161 450 4212 Theou.
461 4164 591 4212 Poenica
601 4170 638 4213 ts.
652 4164 695 4214 «st
708 4163 796 4212 mulier
806 4161 946 4212 diremerit
956 4172 972 4211 a
981 4161 1036 4211 viro
1047 4172 1093 4211 suo
1104 4158 1235 4223 &spirim
1243 4170 1314 4221 eum,

204 4241 292 4292 uolans
307 4244 427 4292 revenere
441 4244 466 4292 et
481 4243 631 4294 reconciliari
645 4242 711 4305 viru,
724 4245 780 4306 post
789 4245 821 4291 v.
834 4254 911 4292 annos
920 4254 977 4291 cum
990 4251 1108 4291 caumas
1123 4237 1230 4303 episcopi
1240 4238 1315 4289 silaus

205 4321 317 4385 sculpam
328 4320 412 4372 iicebit
420 4335 547 4373 uxorari.»
559 4324 624 4373 cua.
639 4325 743 4385 mesor.
754 4335 777 4372 c.
787 4325 827 4373 ic.
841 4318 886 4372 «si
899 4319 1015 4371 mulier...
1024 4331 1081 4370 cum
1093 4318 1136 4370 iiio
1145 4319 1201 4370 viru
1211 4320 1313 4370 woatc.

275 4400 343 4465 (257)
359 4400 398 4451 ci.
410 4414 433 4450 c.
447 4405 499 4453 iai.
509 4423 523 4445 ι
534 4403 559 4452 si
571 4403 665 4465 polluta
673 4402 748 4453 iuerit
757 4401 857 4465 mulier,
867 4401 906 4452 vir
915 4402 969 4452 cius
980 4399 1053 4452 mast
1063 4401 1220 4522 prescrip
1231 4398 1315 4450 ulrum
