3234 5084
332 458 403 508 cir.
416 456 463 507 ur.
481 455 520 506 or
532 453 629 506 sumo
644 452 736 504 nuo.
748 452 832 504 oruc.
847 451 960 502 mous.
976 450 1071 504 uara.
1087 451 1159 502 mr.
1176 451 1200 501 ι.
1254 427 1322 498 299

208 575 320 650 adhuo
344 573 449 646 altero
464 571 607 668 coniuge
627 568 752 667 (111st
767 569 853 644 Cum
878 583 989 643 autem
1007 566 1193 642 adversarii
1210 565 1267 640 hio
1283 568 1325 639 ti·

209 690 300 764 mide
323 702 444 786 agant,
477 712 588 786 neque
612 685 705 760 aliud
730 685 773 759 ad
799 680 1034 758 affirmandam
1060 682 1210 781 Gregorii
1236 682 1327 755 theo-

209 806 275 903 logi
301 804 501 879 sententiam
528 816 669 900 urgeant
693 815 946 900 argumentum,
968 798 1045 874 ideo
1062 824 1130 873 nou
1155 814 1209 872 est
1233 797 1325 898 quod

209 935 380 1019 praeterea
405 916 619 990 adiiciamus.

693 1180 729 1276 p.
752 1180 841 1251 xrrr.

658 1408 694 1455 De
709 1409 734 1455 S.
747 1405 884 1455 Ambrosio.

285 1603 481 1703 Priusquam
508 1629 538 1676 s.
559 1601 713 1676 Doctoris
740 1602 950 1700 proferamus
968 1598 1326 1687 sententiam-sedato

211 1745 325 1792 verum
345 1717 558 1792 Ambrosium
576 1717 619 1790 ab
635 1717 794 1790 ementito
810 1715 1001 1803 Ambrosio,
1017 1741 1078 1790 seu
1103 1715 1233 1790 Hilario
1257 1714 1328 1789 dia·

210 1860 295 1908 cono
320 1833 535 1922 luciferiano,
558 1833 617 1932 qui
643 1831 708 1906 sub
733 1830 905 1906 Ambrosii
929 1832 1064 1906 nomine
1088 1831 1327 1906 commentaria

209 1948 317 2021 edidit
336 1949 371 2019 in
394 1945 487 2020 Pauli
508 1945 687 2047 epistolas,
705 1971 923 2020 secernamus
946 1961 1086 2046 oportet.
1106 1946 1181 2032 Qua
1199 1945 1327 2020 ratione
1383 1977 1386 1982 ⁴

209 2064 294 2138 alter
317 2063 376 2137 hio
399 2078 515 2136 auctor
539 2062 661 2161 exponi
687 2060 827 2142 debeat,
856 2075 974 2162 postea
997 2062 1163 2149 dicemus3
1192 2061 1324 2136 interim

209 2205 298 2279 quae
314 2180 357 2253 do
374 2205 411 2252 re
429 2194 544 2253 nostra
560 2204 661 2253 uerus
678 2177 793 2252 doouit
805 2176 1005 2252 Ambrosius
1024 2177 1092 2251 iam
1110 2177 1322 2251 subiioimus.

283 2296 564 2395 indispositio
590 2295 713 2369 hirom
736 2295 797 2368 lib.
832 2296 921 2368 vrit.
952 2296 1007 2369 bis
1034 2295 1147 2370 verbis
1181 2310 1326 2369 mentem

211 2436 306 2484 suam
319 2411 443 2510 aperit:
463 2441 480 2481 r
498 2411 612 2484 Omnis
624 2413 683 2510 qui
702 2410 841 2483 dimittit
853 2437 988 2484 uxorem
1008 2437 1114 2493 suom,
1131 2425 1162 2483 et
1173 2410 1264 2483 ducit
1276 2411 1327 2482 oi-

212 2540 328 2611 brom,
356 2528 561 2599 moeobotor:
577 2541 607 2599 et
632 2527 692 2625 qui
715 2527 885 2599 dimissam
910 2553 932 2599 o
954 2527 1027 2599 uiro
1051 2525 1154 2610 ducit,
1181 2525 1328 2599 moecho·

211 2656 277 2714 tor.
299 2642 393 2715 Prius
410 2641 592 2715 dicendum
618 2641 763 2716 arbitror
787 2641 831 2715 de
860 2641 933 2740 lege
957 2641 1126 2738 coniugii,
1143 2656 1180 2713 ut
1209 2654 1327 2739 postea

210 2754 254 2827 do
268 2755 478 2854 prohibendo
489 2755 632 2830 divortio
644 2755 869 2856 disputemus.
889 2786 907 2824 r
924 2754 1085 2855 Exposita
1099 2771 1210 2829 autem
1222 2753 1326 2854 priori

214 2886 307 2967 parte
325 2870 368 2942 de
384 2871 552 2967 coniugiis
570 2868 774 2958 infidelium,
790 2895 831 2943 ao
845 2869 994 2944 fidetium
1019 2894 1095 2944 eum
1114 2868 1323 2955 infidelibus,

214 3010 302 3084 quae
323 2985 427 3059 alteo
438 3011 505 3059 non
518 3009 595 3059 osse
608 2984 667 3072 ait,
689 2984 842 3085 adeoque
856 3011 958 3085 posse
971 2984 1155 3086 aliquando
1168 2982 1322 3072 dissolri,

212 3100 321 3199 pergit
338 3100 381 3172 ad
399 3100 538 3173 alteram
559 3116 688 3200 portem
706 3100 841 3175 dioens:
862 3131 879 3171 «
899 3103 989 3199 Ergo
1004 3100 1061 3173 ubi
1081 3100 1230 3199 nuptiae,
1251 3100 1327 3174 har·

212 3215 341 3288 monia:
356 3214 413 3288 ubi
435 3214 623 3302 harmonia,
638 3216 730 3289 Deus
752 3216 872 3313 iungit.
892 3215 955 3289 Ubi
979 3216 1153 3290 harmonia
1172 3230 1323 3302 nonest,

211 3357 324 3430 pugna
355 3345 457 3431 atquo
480 3330 649 3405 dissensio
674 3345 746 3404 est:
774 3356 862 3430 quae
896 3356 962 3404 non
994 3346 1046 3404 est
1081 3355 1101 3402 a
1124 3330 1216 3417 Deo,
1243 3330 1325 3429 quia

211 3445 298 3518 Deos
315 3447 459 3518 ebaritas
484 3461 543 3518 est.
577 3444 650 3519 Noli
678 3471 759 3542 orgo
784 3471 922 3520 uxorem
946 3444 1136 3532 dimittere,
1154 3469 1198 3517 ne
1217 3444 1325 3518 Deum

212 3577 288 3634 tuae
300 3561 442 3660 copulae
457 3561 635 3635 diffitearis
657 3576 839 3634 auctorem.
857 3560 989 3634 Etenim
1004 3560 1033 3633 si
1053 3558 1196 3646 alienos,
1220 3557 1325 3633 multo

213 3677 320 3774 magis
342 3677 455 3752 uxoris
473 3675 577 3749 debes
597 3676 737 3750 tolerare
751 3692 784 3749 et
795 3675 975 3749 emendare
991 3700 1115 3749 mores.
1136 3673 1223 3748 dudi
1242 3674 1325 3775 quid

211 3791 333 3865 dixerit
355 3794 539 3867 Dominus:
570 3790 638 3878 Qui
663 3791 801 3865 dimittit
830 3792 1012 3876 mutierem,
1045 3792 1128 3891 {orit
1152 3817 1223 3864 rom
1245 3817 1326 3864 moe·

210 3906 314 3979 ebori.
331 3908 462 3981 Etenim
474 3907 529 3980 oui
549 3931 617 3980 non
638 3905 858 3980 licetuivente
870 3906 956 3992 riro,
973 3922 1102 3979 mutare
1115 3904 1322 4003 coniugium,

211 4039 319 4118 potest
341 4022 502 4123 obrepere
529 4022 634 4096 libido
659 4020 835 4122 peccandi.
868 4023 986 4121 ltaque
1023 4021 1082 4121 qui
1121 4038 1237 4095 auctor
1276 4047 1325 4095 er-

281 4242 347 4300 (ιιι)
361 4242 399 4290 ct.
410 4242 545 4293 Amudiuur
562 4244 608 4293 too.
620 4244 662 4294 oit.
674 4256 720 4294 noo
736 4246 856 4293 multat
873 4243 941 4294 Alex.
960 4243 1004 4306 qni
1023 4242 1071 4293 loo.
1094 4243 1137 4293 ott.
1149 4243 1223 4294 refert
1231 4255 1252 4293 s.
1266 4246 1324 4295 Gra·

209 4319 306 4380 gorium
326 4322 390 4369 inter
409 4318 601 4385 propugnatores
614 4323 844 4385 indissolubilitutiu
858 4323 933 4387 idque
945 4323 1041 4386 merito;
1060 4337 1117 4375 naor
1131 4324 1322 4389 exploratumne

76 4454 82 4468 ⁹
208 4399 330 4450 sententio
351 4401 397 4450 ost.
