3234 5084
327 438 396 509 les
471 458 532 507 ms.
549 457 597 507 ιιι.
613 454 700 506 ιιιι.
716 454 846 505 mrem.
863 455 903 506 os
916 454 1029 506 rueres.
1046 456 1141 507 ιιιιι.
1157 455 1280 507 ιιιιιι.

324 574 483 678 Apostolo
497 574 695 648 iniuriosum
709 574 918 663 incidamus,
936 573 1099 649 fateamur
1111 600 1250 651 neeesse
1263 591 1314 649 ιιι
1326 575 1443 676 ipsunt

323 691 391 764 illis
407 689 542 764 verbis:
564 689 706 776 Quodsi
720 690 918 775 discesserit,
939 716 1067 763 orauere
1084 692 1274 788 innuptam,
1294 693 1443 764 autoire

323 833 381 880 suo
406 806 613 903 reconciliari
624 861 633 891 ,
659 805 809 879 locutum
833 828 909 879 esse
932 806 976 879 de
1000 805 1226 894 discessione,
1246 832 1335 905 quae
1353 806 1445 881 iuste

323 947 365 994 ιι
385 946 490 994 eausa
514 920 601 995 lacta
629 920 750 1007 luerit,
778 920 865 994 adeo
887 935 928 993 ‘ut
942 946 1031 996 vers.
1054 923 1112 995 10.
1134 921 1294 995 iniustam
1311 920 1447 995 disces·

322 1037 454 1112 sionem
471 1036 630 1124 vetuerit,
649 1062 737 1110 vers.
759 1054 870 1110 autem
886 1040 944 1108 ll.
963 1053 1039 1137 post
1057 1040 1180 1111 iustam
1197 1037 1299 1110 etiam
1316 1035 1445 1111 disces·

323 1151 453 1226 sionem
470 1150 613 1224 edixerit
628 1150 796 1225 secundas
815 1151 949 1252 nuptias
971 1176 1039 1224 non
1064 1150 1190 1239 licere,
1218 1150 1280 1225 sed
1304 1176 1442 1225 uxorem

323 1265 445 1340 debere
469 1265 523 1340 vel
546 1267 620 1341 siro
646 1265 876 1354 reconciliari,
902 1265 957 1340 vel
982 1266 1158 1365 innuptam
1182 1291 1331 1340 manere.

407 1382 502 1456 Hanc
527 1382 669 1457 huiusce
697 1383 761 1457 loci
792 1383 1120 1483 interpretationem,
1149 1408 1237 1481 quse
1268 1380 1335 1480 ipsi
1362 1407 1446 1455 con-

324 1499 428 1572 textui
454 1516 679 1575 consentanea
703 1514 773 1587 est,
800 1513 902 1598 etque
923 1526 964 1572 es
989 1497 1106 1571 eodem
1125 1497 1323 1571 'necessario
1348 1497 1446 1571 elllo-

323 1612 443 1700 rescit,
468 1629 616 1712 praestet
641 1629 788 1687 veterum
816 1612 1013 1687 auctoritate
1037 1612 1181 1685 firmare.
1210 1611 1299 1685 Sane
1323 1636 1353 1683 s.
1375 1608 1447 1684 Au-

322 1728 479 1825 gustinus
496 1726 556 1800 lib.
567 1727 595 1799 l.
612 1728 660 1800 lle
678 1729 807 1826 eouiup.
829 1726 970 1800 adulter.
986 1727 1105 1828 primis
1119 1741 1264 1825 quatuor
1275 1725 1445 1824 capitibus

323 1858 413 1916 totus
441 1843 477 1914 in
498 1868 539 1916 eo
556 1858 628 1929 est,
653 1858 690 1915 ut
711 1841 865 1916 Pollentii
890 1841 1047 1916 excludat
1070 1841 1331 1940 expositionem,
1350 1841 1445 1939 quod

323 1981 446 2055 nempe
471 1955 645 2029 fornicatio
667 1981 734 2029 non
759 1954 862 2029 modo
888 1956 991 2030 unica
1013 1956 1060 2033 sit
1083 1941 1235 2052 legitima
1257 1981 1362 2031 cause
1390 1955 1445 2028 di-

322 2097 479 2158 scessus,
508 2070 691 2153 sedetiam
718 2071 815 2160 telis,
845 2089 882 2144 ιιι
905 2098 946 2146 ea
964 2072 1204 2147 interveniente
1222 2071 1308 2147 alter
1321 2073 1444 2145 coniux

321 2184 540 2261 ulornieente
557 2184 756 2272 discedens,
775 2186 860 2260 alias
874 2187 1011 2284 nuptias
1026 2185 1135 2284 possit
1151 2186 1249 2261 inire.
1270 2186 1305 2257 S.
1322 2187 1448 2260 Doctor-

321 2298 476 2372 concedit
496 2298 655 2398 quidem,
684 2299 787 2373 immo
803 2315 837 2373 et
862 2299 1035 2374 contendit
1062 2297 1167 2375 solam
1189 2299 1444 2373 fornicationem

321 2437 399 2487 esse
423 2412 606 2510 legitimam
633 2412 830 2487 discedendi
856 2439 994 2486 eausam
1013 2412 1084 2485 sive
1105 2413 1179 2487 viro
1199 2413 1270 2487 sire
1287 2413 1440 2501 mulieri;

320 2527 382 2613 sed
407 2527 453 2600 ita
478 2543 516 2600 ut
536 2526 680 2602 debeant
697 2529 831 2629 innupti
852 2554 1066 2627 permanere;
1088 2527 1247 2600 nimirum
1272 2527 1446 2602 contendit
1504 2532 1507 2535 ’

319 2641 521 2715 adulterium
544 2667 623 2716 esse
638 2664 784 2717 'causam
813 2642 947 2716 divortii
972 2640 1089 2716 aeolo
1114 2656 1185 2716 toro
1214 2657 1247 2715 et
1271 2640 1444 2719 cohabita·

319 2757 428 2845 tione,
456 2783 523 2831 non
549 2774 660 2831 autem
683 2757 795 2858 quoad
821 2755 1007 2833 vinculum.

392 2872 484 2945 Haec
510 2889 589 2946 sunt
609 2873 788 2970 Augustini
814 2871 933 2946 verba:
958 2872 1074 2945 «Eum
1094 2871 1330 2971 (Apostolum)
1351 2872 1444 2949 velut

319 2989 587 3084 interrogemus,
608 3003 641 3061 et
664 3004 835 3088 tamquam
856 3003 1065 3088 praesentem
1090 2986 1341 3087 quodammodo
1365 3014 1444 3064 eon-

318 3100 486 3175 sudamus.
521 3101 590 3175 Cur
615 3102 730 3176 dixisti
756 3102 939 3203 Apostole,
974 3102 1061 3202 quod
1083 3105 1118 3176 si
1140 3102 1343 3188 discesserit,
1369 3129 1443 3177 me·

317 3244 391 3290 uere
417 3218 618 3316 innuptum?
642 3218 775 3293 Licetne
800 3218 992 3307 discedere,
1017 3245 1061 3292 en
1086 3243 1154 3291 non
1182 3216 1287 3291 licet?
1311 3219 1345 3291 Si
1361 3230 1440 3293 non

316 3332 415 3421 licet,
438 3358 499 3411 cur
515 3335 682 3435 praecipis
699 3333 906 3421 discedenti,
931 3350 968 3408 ut
989 3346 1124 3408 maneat
1141 3332 1312 3435 innupte?
1327 3333 1363 3407 Si
1379 3359 1441 3409 su·

317 3464 383 3523 tem
411 3448 503 3537 licet,
532 3449 680 3549 prolecto
704 3466 756 3523 est
777 3448 892 3548 aliqua
914 3476 1019 3523 causa
1035 3475 1104 3550 qua
1126 3447 1238 3522 liceat.
1268 3448 1360 3525 Haec
1382 3476 1442 3523 eu-

317 3582 384 3640 tem
409 3566 571 3666 inquisita
597 3592 663 3641 non
694 3566 889 3653 invenitur,
919 3565 985 3639 nisi
1018 3591 1121 3665 quem
1154 3563 1264 3641 solam
1288 3564 1443 3641 Salvator

314 3681 461 3779 excepit,
487 3679 609 3769 idest,
629 3702 733 3754 cause
754 3679 996 3754 fornicationis.
1017 3679 1066 3754 Ac
1083 3705 1143 3780 per
1164 3679 1230 3754 hoc
1254 3705 1322 3754 non
1342 3706 1441 3779 prae-

315 3795 405 3893 cepit
425 3793 606 3895 Apostolus
624 3795 799 3869 mulierem
817 3794 846 3868 si
865 3795 1061 3870 discesserit
1080 3810 1216 3871 monere
1240 3796 1436 3896 innuptum,

315 3908 382 3983 nisi
408 3935 497 4008 quae
522 3908 581 3984 illa
602 3936 706 3984 causa
731 3909 879 3983 discedit
901 3937 923 3985 a
942 3911 1035 3999 viro,
1063 3938 1132 4011 qua
1155 3910 1229 3987 sola
1252 3912 1285 3989 ei
1309 3911 1439 3985 licitum

313 4039 368 4101 est
387 4023 562 4109 discedere
583 4025 713 4107 avire.
735 4024 798 4098 Ubi
820 4025 910 4101 enim
934 4024 1079 4114 dicitur,
1112 4027 1285 4126 Praecipio
1305 4054 1370 4099 oon
1385 4026 1440 4099 di·

312 4138 458 4224 scedere,
494 4140 581 4238 quod
604 4142 638 4213 si
660 4140 865 4225 discesserit,
893 4166 1023 4212 manere
1055 4143 1247 4240 innuptam,
1283 4140 1373 4215 absit
1400 4155 1439 4212 ut

312 4254 508 4328 contrahes
528 4272 743 4355 praeceptum
762 4256 879 4344 saciat,
902 4282 990 4354 quae
1011 4255 1062 4330 sic
1082 4257 1228 4331 discedit
1242 4272 1281 4330 ut
1297 4258 1437 4356 innupta

313 4386 518 4468 permaneat.
540 4370 612 4445 Nisi
639 4396 719 4468 ergo
745 4370 804 4443 illa
830 4368 1041 4470 intelligatur
1062 4372 1117 4447 cui
1142 4371 1223 4450 lieet
1241 4371 1433 4457 discedere,
