3234 5084
338 429 406 501 ato
482 450 543 502 un.
561 448 609 501 ru.
626 449 712 501 sacr.
729 447 861 502 turni.
882 450 923 501 nn
944 449 1056 502 raons.
1077 450 1173 502 stra.
1190 451 1314 504 cunni.

339 565 480 639 relatum
496 590 518 638 a
534 591 564 639 s.
582 565 788 667 Hieronymo
804 566 841 639 in
862 566 1006 666 epistola
1031 568 1075 641 ad
1092 567 1278 643 Oceanum.
1300 570 1361 644 Ast
1386 597 1459 644 eam

336 681 503 781 poenituit
521 681 607 755 adeo
635 682 795 757 facinoris
820 684 896 770 sui,
922 698 959 756 ut
985 709 1051 758 non
1080 683 1285 759 dubitaverit
1306 711 1345 758 se
1370 712 1459 760 ream

338 796 519 871 inclamare
537 796 572 868 in
592 798 749 896 ingressu
765 798 930 873 basilicae
941 797 1183 887 lateranensis,
1199 801 1360 876 universo
1372 801 1462 874 clero

338 912 531 1014 populoque
549 939 688 988 mmauo
708 930 895 1014 spectante.
917 915 966 987 Ex
984 941 1051 1015 quo
1069 915 1156 990 lacto
1173 914 1463 1016 deprehendimus

338 1053 440 1130 mam
474 1029 656 1104 inveterata
681 1055 721 1104 ac
753 1031 850 1104 firma
884 1031 983 1105 luerit
1012 1032 1047 1103 in
1078 1029 1223 1105 ecclesia
1255 1057 1394 1105 murana
1418 1031 1462 1104 de

337 1143 533 1219 omnimoda
552 1143 851 1219 indissolubilitate
875 1144 1065 1244 coniugalis
1091 1145 1242 1233 vinculi,
1281 1147 1382 1220 etiam
1414 1147 1464 1219 in·

339 1258 542 1334 tornamento
567 1259 758 1348 adulterio,
788 1260 941 1336 doctrina
968 1287 1010 1335 ac
1033 1260 1180 1335 traditio.

424 1375 487 1449 His
513 1374 615 1474 igitur
640 1372 823 1461 dimissis,
851 1389 889 1448 ut
919 1376 1111 1475 incoeptum
1136 1401 1347 1450 resumamus
1374 1377 1459 1462 iter,

340 1489 517 1565 recolenda
544 1489 643 1565 nobis
665 1505 848 1590 supersunt
872 1490 1093 1578 documenta,
1114 1516 1204 1590 quae
1228 1517 1249 1564 a
1275 1489 1388 1566 seculo
1404 1491 1457 1562 vt.

339 1623 374 1680 et
388 1605 551 1706 deinceps
567 1606 754 1682 afferuntur
770 1606 843 1680 sive
861 1632 924 1705 pro
941 1605 1096 1681 absoluta
1116 1606 1265 1703 coniugii
1282 1606 1458 1691 firmitate,

340 1723 412 1796 sira
434 1738 551 1796 contra
575 1720 739 1796 eamdem.

770 1937 980 1995 ARTlCllLUS
1000 1938 1036 1992 ΙΙ.

354 2109 397 2170 De
412 2125 498 2170 sensu
512 2109 690 2170 traditionnli
704 2111 782 2169 eirca
796 2108 1082 2170 indissolubilttotem
1103 2110 1253 2171 christiani
1266 2114 1446 2172 matrimonii

525 2208 557 2267 in
576 2221 666 2267 cansa
686 2206 821 2267 adulterit
843 2222 861 2267 a
880 2206 978 2267 secuto
998 2206 1051 2267 vi.
1072 2213 1102 2267 et
1121 2207 1265 2284 deinceps.

425 2417 524 2492 Haud
550 2416 735 2492 diffitemur
765 2417 975 2496 salebrosam
1001 2432 1035 2489 et
1059 2416 1208 2516 scopulis
1233 2417 1377 2491 obsitam
1400 2444 1462 2492 nos

341 2533 472 2633 ingredi
496 2533 587 2608 viam
618 2533 700 2607 dum
725 2532 927 2608 documenta
959 2530 1189 2606 ecclesiastica
1216 2533 1260 2605 de
1291 2535 1463 2635 proposita

339 2651 538 2752 quaestione
568 2650 758 2750 expendere
789 2648 1018 2748 aggredimur.
1052 2647 1185 2723 Certum
1211 2648 1381 2748 siquidem
1411 2665 1463 2723 est

342 2767 502 2867 pleraque
527 2766 739 2854 testimonia,
770 2791 859 2866 quae
879 2765 922 2838 de
947 2765 1012 2838 boc
1039 2781 1236 2862 argumento
1256 2791 1277 2838 a
1296 2780 1391 2838 sexto
1408 2791 1462 2838 eo-

341 2881 465 2954 clesine
490 2880 604 2954 seculo
628 2897 661 2953 et
685 2880 846 2978 deinceps
869 2906 945 2953 sese
966 2878 1144 2966 exhibent,
1164 2895 1278 2978 aperte
1295 2905 1356 2978 pro
1373 2880 1462 2954 avita

341 2993 493 3068 doctrina
523 2994 719 3068 decertare:
748 3021 864 3069 varum
890 3021 952 3069 nec
975 2994 1098 3069 dosunt
1125 2995 1344 3082 documenta,
1373 3020 1461 3093 quae

341 3125 399 3182 ant
423 3133 557 3207 gruum
576 3110 748 3183 lacessunt
763 3110 995 3184 difficultatem
1014 3124 1128 3184 oontrs
1151 3107 1461 3184 indissolubilitatis

342 3225 547 3313 doctrinam,
577 3225 759 3301 autetiam
784 3225 832 3297 illi
860 3230 995 3326 penitus
1021 3226 1193 3300 adversari
1214 3225 1382 3299 videntur.
1412 3224 1461 3296 Ea

342 3367 411 3440 qua
435 3366 498 3441 per
521 3357 573 3414 est
597 3340 775 3415 sedulitate
802 3331 937 3438 singula
962 3340 1005 3413 ad
1028 3341 1187 3414 trutinam
1213 3338 1457 3413 revocabimus.

342 3455 575 3554 Perspicuitati
603 3456 776 3530 studentes
803 3456 839 3528 in
870 3455 956 3529 duas
980 3455 1082 3528 veluti
1108 3455 1236 3529 classes
1261 3453 1462 3527 documenta

342 3570 426 3644 baec
451 3572 654 3671 partiemur,
688 3595 810 3670 nempe
835 3572 870 3642 in
896 3585 987 3644 certa
1011 3587 1044 3644 et
1070 3569 1243 3642 indubia.
1273 3568 1339 3640 Sed
1365 3568 1461 3668 prius

341 3709 381 3756 ea
398 3684 599 3772 afferemus,
620 3711 709 3786 quae
726 3701 817 3759 certo
833 3711 894 3786 pro
915 3686 1055 3785 antiqua
1080 3699 1170 3758 stant
1185 3683 1369 3770 sententia,
1390 3699 1461 3755 tum

343 3799 478 3898 vero1ea
494 3801 567 3875 sive
591 3799 715 3873 dubiae
732 3799 961 3886 auctoritatis,
982 3800 1054 3873 sive
1073 3798 1197 3872 dubiae
1218 3796 1462 3896 interpretatio-

344 3916 417 4002 nis,
443 3941 532 4015 quae
557 3916 633 3990 ideo
658 3942 721 3991 nos
750 3917 889 3990 minime
913 3916 1099 4003 contraria,
1135 3914 1195 3989 sed
1221 3914 1332 4013 potius
1356 3911 1461 3986 dubia

343 4031 567 4132 appellamus.
