3234 5084
305 409 377 483 lit
455 430 518 483 ιιι.
535 429 584 482 ιιι.
600 428 688 480 sacr.
710 429 842 481 ιιιιιι.
863 428 903 481 ιι
918 427 1031 481 morsa.
1048 427 1144 481 ιιιιι.
1166 426 1289 479 caum.

297 564 347 624 eto
368 564 399 622 et
422 551 458 621 in
481 549 627 622 ecelcao.
648 547 817 637 Attamen,
835 545 993 621 omnibus
1016 544 1213 633 latentibus,
1227 561 1339 621 uetera
1360 545 1419 623 illa

297 662 470 738 connubia
493 660 636 738 dissolvi
654 676 825 762 poterant,
847 660 968 739 saltem
992 686 1034 734 cx
1057 659 1120 734 Dei
1144 660 1413 761 dispensatione

298 804 379 878 ergo
400 778 681 854 indissolubilitas
707 804 774 853 non
798 777 885 853 bene
909 776 1086 852 deducitur
1109 802 1151 853 er
1172 776 1301 855 ratione
1324 777 1415 876 signi

298 920 360 970 seu
384 893 602 969 sacramenti.

373 1010 409 1083 2.
437 1008 526 1095 Quia
553 1008 638 1084 ratio
667 1007 869 1083 sacramenti
885 1032 998 1107 perse
1021 1009 1147 1107 sumpti
1168 1006 1327 1083 convenit
1350 1022 1417 1081 tam

299 1125 512 1203 manimonio
537 1123 688 1199 fidelium
709 1139 838 1198 tantum
858 1139 949 1211 ratu,
970 1149 1075 1224 quam
1099 1124 1313 1201 matrimonio
1337 1148 1418 1199 ccn·

300 1255 487 1329 summato3
504 1240 622 1340 ecquis
648 1240 738 1314 enim
757 1240 891 1315 inficias
915 1238 978 1315 ibit
1001 1238 1253 1313 matrimonium
1266 1237 1418 1313 fidelium

299 1355 381 1435 dunt
406 1381 576 1431 consensu
609 1354 779 1456 perficitur
802 1380 880 1431 esse
903 1380 982 1430 rere
1005 1368 1039 1427 ct
1064 1351 1201 1454 proprie
1226 1353 1419 1427 Sacramen-

300 1469 395 1547 tum?
407 1469 634 1545 Nihilominus
650 1471 684 1543 in
698 1469 869 1569 aliquibus
886 1468 1026 1545 casibus
1039 1483 1150 1543 ratum
1168 1467 1419 1542 matrimonium

299 1585 480 1665 dirimitur.
502 1585 609 1684 lgitur
627 1584 829 1659 sacramenti
853 1583 955 1658 etiam
982 1582 1118 1684 propria
1143 1583 1225 1657 dicti
1250 1585 1336 1659 ratic
1358 1581 1418 1659 illu

298 1726 368 1781 non
393 1715 462 1789 est,
484 1726 572 1800 quae
597 1698 928 1775 indissolubilitatem
947 1697 1175 1775 omnimodam
1196 1697 1323 1773 tribuat
1346 1724 1419 1773 mu·

303 1815 472 1891 trimonio.

375 1935 410 2005 3.
439 1932 527 2019 Quia
549 1958 665 2007 rerum
691 1947 938 2008 sacramentum
970 1930 1113 2006 babetur
1138 1930 1272 2007 etiamsi
1298 1928 1416 2007 fideles

299 2047 359 2148 qui
378 2048 572 2146 coniugium
590 2047 804 2136 contrahunt,
825 2064 992 2150 statuant,
1012 2073 1075 2122 sen
1092 2047 1307 2147 paciscantur
1331 2047 1418 2121 inter

298 2187 337 2236 sa
361 2178 477 2236 mutuo
501 2188 670 2236 consensu
691 2188 825 2237 servare
850 2161 885 2234 in
911 2162 1124 2236 matrimonio
1146 2162 1411 2249 continentiam,

297 2293 336 2351 ut
361 2292 492 2351 constat
515 2277 559 2351 de
584 2277 798 2351 matrimonio
823 2276 912 2351 inter
928 2304 958 2352 s.
982 2275 1194 2351 Pulcheriam
1218 2290 1251 2350 et
1272 2276 1414 2350 Maroia-

298 2418 399 2481 num,
418 2407 457 2465 ut
475 2391 543 2467 alia
567 2393 718 2467 omittam
737 2392 909 2493 exempla,
926 2392 1079 2493 adeoquo
1103 2391 1347 2467 consummatio
1373 2392 1415 2467 ad

293 2509 483 2584 'essentiam
510 2536 578 2585 non
598 2510 742 2609 pertinet
763 2509 835 2584 siue
855 2509 1077 2598 sacramenti,
1102 2509 1175 2584 sive
1198 2507 1415 2596 matrimonii,

299 2640 399 2725 prout
411 2642 523 2701 mente
543 2625 731 2726 concipitur
750 2652 771 2700 a
791 2640 1002 2700 sacramento
1020 2623 1230 2699 distinctum.
1250 2624 1321 2697 lam
1339 2648 1419 2698 vero

298 2741 391 2817 istud
421 2741 669 2818 matrimonium
690 2740 799 2817 solum
823 2756 931 2815 ratum
953 2740 1075 2838 iugiter
1098 2744 1336 2841 perseverans„
1353 2740 1417 2815 etsi

299 2874 546 2931 sacramentum
572 2883 651 2931 vere
677 2856 741 2943 sit,
766 2882 900 2954 semper
918 2854 1089 2930 nonnullis
1110 2855 1146 2930 in
1164 2854 1300 2931 casibus
1327 2853 1418 2929 solu-

298 2969 367 3045 bile
391 2972 459 3045 dici
485 2972 595 3046 debet.
611 2972 699 3046 Hinc
726 2970 814 3045 redit
832 2971 950 3046 eadem
972 2971 1165 3059 conclusio,
1189 2971 1281 3071 quod
1306 2996 1417 3047 sacra·

298 3086 400 3160 menti
426 3086 511 3161 ratio
535 3112 594 3188 per
619 3113 657 3162 se
681 3086 909 3162 omnimodam
934 3085 1266 3164 indissolubilitatem
1292 3087 1411 3163 coniu-

298 3200 355 3300 gio
378 3227 446 3277 non
473 3200 623 3276 tribuat·

373 3316 407 3391 l.
436 3315 524 3402 Quia
547 3315 703 3391 Christus
726 3316 800 3419 ipse
821 3316 1024 3415 significarit
1044 3313 1415 3390 indissolubilitatema

297 3431 367 3507 Deo
393 3432 609 3532 repetendam
634 3456 712 3508 esse
735 3431 818 3509 dum
837 3431 902 3506 ait:
920 3430 1014 3518 Quod
1026 3432 1115 3505 Deus
1132 3432 1305 3507 coniunxit
1323 3432 1414 3504 boeto

296 3573 360 3620 nou
381 3563 528 3647 raperet,
557 3547 686 3624 scilicet
717 3546 770 3623 vel
799 3572 841 3622 ax
875 3546 1020 3623 naturali
1044 3546 1106 3620 Dei
1140 3561 1340 3646 praecepto,
1359 3545 1413 3621 rel

295 3689 338 3736 ex
363 3679 540 3763 praecepto
565 3664 727 3765 positivo,
754 3689 821 3738 ncn
846 3678 958 3738 autem
983 3690 1025 3739 ex
1050 3662 1180 3737 ratione
1210 3661 1411 3737 sacramenti

290 3778 372 3852 ¹lluit
400 3778 697 3854 indissolubilitas.

370 3897 404 3967 5.
434 3894 522 3981 Quia
546 3895 576 3969 si
601 3896 687 3970 ratio
704 3895 904 3970 sacramenti
931 3919 1035 3969 causa
1056 3909 1147 3968 esset
1164 3890 1412 3967 indissolubili·

296 4007 398 4095 tatis,
425 4008 676 4083 matrimonium
709 4009 743 4081 in
775 4035 845 4110 quo
877 4009 962 4083 ratio
992 4007 1193 4083 sacramenti
1231 4005 1408 4092 deficeret,

296 4119 364 4204 dici
388 4120 525 4196 deberet
553 4122 665 4197 minus
696 4122 946 4211 indissolubile,
974 4148 1075 4224 quam
1100 4119 1349 4195 matrimonium
1375 4119 1411 4191 in

295 4261 364 4336 quo
389 4237 473 4311 ratio
498 4238 697 4312 sacramenti
727 4239 874 4339 perlecta
900 4252 963 4313 est.
994 4239 1065 4311 lam
1094 4263 1175 4312 veno
1198 4234 1411 4311 matrimonia
1489 4326 1492 4334 Ι

295 4343 506 4451 bigamornm
531 4353 692 4430 deliciunt
725 4381 746 4430 a
771 4382 928 4431 mensura
953 4354 1176 4444 sacramenti,
1200 4370 1238 4430 ut
1262 4353 1420 4455 loquitur¹
