3234 5084
321 452 393 525 nst
465 472 528 526 nn.
551 476 598 527 rn.
621 475 708 527 secr.
730 476 1038 528 utrumnernnrss.
1061 470 1156 546 narn,
1175 473 1298 530 cucur.

319 592 507 669 clausulam
521 593 613 668 illem
630 595 697 668 huc
715 596 863 695 pertrahi
882 620 949 670 non
967 591 1079 695 pe'sse.
1097 597 1135 667 ln
1149 596 1330 697 hypothesi
1349 592 1440 670 enim

320 711 607 795 adversariorum,
624 711 839 784 manifestum
852 727 915 788 est.
932 711 1023 811 quod
1034 738 1096 785 sua
1109 713 1329 811 responsione
1343 715 1440 788 lesus

320 825 355 897 in
369 826 530 898 maiorem
543 825 654 898 adhuc
668 826 919 926 perplexitatem
936 826 1122 927 discipulos
1136 855 1217 901 suos
1235 829 1437 902 induxisset.

320 940 494 1039 Siquidem
521 940 545 1010 ii
571 940 693 1012 turbati
720 940 854 1014 luerunt
876 966 918 1013 ex
943 966 1106 1040 responso
1128 941 1317 1041 pharisaeis
1335 941 1440 1029 dato,

321 1055 501 1154 praecipue
524 1081 602 1129 uero
626 1081 667 1128 ex
692 1056 751 1128 illa
775 1056 922 1153 generali
950 1058 1138 1130 sententia:
1161 1058 1362 1157 Quicumque
1387 1057 1442 1130 di·

318 1172 444 1241 miserit
465 1196 600 1242 acorem
615 1196 710 1242 suom
728 1173 796 1242 nisi
812 1171 850 1243 cb
866 1171 1133 1269 fornicationem,
1154 1188 1185 1243 et
1204 1173 1308 1244 aliam
1328 1172 1444 1267 (nulla

321 1284 436 1357 addita
451 1286 663 1384 exceptione)
685 1286 837 1370 duxerit,
854 1287 1060 1371 moechatur,
1083 1288 1185 1385 etqui
1200 1286 1370 1359 dimissam
1386 1287 1445 1359 dn-

319 1402 409 1472 cerit
446 1403 458 1494 (
471 1398 563 1471 nulla
593 1400 712 1472 iterum
738 1401 933 1498 exceptione
958 1399 1098 1496 addita)
1126 1402 1311 1473 moechetur
1324 1430 1336 1487 ,·
1364 1400 1445 1474 hinc

321 1513 415 1585 iuxta
439 1510 634 1586 relationem
660 1513 787 1600 Marci,
817 1514 997 1587 Dominum
1015 1515 1135 1587 iterum
1153 1515 1244 1588 domi
1263 1512 1445 1612 interroga-

324 1643 403 1701 runt
422 1627 461 1700 de
487 1628 606 1700 eodem.
636 1629 705 1701 lam
729 1654 810 1702 vero
833 1629 864 1701 si
886 1628 1040 1703 Christus
1059 1629 1262 1718 clausulam,
1289 1656 1391 1729 quam
1408 1630 1445 1702 in

322 1742 502 1844 hypothesi
530 1743 692 1817 voluisset
716 1742 947 1841 subintelligi,
975 1771 1041 1819 non
1069 1747 1310 1845 expressisset,
1332 1772 1445 1819 nonne

320 1859 355 1931 in
373 1859 491 1933 eadem
508 1885 567 1932 eos
585 1858 789 1932 obscuritate
814 1884 854 1932 ac
875 1859 1093 1958 perplexitate
1111 1858 1326 1960 reliquisset?
1344 1861 1445 1933 Prae-

324 1990 426 2062 terea,
443 1975 471 2047 si
490 2000 531 2047 ea
548 1973 700 2046 clausula
712 1975 781 2045 nisi
795 1975 834 2045 ub
855 1975 1101 2073 fornicationem
1119 1976 1321 2049 insereretur
1341 1975 1444 2049 Marci

323 2091 446 2177 textui,
477 2089 534 2163 hic
552 2106 726 2187 exurgeret
744 2114 866 2162 sensus
884 2116 891 2160 :
916 2088 1159 2189 «Quicumque
1175 2091 1343 2164 dimiserit
1359 2116 1444 2164 axe

324 2231 396 2279 rem
421 2232 536 2291 suam,
565 2208 633 2277 nisi
652 2206 691 2278 ob
711 2206 983 2304 fornicationem,
1005 2220 1038 2277 et
1062 2206 1164 2278 aliam
1182 2205 1330 2295 duxerit,
1351 2204 1446 2279 adul-

322 2320 442 2394 terium
469 2320 646 2394 committit
670 2346 772 2420 super
797 2346 898 2392 eam:
928 2319 1009 2393 etsi
1035 2346 1120 2393 uxor
1144 2320 1311 2393 dimiserit
1333 2321 1443 2394 virum

324 2461 441 2523 suum,
462 2438 531 2508 nisi
546 2436 585 2508 ob
604 2437 868 2535 fornicationem,
889 2435 998 2508 etalii
1017 2438 1188 2535 nupserit,
1210 2436 1441 2525 moechatum»

322 2569 401 2626 tunc
424 2579 504 2628 vero
527 2552 654 2626 Christi
679 2552 782 2627 rerba
807 2579 874 2627 non
899 2568 1014 2627 essent
1039 2552 1239 2640 declaratio,
1265 2568 1363 2651 prout
1388 2579 1445 2652 pc-

321 2666 533 2754 stulabatur,
563 2668 623 2741 sed
657 2668 810 2766 repetitio
835 2668 1012 2741 verborum
1039 2666 1130 2766 apud
1156 2666 1383 2754 Matthaeum,
1412 2665 1443 2740 si

321 2783 471 2882 excipias
489 2783 580 2882 quod
600 2783 690 2882 apud
704 2784 852 2855 Marcum
871 2781 914 2855 de
931 2781 1128 2855 mulieribus
1142 2782 1244 2855 etiam
1257 2782 1348 2855 viros
1361 2807 1442 2856 suos

320 2899 565 2972 dimittentibus
585 2898 711 2971 inserta
731 2898 775 2971 sit
796 2899 939 2985 mentio,
960 2898 1003 2969 de
1020 2924 1088 2996 qua
1106 2914 1217 2972 tamen
1236 2923 1272 2970 re
1288 2896 1442 2996 quaestio

321 3039 390 3087 non
416 3030 500 3086 erat.
529 3012 689 3113 Adeoque
713 3013 872 3113 discipuli
898 3014 940 3086 ad
961 3014 1113 3086 iteratam
1139 3040 1235 3087 suam
1260 3012 1303 3085 de
1327 3012 1444 3085 matri·

321 3127 433 3200 monio
451 3128 683 3226 quaestionem
703 3128 833 3201 nullum
854 3128 1110 3203 declaratorium
1130 3155 1332 3229 responsum
1356 3144 1443 3202 retu·

320 3239 451 3315 lissent.
476 3241 599 3316 Contra
619 3269 698 3317 vero
719 3243 749 3316 si
762 3242 939 3331 Christus,
962 3244 1053 3318 omni
1073 3244 1275 3318 obscuritate
1293 3258 1438 3332 semota,

321 3382 410 3456 quae
435 3383 476 3431 ex
501 3357 633 3431 adiecta
657 3357 812 3431 clausula
836 3359 879 3430 de
904 3357 1090 3432 dimissione
1108 3360 1188 3432 oriri
1207 3374 1336 3459 poterat
1351 3358 1443 3433 circa

320 3472 563 3545 dissolutionem
584 3475 685 3547 etiam
712 3474 881 3572 coniugii,
903 3492 1017 3573 aperte
1036 3474 1124 3575 ipsis
1149 3475 1342 3549 enunciavit
1366 3501 1443 3573 per-

320 3589 441 3663 lectam
466 3607 729 3690 perpetuamque
763 3591 1096 3666 indissolubilitatem
1122 3592 1269 3689 coniugii
1294 3591 1330 3663 in
1354 3616 1440 3690 quo-

322 3731 469 3803 cumque
486 3732 586 3793 casu,
608 3705 700 3778 nulla
718 3706 912 3805 exceptione
936 3707 1048 3794 lacta,
1070 3733 1124 3779 res
1149 3705 1240 3778 clara
1257 3705 1385 3790 evasit;
1406 3719 1440 3778 et

321 3819 355 3892 id
382 3821 520 3920 quidem
545 3821 699 3918 congruit
725 3848 802 3895 cum
835 3821 961 3894 Christi
987 3822 1108 3919 agendi
1135 3822 1281 3908 ratione,
1306 3819 1440 3920 quoties

320 3936 457 4009 maioris
482 3936 643 4011 claritatis
669 3939 778 4035 gratia
798 3937 959 4035 discipuli
985 3937 1177 4011 ulteriorem
1201 3937 1244 4010 ab
1270 3961 1310 4010 eo
1336 3934 1443 4034 expli·

319 4051 483 4125 cntionem
509 4051 766 4127 sciscitabantur
786 4054 900 4149 (tut).
930 4053 1002 4125 Non
1029 4052 1128 4127 modo
1154 4053 1257 4150 igitur
1282 4048 1444 4126 subintel-

319 4162 454 4262 ligenda
482 4195 547 4241 non
573 4185 625 4241 est
649 4165 803 4242 clausula
827 4167 871 4241 de
895 4166 1114 4245 fornicatione
1138 4168 1174 4241 in
1199 4183 1291 4242 textu
1316 4167 1440 4253 hlarci,

396 4354 462 4417 (tot)
477 4354 518 4404 stc
539 4357 614 4406 Marc.
626 4357 683 4406 vlt.
704 4359 740 4407 tt.
758 4357 800 4406 lx.
813 4361 868 4417 tt,
885 4354 1044 4419 perhibentur
1058 4354 1172 4421 dlscipult
1192 4355 1319 4407 tlhrlstm
1339 4354 1443 4405 interro·

317 4448 401 4498 gesse,
421 4438 447 4486 et
468 4436 601 4499 utrobtque
622 4436 716 4488 clarum
741 4449 887 4501 responsum
902 4436 1032 4500 amantiss.
