3234 5084
290 420 358 491 tut
436 443 495 493 ne.
519 444 565 492 ιιι.
588 443 674 492 sacr.
696 444 827 492 aurens.
849 444 888 493 nr
906 444 1021 493 rantes.
1039 445 1136 493 ιιιιιι.
1160 443 1284 495 canter.

290 564 398 661 posita
414 560 612 633 difficultate
628 561 811 647 asseritur,
832 561 1011 634 ostendere
1030 562 1193 636 adversus
1207 562 1408 637 Marcionem

290 693 349 749 aut
378 674 562 749 Cerdonem
593 674 697 748 alium
723 702 790 750 non
816 702 893 749 esse
924 677 1030 749 Deum
1064 693 1232 751 auctorem
1258 679 1405 765 ueteris,

291 791 394 864 alium
407 792 489 864 Novi
503 792 722 877 Testamenti,
739 792 799 864 sed
816 793 927 891 potius
942 792 1102 865 trifariam
1116 793 1299 865 dividenda
1316 819 1405 880 esse,

291 933 377 1006 quae
402 907 437 977 in
463 906 688 979 Pentateucho
712 908 942 993 continentur,
972 907 1019 979 ita
1042 926 1079 979 ut
1103 907 1171 980 alia
1195 935 1215 980 a
1240 909 1310 982 Deo
1338 908 1410 980 lue

290 1022 358 1095 rint
386 1022 582 1107 constituta,
610 1020 677 1093 alia
707 1047 727 1093 a
752 1022 846 1094 Mose
876 1037 912 1093 ut
944 1022 1072 1119 privato
1098 1038 1257 1108 auctore,
1287 1048 1347 1094 seu
1373 1038 1411 1094 ut

291 1136 365 1233 ipse
389 1136 557 1236 loquitur,
581 1162 642 1234 per
662 1162 695 1208 se
713 1162 751 1207 ae
767 1151 882 1233 suopte
902 1151 1013 1234 sponte
1030 1136 1160 1234 aliquid
1177 1139 1404 1219 constituente,

290 1251 355 1324 alia
381 1279 401 1325 a
425 1251 628 1326 senioribus.
658 1252 754 1338 Quod
781 1269 819 1324 ut
843 1252 975 1324 evincat
999 1251 1188 1351 exemplum
1221 1252 1345 1352 profert
1368 1277 1410 1325 ex

290 1366 404 1441 libello
429 1366 558 1466 repudii
586 1394 606 1440 a
631 1367 723 1440 Mose
744 1392 905 1445 concesso
931 1366 1107 1440 scribens:
1140 1368 1264 1454 «Quod
1290 1393 1410 1466 quem·

290 1482 471 1555 admodum
497 1507 573 1555 sese
599 1480 739 1568 haheat,
761 1508 801 1554 ex
829 1482 914 1580 ipsis
941 1481 1122 1555 Salvatoris
1139 1482 1250 1555 verbis
1271 1481 1410 1555 demon-

288 1614 431 1670 stratum
458 1622 535 1670 mox
556 1596 735 1693 intelliges.
765 1597 830 1669 llio
856 1597 944 1669 enim
967 1596 1111 1696 quodam
1133 1597 1167 1668 in
1190 1595 1264 1670 loco
1289 1597 1332 1669 ad
1350 1623 1408 1670 eos

290 1712 391 1785 verba
416 1712 562 1798 faciens,
593 1713 651 1811 qui
677 1712 720 1784 de
747 1710 878 1810 repudii
901 1710 1015 1785 libello
1034 1739 1148 1785 secum
1166 1712 1405 1812 disputabant,

290 1828 381 1927 quod
412 1826 634 1927 permissione
661 1825 748 1924 legis
778 1826 924 1912 licebat,
953 1827 1002 1901 sic
1033 1827 1109 1902 illos
1139 1828 1304 1903 allocutus
1330 1845 1382 1901 est
1397 1855 1411 1898 :¹

289 1944 394 2016 Moses
418 1942 462 2014 ud
488 1941 646 2014 duritiam
676 1941 783 2013 cordis
813 1944 915 2013 uestri
942 1945 1094 2040 permisit
1125 1945 1216 2016 codis
1248 1943 1409 2016 dimittere

290 2084 407 2131 umores
432 2074 568 2130 uestras.
598 2059 644 2130 lt
661 2059 755 2129 initio
777 2071 885 2129 autem
909 2085 973 2129 nou
998 2060 1065 2156 [uit
1086 2061 1147 2131 sic.
1180 2061 1271 2132 Deus
1296 2060 1406 2145 enim,

291 2172 419 2271 inquit,
448 2171 639 2269 coniugium
658 2171 722 2247 hcc
740 2170 935 2272 copulavit:
957 2188 988 2244 et
1008 2173 1199 2270 quod'lleus
1218 2176 1405 2258 coniuuuit,

291 2286 381 2356 honac
402 2312 466 2357 nou
482 2300 619 2383 separet.
642 2284 703 2358 Ubi
723 2283 825 2359 aliam
843 2311 920 2359 esse
938 2286 998 2358 Dei
1019 2285 1125 2383 legem
1143 2286 1302 2374 ostendit,
1322 2314 1410 2388 quae

289 2425 426 2474 uxorem
443 2426 464 2472 a
481 2401 553 2474 viro
572 2399 702 2497 seiungi
723 2398 918 2500 prohibeat,
939 2399 1041 2473 aliam
1065 2401 1190 2489 Musis,
1210 2402 1270 2501 qui
1287 2400 1331 2474 ob
1347 2401 1410 2474 du·

290 2517 400 2590 ritiam
425 2516 537 2590 cordis
563 2542 625 2616 par
650 2516 733 2590 illud
756 2515 936 2590 dissociari
960 2517 1140 2615 permittat,
1164 2519 1201 2589 ln
1215 2544 1282 2616 quo
1299 2518 1410 2592 Moses

290 2631 453 2732 quiddam
476 2633 547 2706 Deo
571 2632 773 2705 contrarium
797 2631 899 2718 tulit,
928 2633 959 2704 ei
987 2631 1116 2706 ‘scilicet
1139 2634 1313 2720 cautioni,
1341 2659 1409 2733 qua

290 2748 430 2823 dissolvi
449 2749 660 2822 matrimonia
676 2762 827 2821 vetuerat
849 2749 938 2842 (Ξῖ).
956 2778 973 2816 u
994 2747 1078 2820 Cum
1106 2748 1206 2845 igitur
1231 2748 1317 2821 alius
1342 2775 1411 2822 om-

290 2864 370 2937 nino
391 2890 515 2961 scopus
541 2862 728 2936 Ptolemaeo
745 2862 846 2934 luerit
875 2862 918 2934 ab
943 2889 984 2936 eo
1009 2888 1110 2963 quem
1138 2863 1352 2936 adversarius
1378 2865 1409 2935 ei

286 2977 436 3075 affingit,
457 3005 522 3051 non
540 2995 612 3051 erat
628 2978 712 3051 ratio
730 3004 836 3077 quare
852 2978 1077 3051 conditionem
1097 2977 1189 3051 illam
1208 2996 1405 3078 apponeret.

313 3115 318 3127 ·
362 3092 586 3167 Tertullianus
612 3093 646 3165 in
668 3093 727 3165 lib.
753 3094 805 3166 lv.
834 3111 940 3167 contr.
970 3094 1174 3167 Marcionem
1196 3118 1264 3166 non
1287 3094 1411 3192 allegat

291 3235 366 3307 cap.
388 3208 473 3281 lllll.
503 3235 533 3282 s.
554 3208 729 3296 Matthaei,
755 3208 815 3281 sed
842 3225 942 3307 caput
959 3210 996 3281 V.
1020 3210 1269 3295 uastauere,
1297 3226 1335 3282 ut
1359 3210 1410 3281 vi-

289 3323 417 3411 dimus,
439 3324 678 3424 exceptionem.
701 3323 860 3422 Adeoque
876 3323 943 3396 dici
966 3324 1084 3423 nequit
1102 3323 1195 3396 illum
1215 3324 1249 3395 in
1267 3349 1355 3397 vers.
1371 3325 1405 3394 9.

290 3440 410 3541 capitis
423 3441 510 3513 Xlll.
532 3440 758 3540 exceptionem
776 3438 819 3512 de
836 3466 904 3539 qua
916 3440 1048 3536 agimus
1065 3466 1131 3513 non
1150 3440 1285 3537 legisse.
1311 3438 1408 3526 Quod

290 3581 369 3629 uero
394 3556 473 3629 citet
498 3570 600 3653 caput
624 3554 661 3626 ll.
685 3556 742 3626 324
765 3554 877 3654 potius
899 3581 1001 3653 quam
1023 3571 1124 3653 caput
1140 3555 1229 3627 lllll.
1252 3570 1342 3654 patet
1369 3580 1409 3626 ex

290 3670 438 3756 ratione,
455 3696 523 3768 qua
535 3669 632 3742 affert
650 3668 752 3743 verba
773 3669 914 3757 Christi,
931 3669 1060 3742 dicens:
1081 3671 1189 3742 «Nam
1209 3686 1241 3742 et
1258 3670 1292 3741 in
1309 3694 1411 3742 euan-

290 3784 378 3881 gelio
395 3784 579 3858 Matthaei:
608 3785 675 3870 Qui
690 3784 870 3869 dimiserit,
892 3784 1025 3884 inquit,
1047 3810 1183 3857 umorem
1206 3810 1299 3856 suom
1312 3808 1410 3881 proe-

292 3918 340 3972 tcr
363 3926 496 3973 eausam
521 3900 700 3984 adulterii,
729 3902 906 4000 faciteam
923 3900 1131 3972 adulterari:
1160 3915 1256 3999 utque
1282 3898 1411 3971 adulter

291 4031 436 4087 censetur
453 4030 483 4087 et
501 4016 577 4099 itte,
595 4019 654 4114 qui
664 4015 867 4088 dimissomu
884 4019 956 4087 uiro
975 4015 1121 4088 decerit.
1143 4015 1295 4089 Ceterum
1313 4040 1412 4114 proe-

292 4146 339 4200 ter
363 4158 405 4201 en
434 4157 535 4203 causo
559 4131 716 4203 adtulerit
744 4157 805 4204 nec
834 4130 971 4204 Creator
999 4131 1187 4229 disiungit,
1217 4130 1306 4232 quod
1338 4131 1413 4229 ipse

368 4319 418 4377 (tt)
433 4321 461 4368 tn
480 4318 616 4382 sptctteuto
634 4334 668 4368 rs.
684 4322 794 4369 Petrum
814 4321 833 4367 Ι.
855 4321 883 4367 Ι..
903 4318 986 4368 Grahii
1001 4321 1079 4368 oxon.
1099 4322 1166 4368 1714.
1188 4331 1251 4368 saec.
1267 4319 1298 4368 n.
1312 4320 1373 4367 tom.
1390 4318 1412 4364 t.

291 4412 344 4461 pag.
357 4403 394 4447 72.
