3234 5084
309 430 378 507 210
454 457 515 509 ιιι.
530 455 577 506 ιιι.
595 454 681 507 saur.
698 454 829 507 mrum.
852 456 893 506 nu
909 451 1021 508 moros.
1043 456 1138 509 ιιιιιι.
1161 454 1285 511 aanor.

308 576 397 676 ptias
422 600 525 675 quam
550 574 666 661 vims,
687 599 728 648 ao
746 574 860 649 auimo
880 573 1087 649 mobiliores.
1108 573 1195 649 llino
1212 600 1346 648 rursum
1363 574 1430 649 hoe

291 708 351 763 'ex
376 688 485 788 eapite
508 687 653 761 deterior
676 688 834 763 evaderet
857 686 911 761 lex
929 687 1054 762 Christi
1072 688 1176 763 ldosis
1196 687 1287 786 lege,
1312 704 1430 764 eontra

308 816 461 905 apertum
486 802 668 878 Salvatoris
692 803 798 878 nostri
827 829 987 893 sensum,
1015 803 1074 905 qui
1099 830 1140 879 eo
1166 804 1364 903 spectabat,
1392 821 1432 879 ut

309 923 484 1022 perliceret
507 919 613 1017 legem
638 934 803 1005 veterem,
836 933 871 991 et
894 944 1026 992 omnem
1052 919 1338 1019 imperfectionem
1368 946 1432 1020 pro

310 1064 420 1111 rerum
446 1062 487 1109 ae
511 1051 696 1134 temporum
727 1033 919 1107 conditione
948 1032 998 1105 illi
1029 1033 1261 1108 inhaerentem
1288 1060 1429 1133 prorsus

311 1152 453 1227 tolleret.

384 1267 455 1340 Nisi
479 1267 582 1364 igitur
601 1264 745 1339 velimus
772 1280 888 1364 aperta
908 1265 1016 1339 fronte
1035 1265 1162 1339 Christi
1187 1292 1290 1367 scopo
1311 1266 1434 1340 adver·

310 1385 399 1468 sari,
422 1383 585 1456 fateamur
602 1406 741 1454 neeesse
758 1395 831 1468 est,
851 1380 886 1451 in
905 1379 1120 1455 hemistichio
1138 1381 1244 1455 altero
1260 1408 1349 1456 vers.
1368 1383 1427 1454 32.

309 1501 355 1572 Et
371 1501 431 1598 qui
447 1498 617 1570 dimissam
640 1495 792 1579 deserit,
815 1495 999 1581 adulterat,
1020 1494 1191 1569 Christum
1206 1497 1432 1571 omnimodam

312 1611 645 1687 indissolubilitatem
671 1609 819 1708 coniugii
846 1610 1038 1708 significare
1062 1609 1224 1685 voluisse.

385 1733 419 1801 2.
448 1730 568 1800 Verum
595 1726 743 1825 idipsum
764 1752 805 1799 ex
826 1726 1003 1800 verborum
1022 1742 1199 1815 contextu,
1221 1753 1281 1801 seu
1298 1754 1339 1801 ex
1355 1752 1435 1800 ora-

312 1846 413 1920 tionis
439 1842 527 1915 serie
551 1866 618 1915 non
642 1841 755 1932 minus
778 1839 965 1913 luculenter
986 1841 1142 1915 efficitur.
1163 1842 1295 1914 lltenim
1312 1840 1434 1916 verho-

313 1987 387 2033 rum
413 1957 538 2030 Christi
563 1971 659 2028 tenor
683 1954 730 2027 ita
755 1980 792 2027 se
817 1954 937 2029 habet:
970 1956 1071 2053 «llgo
1090 1973 1202 2030 autem
1220 1956 1295 2029 dieo
1311 1955 1429 2043 vobis,

312 2075 394 2176 quia
418 2072 550 2157 omnis,
578 2069 635 2169 qui
664 2069 832 2143 dimiserit
855 2097 993 2145 uxorem
1018 2098 1136 2159 suam,
1164 2087 1303 2172 excepta
1328 2071 1435 2146 [orni-

312 2190 455 2265 eationis
478 2212 600 2273 eausa,
621 2187 798 2285 faciteam
821 2187 986 2259 moechari
998 2214 1009 2257 .·
1035 2187 1148 2286 etqui
1173 2187 1352 2262 dimissam
1368 2185 1435 2259 du-

311 2306 416 2392 xerit,
445 2302 658 2376 adulterat.»
687 2303 757 2375 lam
784 2327 864 2377 vero
892 2300 1055 2400 particula
1082 2302 1140 2376 illa
1168 2329 1230 2376 seu
1262 2301 1431 2376 incisum:

312 2423 397 2520 [ecit
418 2445 490 2491 eom
513 2418 695 2502 mochori,
725 2418 873 2515 prolecto
893 2415 936 2489 ad
958 2443 1094 2490 uxorem
1117 2417 1232 2490 relerri
1258 2417 1377 2516 nequit
1391 2440 1445 2490 eo.

312 2556 437 2619 sensu,
465 2531 556 2632 quod
583 2558 623 2605 eo
649 2531 724 2630 ipso
753 2530 882 2605 oenseri
908 2529 1028 2605 debeat
1048 2531 1221 2619 adultera,
1241 2531 1331 2630 quod
1349 2530 1434 2605 sita

312 2649 432 2723 marito
458 2648 612 2721 dimissa.
637 2648 720 2719 Nam
746 2647 890 2720 uxorin
915 2645 981 2719 hae
1003 2646 1202 2721 dimissione
1219 2647 1355 2746 passive
1371 2670 1435 2745 pu-

313 2767 380 2838 tius
398 2791 499 2864 quam
518 2764 625 2836 active
647 2790 684 2837 se
709 2761 828 2849 hahet,
849 2762 1002 2862 adeoque
1029 2762 1058 2835 si
1085 2763 1160 2863 ipsa
1184 2789 1245 2862 per
1262 2787 1298 2835 se
1314 2760 1436 2835 dimis-

313 2880 365 2952 aio
386 2878 586 2951 adulterium
604 2878 840 2964 constitueret,
866 2876 930 2950 hoe
949 2894 1040 2950 esset
1061 2879 1173 2977 potius
1189 2904 1230 2950 ex
1250 2892 1344 2977 parte
1361 2902 1434 2949 ma·

314 2994 367 3064 riti
393 2992 593 3066 dimittentis
620 3018 754 3066 uxorem
782 2992 866 3067 citra
886 2992 959 3066 eius
984 2993 1139 3092 eulpam,
1161 3020 1264 3093 quam
1281 3020 1321 3066 ex
1340 3007 1436 3092 parte

313 3108 426 3183 aroris
450 3108 625 3181 dimissae.
647 3107 734 3181 Hine
757 3107 979 3195 adulterium,
1005 3110 1102 3183 euius
1123 3135 1184 3209 per
1209 3110 1326 3185 uxoris
1349 3134 1435 3183 suae

313 3221 546 3296 dimissionem
579 3221 632 3295 vir
664 3247 769 3295 eausa
793 3221 922 3311 extitit,
957 3222 993 3293 in
1018 3221 1146 3323 duplioi
1171 3239 1299 3297 tantum
1323 3223 1434 3323 hypo-

316 3338 404 3412 thesi
422 3337 533 3411 looum
551 3336 674 3410 bahem
690 3352 819 3437 potest;
841 3354 900 3412 aut
922 3364 1042 3438 nempe
1059 3364 1136 3412 oum
1150 3339 1271 3413 mulier
1287 3338 1431 3414 dimissa

314 3453 409 3527 alteri
433 3455 506 3528 viro
533 3452 648 3540 nubit,
678 3469 736 3526 aut
752 3478 829 3527 oum
847 3453 1011 3541 dimissa,
1033 3454 1115 3555 quin
1139 3454 1288 3528 seeundo
1305 3455 1432 3543 nubat,

314 3570 418 3644 vitam
442 3570 513 3667 egit
545 3568 770 3643 [omicariam.
807 3570 954 3643 Priorem
983 3595 1102 3643 casum
1136 3596 1198 3643 seu
1228 3569 1433 3672 hypothesin

314 3685 471 3759 Christus
500 3685 624 3758 diserte
649 3685 806 3784 exprimit
829 3685 941 3759 verbis
967 3685 1060 3759 illis:
1091 3684 1159 3771 Qui
1179 3684 1349 3759 dimissam
1373 3684 1435 3757 du·

316 3802 426 3885 norit,
449 3798 633 3886 adulterot;
652 3798 778 3898 quibus
794 3797 943 3872 declarat
960 3798 1133 3873 mulierem
1151 3798 1307 3899 quamvis
1324 3825 1345 3871 a
1360 3799 1435 3873 viro

314 3912 511 4001 dimissam,
531 3912 644 3987 adhue
657 3913 693 3985 in
710 3912 814 4012 priori
832 3939 894 3987 suo
911 3914 1123 3989 matrimonio
1140 3915 1252 4015 quoad
1263 3912 1435 3987 uinculum

316 4053 535 4126 permanere,
564 4043 665 4128 atque
694 4026 819 4101 ideireo
841 4053 935 4101 reum
961 4028 1117 4102 adulterii
1147 4028 1246 4117 fieri,
1274 4028 1334 4128 qui
1359 4053 1434 4101 eam

316 4140 428 4215 adhue
453 4141 623 4241 coniugali
642 4140 777 4216 vinculo
802 4141 996 4216 adstrictam
1020 4143 1055 4215 in
1079 4142 1273 4240 coniugium
1295 4141 1362 4216 sihi
1379 4166 1437 4216 oo-

317 4255 491 4355 pularerit.
512 4256 661 4330 Alterum
678 4283 758 4331 voro
775 4282 890 4331 ossum
909 4282 970 4331 seu
983 4256 1189 4358 hypothesin
1209 4256 1364 4330 Christus
1380 4279 1437 4327 ea-

317 4371 414 4442 clusit
440 4370 721 4471 iisdemverhis:
754 4374 836 4471 feeit
861 4399 932 4445 eom
947 4374 1129 4456 moecliari,
1159 4372 1357 4469 significans
1375 4395 1436 4443 eos
