3234 5084
218 474 457 533 mrmrarrn
474 480 645 536 tamnus.
656 484 1152 544 mmwsrrorroarrssrrmo
1206 469 1285 544 18³·
1390 500 1392 505 ·

167 595 338 672 (densans
362 598 529 697 leguntur
549 601 723 701 &squidem
753 602 880 679 ibidem
904 603 1043 704 legitur,
1074 605 1168 709 quod
1199 616 1277 686 oum

167 708 260 786 Deus
276 713 420 789 exddse
435 731 528 789 oosta
542 717 721 792 mulierem
732 719 952 809 condidisset,
967 747 1029 795 seu
1041 734 1168 799 costam
1183 724 1278 797 aedi·

168 825 339 901 fieasset
328 857 363 902 nn
388 829 579 919 mulierem,
607 840 751 932 eamque
766 850 843 907 ante
856 834 948 909 Adae
969 846 1184 937 eonspeotum
1200 860 1281 913 eon·

165 942 354 1031 stitnisset,
381 943 504 1017 dixerit
527 943 653 1019 Adam:
667 947 765 1021 afloe
790 972 882 1021 nune
905 974 944 1022 os
968 950 1168 1027 'ex'osaibus
1194 951 1279 1029 meis

165 1072 201 1129 et
224 1081 304 1129 earo
328 1056 372 1129 de
395 1082 498 1131 earne
521 1059 888 1145 mea....0uamobrem
909 1061 1075 1160 relinquet
1087 1063 1196 1141 *homo
1219 1090 1280 1162 pa·

166 1186 251 1243 trem
277 1182 379 1245 soum
402 1188 435 1245 et
451 1188 609 1260 matrem,
629 1188 662 1247 et
679 1174 876 1251 adhaerebit
892 1177 989 1251 uxori
1006 1203 1106 1267 suae,
1125 1193 1160 1252 et
1183 1194 1281 1255 erunt

165 1285 235 1360 duo
260 1286 296 1357 in
322 1300 515 1363 carneuna
534 1290 625 1384 (53).
648 1288 742 1374 Quae
758 1291 896 1389 quidem
912 1290 1016 1365 uerba
1034 1318 1075 1365 ex
1090 1293 1152 1366 Dei
1170 1293 1279 1392 inspi-

165 1400 295 1475 ratione
313 1399 419 1473 Adam
433 1401 630 1501 protulisse,
647 1429 714 1476 non
727 1404 870 1479 obscure
882 1406 1087 1503 significavit
1099 1406 1273 1497 Christus,

164 1516 225 1616 qui
249 1542 292 1589 aa
315 1517 387 1589 Deo
410 1516 477 1616 ipsi
501 1516 705 1621 adscripsit,
733 1537 771 1593 ut
795 1537 914 1619 postea
935 1521 1140 1597 videbimus.

181 1642 184 1651 ’
238 1630 383 1707 Interim
402 1629 461 1703 hie
483 1630 605 1704 iuverit
628 1632 893 1711 animaduertere
917 1636 952 1707 1.
973 1634 1075 1713 allata
1089 1632 1276 1717 sathanan

164 1744 304 1846 quidem
321 1758 514 1846 expressam
530 1744 639 1843 legem
657 1747 850 1846 positivam,
869 1774 973 1847 quam
988 1749 1121 1839 dieunt,
1144 1778 1279 1850 praete·

163 1861 272 1950 taire,
302 1861 362 1935 sed
388 1877 500 1935 tamen
523 1860 608 1937 satis
633 1877 747 1960 aperte
771 1862 921 1939 divinam
950 1865 1157 1949 uoluntatem
1187 1867 1278 1943 oinos

163 1976 330 2052 rationem
354 1988 574 2083 naturamque
599 1975 746 2073 coniugii
773 1992 851 2050 tuno
874 1976 1036 2051 divinitus
1059 1979 1206 2053 instituti
1229 1981 1279 2059 si·

164 2091 329 2190 gnifieare
341 2092 422 2186 ,(54)
436 2117 445 2176 ;
467 2092 501 2161 2.
515 2088 557 2162 ad
570 2104 747 2188 utramque
758 2090 896 2189 quidam.
913 2092 1117 2167 matrimonii
1131 2093 1278 2193 proprie

164 2222 288 2295 tatem,
316 2205 455 2283 unitatis
480 2203 636 2279 videlieet
652 2221 754 2306 atque
769 2204 1079 2280 indissolubilitatis
1094 2208 1198 2282 uerba
1218 2206 1278 2282 illa

163 2322 304 2410 reterri,
341 2322 400 2397 sed
433 2320 478 2393 ita
494 2336 553 2431 ις
574 2320 683 2417 magis
714 2320 841 2394 directe
872 2320 916 2397 ad
947 2321 1277 2397 indissolubilitatam

163 2463 269 2538 quam
287 2436 331 2513 ad
348 2437 509 2511 uanitatem
527 2436 722 2509 referantur.
743 2436 832 2509 Sane
849 2433 1003 2511 Christus
1021 2437 1064 2510 ad
1077 2454 1276 2538 perpetuum

162 2551 368 2625 matrimonii
394 2548 566 2627 vineolum
592 2548 792 2622 firmandum
819 2575 860 2623 ea
884 2550 920 2624 in
943 2551 1092 2626 medium
1113 2553 1274 2639 adduxit,

163 2682 204 2740 at
227 2667 347 2741 falsam
374 2665 626 2764 pharisaeorum
651 2665 850 2747 sententiam
875 2664 921 2740 da
934 2667 1080 2764 coniugii
1097 2666 1277 2743 dissolubi-

162 2783 257 2857 litate
283 2781 457 2856 refelleret.

237 2899 307 2971 lam
332 2923 412 2971 vero
437 2914 477 2971 e'x
494 2896 606 2973 allatis
625 2894 793 2971 Geneseos
808 2892 921 2972 uerbis
944 2895 1274 2975 indissolubilitatem

162 3012 369 3101 matrimonii
387 3012 536 3111 patefieri
555 3008 680 3112 liquet
701 3014 731 3087 si
745 3032 858 3087 eorum
878 3013 931 3087 vis
951 3013 1098 3113 penitius
1112 3012 1277 3113 expenda-

162 3149 229 3206 tur.
242 3130 370 3204 Revera
388 3131 432 3204 iis
450 3130 562 3205 verbis
580 3130 681 3229 primi
698 3131 859 3227 coniuges
881 3145 1052 3231 tamquam
1070 3156 1175 3204 unum
1192 3130 1275 3231 quid

163 3244 391 3345 inseparabile
414 3244 626 3318 exhibentur.
646 3245 731 3318 Nam
756 3245 871 3319 habita
885 3248 1024 3319 ratione
1044 3245 1185 3343 originis
1205 3272 1278 3318 mu·

162 3360 270 3440 lieris.
291 3360 375 3434 haee
390 3359 493 3435 veluti
512 3383 591 3460 pars
611 3357 782 3459 integralis
798 3360 1049 3435 exhibeturiiri
1062 3374 1176 3461 utpote
1188 3385 1278 3459 qnae

117 3482 121 3503 '
162 3476 340 3551 aedificata
365 3491 418 3550 est
443 3503 483 3548 ex
508 3476 582 3549 eius
601 3493 711 3565 costa,
732 3503 793 3550 seu
811 3502 851 3550 en
869 3475 1019 3549 membro
1036 3474 1163 3575 ipsius,
1184 3473 1276 3574 quod

163 3609 282 3667 natura
308 3618 370 3667 sua
396 3591 503 3666 tendit
527 3589 572 3664 ad
597 3592 754 3665 unionem
781 3618 842 3666 seu
867 3590 1095 3690 eompaginem
1118 3614 1194 3664 oum
1223 3614 1276 3662 re·

162 3706 256 3810 liquo
282 3733 431 3809 corpore.
452 3707 487 3778 Si
513 3707 597 3781 ratio
623 3723 793 3807 praeterea
809 3706 975 3780 habeatur
989 3705 1165 3780 uerborum
1187 3730 1276 3804 quae

161 3821 204 3899 ab
228 3823 336 3897 Adam
361 3850 404 3897 en
426 3822 487 3895 Dei
512 3822 673 3896 instinctu
699 3821 826 3924 prolata
850 3837 952 3912 sunt,
976 3821 1084 3919 magis
1109 3819 1222 3894 adhue
1237 3819 1274 3893 id

161 3939 336 4027 clarescit3
356 3939 442 4012 dixit
457 3939 545 4012 enim
561 3954 779 4038 protoparens
792 3938 835 4011 ad
849 3938 940 4013 Evae
956 3952 1188 4036 conspectum:
1204 3935 1274 4008 Ideo

161 4083 246 4128 ouoo
271 4082 306 4128 os
331 4082 373 4129 ee
398 4055 523 4129 ossibus
547 4054 645 4143 omia,
674 4054 772 4156 quasi
797 4081 918 4155 nempe
943 4050 1182 4152 significaverit
1197 4076 1274 4127 esse

232 4275 290 4420 ((6548))
300 4276 392 4407 giiii
400 4277 561 4420 tltiiiiistiiia
570 4366 585 4406 a
593 4357 646 4408 Deo
654 4354 728 4420 data,
737 4366 767 4408 ea
775 4354 824 4407 tait
832 4366 882 4419 qm
892 4365 948 4407 esus
957 4366 988 4405 ex
999 4353 1081 4405 tractu
1093 4350 1187 4405 arberte
1196 4328 1318 4438 rdenjz‘s‘

161 4435 210 4490 the
221 4433 319 4565 mid
331 4437 390 4491 mali
404 4436 452 4488 aa
465 4436 563 4490 vatam.
