3234 5084
306 403 375 476 lli
450 428 511 477 nm.
527 427 575 476 ιιι.
593 426 680 477 stur.
699 425 830 475 narrar.
848 425 888 474 ur
906 424 1018 475 turus.
1036 425 1130 475 nra.
1146 423 1271 476 osmer,

303 543 400 619 ltalia
420 542 572 617 nonnulli
592 542 694 616 etiam
718 539 876 615 catholici
901 541 1083 641 scriptores
1104 541 1147 615 ad
1168 543 1328 616 trutinam
1346 569 1424 623 eam

305 673 514 734 revocarunt.
551 658 623 731 llao
649 657 725 758 ipsa
750 657 794 730 de
825 683 929 731 causa
964 657 1117 733 odaeum
1145 683 1287 732 examen
1315 658 1428 734 denuo

304 775 521 849 instituerunt
541 773 663 847 eruditi
681 772 860 861 catholici,
881 774 963 874 qui,
984 773 1064 846 data
1084 799 1207 872 opera,
1225 772 1289 848 hoc
1308 773 1352 848 de
1373 802 1425 848 ar·

305 907 462 989 gumento
486 890 703 987 scripserunt,
726 889 814 960 inter
838 915 924 989 quos
942 888 1282 963 eminentllartorelli
1298 891 1370 985 (l),
1393 906 1428 965 et

311 1007 514 1106 Rosltovany
531 1008 595 1101 (5),
609 1033 750 1105 quorum
768 1005 982 1104 potissimum
1002 1005 1146 1102 vestigia
1168 1006 1364 1104 promimus,
1378 1033 1430 1081 se·

209 1174 211 1179 ·
309 1123 423 1197 dulam
443 1122 679 1221 impenderunt
696 1143 834 1219 operam
855 1120 892 1192 in
915 1120 1011 1195 novis
1037 1120 1133 1194 hisce
1160 1119 1427 1194 dubitationibus

305 1255 339 1311 et
362 1236 618 1310 difficultatibus
645 1234 829 1309 solvendis.
850 1235 912 1308 llis
930 1235 1098 1323 ducibus,
1120 1235 1220 1309 laoile
1243 1235 1341 1309 nohis
1359 1236 1424 1308 erit

306 1370 475 1429 contortas
492 1353 726 1452 violentasque
742 1377 783 1425 ao
800 1352 973 1426 doctrinae
998 1352 1183 1427 catholicae
1206 1352 1425 1426 adversantes

306 1470 533 1570 expositiones
564 1468 839 1542 documentorum
874 1467 1085 1567 antiquitatis
1121 1483 1288 1555 evenere,
1326 1483 1428 1568 atque

306 1585 483 1661 ostendere
517 1599 717 1684 perpetuum
751 1598 945 1657 sanctorum
985 1600 1117 1684 patrum
1153 1590 1356 1687 consensum
1390 1583 1427 1656 in

308 1701 433 1775 tuenda
458 1699 604 1798 perlecta
629 1697 786 1771 firmitate
810 1697 985 1772 christiani
1014 1696 1161 1795 coniugii
1193 1697 1323 1799 absque
1355 1695 1426 1772 ulla

309 1815 515 1917 exceptione.

383 1928 666 2030 Quandoquidem
691 1944 802 2001 autem
831 1929 921 2002 circa
944 1944 1058 2028 patres
1082 1928 1251 2027 singulos,
1280 1928 1340 2028 qui
1362 1954 1428 2027 pro

307 2043 494 2119 orthodoxa
518 2043 671 2118 doctrina
695 2041 808 2115 afferri
834 2059 1092 2131 consueverunt,
1109 2044 1210 2117 tricas
1236 2042 1424 2117 adversarii

310 2176 465 2248 movent,
499 2159 651 2257 cogimur
686 2158 855 2232 distinctis
886 2159 1111 2258 paragraphis
1134 2186 1193 2234 eos
1231 2158 1428 2257 singillatim

309 2301 526 2376 percurrere,
548 2291 618 2347 tum
636 2274 773 2348 maioris
791 2274 954 2349 claritatis
978 2276 1098 2373 gratim
1120 2291 1190 2349 tum
1207 2292 1245 2350 ut
1261 2276 1296 2347 in
1313 2275 1431 2375 aprico

311 2417 477 2491 ponamus
494 2417 583 2491 quae
600 2390 643 2464 ad
661 2392 925 2491 unumquodque
942 2392 1171 2465 testimonium
1189 2390 1429 2464 infirmandum

308 2508 344 2579 in
370 2507 518 2579 medium
540 2506 641 2580 allata
667 2523 757 2580 sunt.
774 2507 859 2580 Cum
881 2533 980 2608 porro
999 2507 1210 2594 testimonia,
1238 2532 1327 2607 quae
1352 2532 1429 2605 per·

311 2623 419 2696 tinent
441 2623 484 2695 ad
510 2623 619 2721 prima
635 2622 799 2696 ecclesiae
824 2622 950 2710 secula,
971 2623 1036 2697 hac
1061 2623 1096 2695 in
1123 2649 1160 2696 rc
1184 2622 1349 2721 singulari
1376 2623 1430 2694 in·

309 2738 446 2836 digeant
461 2738 718 2839 disquisitione,
741 2737 823 2810 hino
840 2737 1012 2812 distinctis
1030 2738 1185 2812 articulis
1203 2738 1298 2837 prius
1328 2737 1430 2810 docu-

310 2869 423 2927 menta
446 2855 598 2954 quinque
627 2853 776 2952 priorum
802 2852 965 2926 eeclesiae
990 2852 1199 2928 saeculorum
1225 2850 1427 2950 singillatim·

309 2968 549 3067 expendemus,
566 2969 645 3041 dein
658 2967 859 3042 documenta
871 2968 1040 3070 sequioris
1053 2970 1170 3044 aetatis
1183 2968 1320 3043 brevius
1337 2960 1429 3042 com·

312 3082 509 3183 plectemur.

383 3336 418 3401 (t)
433 3339 462 3387 ln
478 3350 519 3401 op.
530 3339 625 3388 Errort
638 3340 752 3389 omenti
766 3337 812 3389 rrtt
825 3337 954 3390 dtoorsto.
966 3341 1044 3390 Roma
1062 3343 1130 3390 ¹792.

384 3419 419 3482 (5)
436 3421 465 3468 ln
482 3432 524 3483 op.
536 3419 633 3482 saepius
646 3419 688 3469 cit.
702 3422 737 3471 De
747 3418 980 3471 indissolabtlttate
996 3420 1161 3471 matrimonii
1171 3430 1226 3481 etp.
1238 3418 1281 3468 lv.
1298 3419 1431 3469 Doctrina

312 3497 435 3548 scelestos
450 3498 473 3561 §.
489 3506 527 3549 tot
553 3513 622 3562 seqq.
