3234 5084
363 454 434 504 cnr.
447 455 470 504 1.
485 452 711 503 ormcronna
729 452 937 502 sruournnn.
954 453 1024 501 aar.
1037 454 1059 500 1.
1221 428 1263 497 to

161 575 361 649 cabilitatsm
387 572 452 645 sibi
471 570 661 643 tribuebant
683 585 831 643 veterum
857 586 1020 642 sectarum
1050 595 1156 655 more,
1181 590 1268 668 quae

162 691 226 764 sihi
251 689 365 764 omnia
389 689 527 786 impone
552 684 653 758 licere
675 684 805 784 absque
829 684 898 758 ulla
917 685 1044 782 peccati
1063 683 1160 771 labe,
1180 710 1268 783 quae

162 805 246 905 ipsis
271 802 431 903 imputari
459 801 576 871 merito
601 815 716 897 posset
737 801 828 893 (dl).

231 915 364 1002 Quibus
374 915 431 985 vix
446 912 614 997 delibatis,
635 938 779 1011 pronum
795 929 848 985 est
865 913 1054 1010 patefacere
1072 914 1137 986 suh
1158 914 1266 986 diver-

162 1036 209 1107 sis
240 1031 357 1105 formis
391 1054 493 1102 unam
526 1053 658 1125 semper
688 1027 909 1126 camdemque
942 1028 985 1100 ab
1019 1029 1266 1127 antiquissimis

164 1146 339 1220 haereticis
364 1143 409 1216 ad
441 1142 713 1216 sanaimonianos
741 1166 850 1239 usque
879 1157 912 1213 et
943 1144 1183 1215 communistas
1217 1144 1268 1215 di-

163 1287 318 1336 mauasse
342 1258 539 1331 doctrinam.
567 1256 698 1329 Etenim
725 1255 768 1328 ad
794 1283 899 1328 uuum
926 1282 1041 1329 omues
1069 1259 1269 1331 damnarunt

166 1377 318 1476 nuptias,
347 1372 537 1446 relaxarunt
562 1371 764 1445 matrimonii
790 1371 979 1458 vinculum,
1002 1375 1268 1447 communionem

167 1490 381 1564 foeminarum
406 1487 546 1588 professi
574 1502 671 1571 sunt,
700 1487 799 1558 unice
816 1488 849 1558 in
868 1488 954 1560 votis
971 1487 1139 1559 habebant
1155 1491 1267 1562 carnis

164 1630 262 1704 quam
287 1618 409 1677 vocant
434 1602 750 1699 emancipationem,
778 1602 959 1700 carnisque
984 1601 1168 1674 libertatem
1198 1605 1268 1676 sive
1337 1582 1343 1593 ς

163 1720 225 1792 sub
249 1745 320 1792 uno
345 1718 418 1791 sive
442 1715 505 1789 sub
529 1716 633 1788 altero
657 1714 766 1788 colore
791 1742 830 1787 ac
856 1733 1025 1815 praetextu
1058 1718 1263 1791 asserebant.

164 1835 337 1933 Praecipui
364 1850 529 1906 sectarum
556 1831 688 1903 illamm
706 1831 876 1904 architecti
896 1848 928 1905 et
943 1848 1097 1906 auctores
1115 1859 1153 1906 se
1176 1835 1268 1932 ipsos

162 1966 218 2023 aut
242 1951 351 2024 Deum
376 1948 640 2047 proclamarunt,
669 1962 725 2018 aut
751 1945 870 2019 Filium
900 1948 980 2031 Dei,
1009 1964 1066 2020 aut
1098 1948 1267 2021 Christum

164 2080 219 2137 aut
242 2064 403 2163 Spiritum
428 2062 603 2146 Sanctum,
631 2075 688 2133 aut
712 2076 800 2133 certe
826 2061 976 2134 intimam
993 2084 1069 2132 cum
1092 2061 1268 2135 divinitate

162 2177 496 2252 communicationem
514 2175 578 2248 sibi
597 2174 793 2247 tribuerunt.
814 2175 966 2272 Denique
982 2200 1100 2247 omnes
1124 2176 1268 2247 immun-

164 2294 253 2367 ditiis
278 2291 468 2388 omnigenis
492 2317 529 2363 se
554 2290 761 2362 tradiderunt
785 2289 902 2362 eodem
928 2305 1076 2388 tempore
1100 2316 1168 2391 quo
1191 2316 1267 2390 pro-

166 2408 269 2505 priam
293 2404 518 2478 innocentiam
544 2429 584 2476 ac
600 2402 776 2501 puritatem
794 2402 1011 2489 extollebant,
1031 2428 1071 2476 ao
1088 2405 1266 2478 muliorum

167 2520 369 2595 nobilitatem
387 2518 571 2591 ellerebant
587 2543 672 2616 quas
687 2543 727 2589 ex
742 2517 939 2591 abiectionis
956 2532 989 2590 et
1007 2519 1176 2592 servitutis
1191 2520 1269 2615 iugo

165 2637 308 2710 relevare
333 2633 587 2708 contendebant.

233 2750 384 2822 lamrero
406 2747 509 2819 etiam
534 2747 778 2820 sensimoniani
808 2762 988 2846 coeperunt
1017 2746 1061 2818 ab
1092 2746 1266 2820 hominum

165 2864 356 2964 apotheosi,
384 2887 472 2962 quos
496 2861 632 2935 totidem
658 2861 758 2944 deos,
786 2861 838 2932 vel
868 2861 1053 2934 divinitatis
1084 2861 1266 2961 participes

165 2979 310 3052 lecerunt
326 3004 386 3077 per
404 2976 670 3078 pantheismum‚
691 3002 751 3050 seu
769 2977 1054 3074 pancosmismum
1069 2977 1265 3075 quemdam,

165 3094 253 3168 iuxta
269 3120 370 3194 quem
382 3092 483 3167 homo
494 3107 546 3165 est
558 3117 714 3191 suprema
728 3091 952 3165 manifestatio
966 3092 1152 3165 divinitatis
1165 3120 1267 3193 quam

164 3208 266 3282 solam
291 3223 493 3306 agnoscunt,
522 3232 642 3305 nempe
666 3207 814 3281 universi
831 3207 945 3281 totius.
966 3207 1083 3281 Cultus
1102 3209 1270 3281 sansimo·

162 3325 338 3397 uianorum
363 3322 530 3396 obiectum
552 3338 605 3394 est
630 3346 728 3405 caro,
757 3322 831 3394 eius
856 3348 1014 3419 suprema
1040 3323 1189 3420 potentia
1218 3338 1269 3394 est

162 3439 308 3512 foemina
322 3440 394 3533 (38)
407 3495 415 3525 ,
427 3462 528 3536 quam
541 3462 662 3510 vocare
675 3460 740 3510 non
753 3452 910 3510 verentur
923 3440 1106 3510 concinium
1118 3436 1265 3518 deornm,

162 3554 217 3627 cui
247 3579 364 3626 omnes
397 3552 547 3626 assidere
579 3551 702 3624 dehent
733 3550 1022 3624 indiscriminatim
1048 3578 1068 3623 a
1093 3552 1173 3647 iugo
1208 3578 1269 3624 seu

163 3669 321 3741 servitute
344 3666 546 3739 matrimonii
565 3665 693 3739 solutae
715 3667 810 3760 (39);
832 3665 995 3737 locminas
1018 3666 1094 3737 item
1114 3666 1269 3738 sacerdo·

236 3901 286 3963 (tr)
301 3900 348 3950 llio
356 3900 440 3963 puros
452 3899 515 3949 altae
529 3899 674 3962 poeniteres
688 3900 768 3948 sethe
778 3897 853 3947 adiici
867 3899 966 3961 msscnt
982 3896 1067 3946 eadem
1078 3908 1105 3946 se
1114 3898 1223 3958 gerentes
1234 3909 1270 3945 ra·
1319 3872 1322 3879 ¹

162 3980 230 4029 ttose
249 3978 281 4029 de
301 3978 391 4041 qntom
404 3979 453 4042 ego
468 3978 622 4042 Gressotretn
637 3979 804 4042 ennoean-e
820 3976 958 4027 detrectes
972 3977 1122 4040 reltctenses
1139 3974 1231 4039 dapnis
1248 3975 1272 4024 lc

163 4059 380 4109 commonent
388 4056 426 4109 dat
438 4056 515 4107 noco
524 4054 745 4121 dernterjnrqn'd
756 4055 874 4121 t’epoan
890 4054 1012 4106 cotnettc.
1025 4055 1094 4105 Paris
1108 4061 1174 4105 tote.
1187 4052 1271 4104 decem

164 4138 215 4188 'd‘
225 4145 284 4279 'idid
298 4220 421 4268 Doctrina
431 4216 463 4267 dc
474 4219 655 4269 sant-Statua
670 4216 801 4267 Prdmtcrc
814 4217 904 4266 annno.
919 4216 1116 4266 Introduction.
1132 4218 1134 4223 ’

236 4298 285 4360 (ta)
300 4299 339 4347 lta
356 4297 458 4348 istorum
475 4296 596 4361 principia
614 4295 804 4359 exponunturln
816 4296 939 4358 penooira
953 4295 1097 4346 collectione
1114 4307 1176 4357 quae
1188 4292 1270 4342 inscri-

162 4376 230 4427 bitur
243 4380 275 4428 1ae
286 4377 377 4437 Glcbc,
388 4390 500 4440 nomae
510 4378 619 4428 Lutetiae
629 4377 661 4426 ad
673 4377 755 4440 plures
764 4388 842 4427 annos
856 4376 955 4439 prodtit.

1177 4458 1193 4495 a
