3234 5084
300 416 371 487 ert
443 438 507 489 su.
523 437 571 488 ιιι.
589 437 677 488 srnr.
692 436 824 496 ruram.
841 438 881 489 nr
893 438 1007 491 rsurss.
1026 439 1264 492 urrumnai.

296 582 396 643 sam,
416 553 511 631 nefas
540 581 618 631 esse
637 581 759 631 norum
775 557 1026 632 matrimonium
1049 556 1269 644 conuehere,
1302 560 1416 658 quoad

295 671 386 745 vivat
418 673 471 745 vir
502 673 594 760 eius,
618 687 652 746 et
667 672 847 747 Dominum
872 673 949 747 ideo
975 671 1064 746 hane
1092 672 1199 770 legem
1234 674 1410 773 posuisse,

297 800 335 858 ut
357 786 408 858 sio
434 785 583 860 obviaret
614 785 793 860 mulierum
819 785 1003 876 lasciviae,
1037 787 1119 887 quia
1147 789 1210 861 etsi
1244 788 1288 862 ob
1321 789 1414 863 eius-

296 899 388 973 modi
418 899 544 974 erimen
573 899 737 974 dimissae
764 901 908 990 fuerint,
936 917 1048 975 tamar
1070 921 1237 1002 nequeant
1260 903 1317 976 alii
1342 905 1414 977 viro

297 1013 436 1103 nubere,
457 1041 526 1115 quo
542 1015 591 1103 fit,
606 1032 644 1090 ut
667 1016 763 1117 ipsae
787 1015 901 1089 adhuc
924 1031 1100 1090 teneantur
1116 1017 1286 1105 maritum,
1307 1044 1413 1118 aquo

297 1126 461 1202 dimissae
485 1145 576 1218 sunt,
596 1155 710 1205 amare
725 1189 734 1219 ,
752 1156 832 1205 cum
857 1130 973 1203 eiectae
1003 1129 1087 1216 lieet,
1114 1145 1267 1204 moneam
1285 1132 1415 1204 ιιϊοίιιι-

300 1244 384 1317 tium
396 1270 527 1320 uxorea

369 1358 504 1448 Verum,
520 1359 611 1460 quud
626 1376 726 1462 caput
737 1375 801 1448 est,
818 1360 855 1431 in
871 1384 911 1433 eo
928 1358 1056 1432 insistit
1070 1358 1286 1433 vehementer
1302 1386 1333 1433 s.
1348 1359 1416 1434 Do-

296 1488 391 1561 otor,
411 1474 503 1574 quod
528 1473 675 1548 abolitus
700 1476 745 1549 sit
768 1501 790 1548 a
813 1473 949 1547 Christo
973 1472 1108 1547 libellus
1133 1475 1278 1574 repudii.
1307 1476 1409 1549 Porro

298 1604 426 1663 oenum
451 1607 514 1678 est,
536 1618 596 1690 per
612 1590 763 1664 libellum
781 1589 913 1690 repudii
931 1589 1044 1662 dirimi
1061 1591 1279 1664 consuevisse
1296 1591 1415 1665 eoniu-

297 1704 404 1802 gium‚
431 1730 472 1778 ao
496 1704 544 1778 ita
568 1704 696 1793 dirimi,
722 1722 761 1778 ut
786 1720 903 1804 posset
925 1704 1068 1778 dimissa
1093 1704 1188 1778 alteri
1215 1705 1415 1803 seiungere

298 1820 432 1894 foedere
457 1819 646 1918 coniugali;
675 1821 705 1894 si
731 1821 835 1919 igitur
859 1822 952 1894 iuxta
976 1847 1006 1894 s.
1028 1820 1305 1920 chrysostomum
1331 1822 1415 1896 haee

296 1961 434 2010 uxorem
450 1934 661 2023 dimittendi,
681 1962 744 2009 seu
768 1936 894 2010 clarius
920 1937 1045 2023 adhuc,
1065 1935 1150 2010 haec
1167 1938 1214 2010 ita
1226 1935 1408 2011 dirimendi

295 2051 456 2148 ooniugia
480 2050 622 2125 facultas
648 2077 708 2152 per
725 2051 897 2125 Christum
914 2052 1041 2126 abolita
1061 2068 1132 2139 est,
1152 2068 1267 2152 aperte
1292 2078 1412 2127 eonse-

294 2167 411 2268 quitur
442 2168 645 2243 matrimonii
671 2167 846 2242 christiani
872 2167 1044 2243 vinculum
1069 2169 1212 2266 iugiter,
1238 2169 1342 2242 etiam
1360 2169 1413 2241 in·

296 2281 501 2357 senoniense
524 2282 701 2370 adulterio,
731 2309 956 2382 perseverare.
978 2284 1050 2358 Hoo
1066 2297 1300 2381 argumentum
1325 2283 1412 2357 vali·

299 2395 380 2470 dius
412 2395 526 2471 adhue
556 2412 609 2471 est
639 2397 801 2472 adversus
831 2424 910 2487 eos,
938 2399 997 2498 qui
1021 2398 1227 2472 contendunt
1251 2425 1272 2473 a
1296 2399 1413 2499 Moyse

299 2538 360 2612 par
383 2511 570 2613 foeditatem
593 2512 749 2587 adulterii
775 2513 939 2610 flagitium
965 2513 1072 2586 [uisse
1096 2513 1334 2610 significatum.

370 2629 438 2701 Nee
462 2629 573 2703 obstat
597 2628 875 2729 Chrysostomum
901 2628 944 2701 de
967 2628 1051 2701 viris
1078 2643 1205 2701 tanturn
1231 2628 1338 2701 fuisse
1362 2626 1412 2701 io-

294 2759 421 2832 eutum3
448 2744 617 2844 siquidem
640 2762 766 2818 eertum
791 2758 859 2831 est,
888 2743 1000 2842 ipsum
1025 2744 1137 2844 quoad
1163 2744 1217 2817 ius
1242 2742 1412 2817 matrimo-

302 2856 392 2930 niale
418 2884 532 2957 parem
557 2875 736 2959 utrumque
760 2859 936 2956 ooniugem
962 2859 1154 2957 agnovisse,
1183 2874 1220 2932 ut
1244 2858 1332 2932 inter
1356 2883 1411 2931 oe-

299 2986 370 3045 tera
399 2973 602 3071 patefaciunt
626 3000 714 3074 quae
747 2973 865 3048 scribit
889 2973 988 3047 Hom.
1015 2975 1102 3045 xlx.
1132 2974 1168 3045 in
1193 2974 1220 3044 1.
1250 2973 1315 3046 Cor
1338 2973 1408 3046 vll.

298 3085 420 3158 «Alibi
438 3103 526 3161 certe
544 3114 699 3186 magnam
718 3088 777 3162 dat
793 3091 914 3164 marito
928 3088 1194 3190 praerogativam
1207 3105 1241 3164 et
1252 3089 1289 3162 in
1305 3115 1405 3176 novo,

293 3217 327 3275 et
350 3202 389 3274 in·
410 3203 514 3275 vetari
529 3203 741 3278 Testamenta
763 3203 902 3278 dicens:
918 3205 968 3276 dd
991 3206 1099 3276 virum
1125 3219 1216 3275 tuum
1241 3206 1408 3276 conversio

296 3332 364 3403 tuo,
389 3332 420 3391 st
441 3319 510 3416 ι’ριι
533 3319 596 3392 tibi
611 3319 843 3392 detinebitur.
865 3319 989 3393 Paulus
1006 3331 1084 3394 vero
1113 3318 1163 3392 sic
1192 3317 1348 3392 dividens
1378 3333 1412 3392 et

294 3433 458 3507 scribens:
480 3433 560 3520 Vei,
581 3434 710 3534 diliqt'te
720 3461 850 3521 osores,
868 3450 1073 3509 uuorautem
1086 3437 1196 3508 timeat
1209 3436 1330 3507 uirum.
1347 3433 1411 3507 Hie

293 3573 456 3623 veronen
472 3549 560 3625 ultra
577 3552 687 3624 maius
705 3551 892 3624 autminus
910 3551 1027 3649 ponit;
1049 3550 1107 3624 sed
1134 3575 1237 3623 unam
1259 3564 1408 3650 potesta·

292 3677 372 3735 tem.
397 3662 532 3750 Quare?
548 3665 637 3752 Quia
666 3665 709 3737 de
733 3664 886 3738 castitate
916 3690 1027 3739 sermo
1054 3664 1121 3765 ipsi
1152 3680 1224 3738 erat
1268 3665 1306 3736 ln
1330 3662 1408 3736 aliis

293 3777 430 3877 quidem
456 3780 739 3879 praerogativam,
768 3781 899 3881 inquit,
930 3780 1056 3854 habeat
1079 3781 1240 3867 maritus,
1269 3779 1328 3852 ubi
1353 3805 1411 3852 au·

293 3907 360 3965 tem
385 3892 429 3967 ds
454 3895 660 3969 continentia
684 3895 807 3992 agitur:
833 3920 899 3969 non
935 3896 1026 3969 item.
1060 3895 1117 3969 vir
1143 3909 1332 3994 potestatem
1355 3896 1411 3966 sui

291 4010 434 4108 σοφοιιζι
462 4036 527 4081 uos
553 4008 669 4095 habat,
692 4035 792 4108 noque
821 4036 918 4084 uuor.
945 4010 1048 4084 Multa
1069 4027 1122 4086 est
1145 4009 1345 4111 aequalitas,
1373 4023 1407 4083 et

293 4122 387 4198 nulia
408 4124 639 4225 praerogativa
662 4126 802 4221 (137).»

360 4389 425 4450 (ιιι)
441 4391 470 4440 ιι.
486 4389 558 4441 aaa
573 4391 955 4454 nomanatissimus
