3234 5084
348 476 418 528 ose.
435 479 458 528 ι.
474 477 515 529 os
531 476 705 529 ιοιιιιιιι
722 476 928 531 omousion.
945 479 1014 532 ιιι.
1027 477 1074 529 ιιι.
1216 455 1259 527 ts

160 611 275 670 nature
299 593 455 668 coneedit.
485 595 541 668 lus
569 594 693 694 prioris
719 594 852 692 generis
886 592 1028 668 hebetur
1053 609 1091 667 ut
1114 591 1262 669 medium
1356 616 1380 629 ··

159 710 388 784 necessarium
415 708 474 782 fini
499 708 700 795 obtinendo,
727 734 828 808 quem
853 724 973 783 netum
996 708 1073 808 ipse
1101 708 1260 795 intendit;
1300 745 1305 749 ·
1391 702 1395 709 ’

157 840 193 898 ut
210 823 360 897 medium
383 849 463 898 vero
487 851 555 898 non
577 824 713 899 omnino
736 823 986 910 neeessariam,
1013 840 1049 898 et
1069 822 1265 897 naturaliter
1317 836 1321 843 '

157 939 238 1015 utile
251 939 306 1013 ius
318 939 462 1013 hebetur
479 939 615 1014 alterius
632 940 776 1038 generis.
794 941 865 1014 lem
885 966 964 1015 vero
986 940 1039 1014 ius
1056 940 1146 1040 quod
1162 939 1266 1013 hebet

158 1054 299 1127 meritus
324 1053 520 1154 possidendi
545 1054 638 1129 solus
663 1079 799 1129 uxorem
823 1054 877 1128 ius
901 1071 953 1130 est
977 1053 1098 1153 prioris
1122 1051 1261 1153 speciei,

158 1167 240 1266 quie
263 1166 440 1266 pluralitas
467 1168 612 1243 virorum
640 1170 806 1244 contrarie
830 1184 884 1242 est
906 1168 1110 1265 generationi
1131 1184 1165 1241 et
1188 1192 1281 1268 pro·-

160 1283 329 1381 pegetioni
355 1283 487 1381 generis
510 1284 670 1372 humani,
690 1311 777 1385 quse
796 1300 850 1358 est
869 1283 948 1357 finis
969 1282 1115 1380 coniugii
1140 1282 1265 1381 prime·
1341 1284 1342 1289 ’

162 1397 231 1471 rius
248 1414 313 1472 ete
326 1412 444 1472 nature
457 1399 614 1473 intentos.
635 1398 757 1474 Contra
768 1424 848 1474 vero
860 1400 913 1472 ius
927 1397 1017 1498 quod
1030 1396 1132 1470 hebet
1143 1397 1265 1471 molier

164 1512 355 1611 possidendi
383 1512 455 1594 sole
477 1513 634 1587 moritum
659 1529 712 1587 est
738 1512 876 1587 elterius
902 1512 1048 1613 speciei,
1074 1512 1156 1611 quia
1183 1536 1265 1584 uxo·
1370 1605 1372 1611 Ι

164 1652 234 1698 rum
256 1624 432 1726 pluralitas
457 1626 517 1698 fini
543 1626 701 1727 primerio
726 1627 929 1703 matrimonii
950 1626 1090 1699 minime
1113 1624 1267 1699 adverse·

162 1759 224 1814 ter.
248 1741 346 1828 Quod
362 1766 441 1816 vero
458 1742 575 1816 ettinet
591 1741 635 1815 ed
652 1741 736 1815 lines
755 1740 991 1828 secundarios,
1007 1739 1049 1827 ii,
1063 1739 1141 1813 lieet
1151 1765 1263 1838 segre,

157 1854 313 1930 ‚absolute
337 1871 465 1943 temen,
492 1882 569 1930 oum
592 1855 748 1954 eoniugio
775 1856 954 1957 polygomo
978 1854 1162 1929 consistere
1188 1878 1266 1954 pos·

162 1985 252 2043 sunt.
269 1969 344 2056 Quo
363 1969 417 2056 fit,
437 1984 474 2044 ut
491 1996 573 2045 uxor
592 1971 730 2071 quidem
754 1969 874 2045 oedere
893 1969 1001 2071 possit
1024 1969 1090 2043 iuri
1107 1994 1187 2056 suo,
1207 1994 1267 2042 ne·

161 2102 263 2184 queat
287 2100 396 2159 eutem
422 2087 574 2161 meritus.
603 2086 691 2173 Quia
723 2111 799 2160 eum
828 2086 939 2183 egitur
963 2084 1006 2159 de
1029 2085 1102 2158 iure
1127 2083 1263 2172 meriti,

160 2198 273 2295 egitur
284 2198 328 2271 de
340 2197 428 2272 bono
440 2214 591 2288 naturae,
606 2200 741 2300 quando
752 2216 863 2274 eutem
876 2199 920 2272 de
931 2199 1004 2272 iure
1015 2200 1126 2297 egitur
1135 2197 1263 2283 uxoris,

161 2314 273 2412 agitor
299 2314 511 2414 potissimum
532 2315 576 2389 de
599 2313 688 2390 bono
713 2341 897 2416 personee;
925 2313 1026 2402 hino,
1050 2313 1117 2387 nisi
1137 2313 1192 2387 lex
1208 2338 1268 2414 po-

162 2428 260 2502 sitiva
272 2428 388 2528 alique
399 2428 527 2518 obstet,
549 2447 647 2530 prout
662 2430 773 2506 obstet
793 2429 1006 2529 evangelion,
1027 2429 1269 2532 potestatique

165 2568 245 2616 uxor
268 2543 324 2617 ios
349 2568 448 2617 suum
473 2544 532 2617 elii
559 2545 767 2646 perticipere.
789 2544 1001 2645 Quapropter
1018 2543 1142 2645 duplex
1166 2544 1267 2618 etiem

162 2656 326 2765 distingui
351 2675 460 2758 potest
483 2657 686 2760 polygamiae,
707 2660 901 2760 inquorum
926 2660 1031 2735 altere
1053 2658 1197 2734 violetur
1213 2661 1267 2730 ius

162 2772 252 2871 quod
279 2772 458 2873 aequisivit
482 2800 565 2848 uxor
590 2776 783 2875 possidendi
811 2775 883 2850 sole
908 2776 1089 2861 meritum
1116 2772 1206 2874 quod
1236 2773 1265 2846 si

162 2886 245 2975 fiet,
275 2887 465 2988 polygemia
489 2890 590 2964 etiem
615 2889 753 2989 exlege
781 2890 923 2966 netureli
950 2890 1062 2964 evadit
1088 2888 1204 2962 illicite
1228 2914 1269 2962 eo

164 3002 305 3090 iniuste;
329 3002 435 3081 altere
452 3029 530 3079 vem
548 3005 584 3078 in
601 3032 670 3105 qua
693 3031 777 3080 uxor
802 3022 942 3106 sponte,
973 3003 1064 3078 nulle
1084 3002 1268 3077 obsistente

164 3116 307 3217 positive
319 3117 410 3215 lege,
427 3136 464 3193 ut
475 3118 601 3195 dietum
614 3138 687 3208 est,
704 3121 768 3196 iuri
782 3147 846 3196 suo
859 3120 964 3208 eedit,
979 3136 1012 3195 et
1023 3121 1108 3195 hoeo
1119 3134 1267 3220 spectato

166 3233 304 3307 naturali
332 3235 425 3323 iore,
453 3234 544 3311 lioite
568 3237 709 3311 evadere
732 3252 852 3338 potest.
882 3236 976 3311 Prior
1000 3235 1191 3337 polygamie
1215 3235 1268 3306 in·

166 3345 268 3446 telligi
295 3347 395 3421 debet
417 3347 576 3424 damnate
599 3349 710 3426 verbis
736 3350 804 3425 illis
823 3351 1010 3426 Geneseos:
1030 3366 1061 3423 et
1080 3348 1268 3423 adhaerebit

166 3464 266 3536 oxori
285 3489 387 3550 eoos,
415 3479 446 3537 st
469 3480 562 3538 mot
584 3465 648 3539 deo
671 3469 707 3539 io
730 3493 826 3540 soros
849 3492 927 3540 ooo.

238 3577 312 3664 Quo
333 3605 437 3654 sensu
455 3580 566 3680 reipsa
577 3607 618 3655 ee
629 3580 784 3680 exposuit
800 3609 829 3655 s.
848 3583 895 3656 lo.
911 3581 1170 3682 Chrysostomus
1186 3579 1268 3652 sori·

165 3692 269 3766 bens:
295 3694 373 3767 «Ea
400 3720 489 3794 quse
516 3694 659 3796 abipso
688 3712 768 3771 sunt
790 3697 880 3771 dieta
903 3697 946 3769 de
969 3722 1035 3769 non
1061 3693 1268 3795 repudienda

165 3833 286 3894 uxore,
307 3834 373 3882 non
391 3809 491 3884 modo
507 3836 573 3885 non
591 3827 793 3909 repugnent,
815 3836 929 3884 verum
952 3810 1051 3883 etiem
1072 3808 1170 3883 valde
1191 3834 1267 3883 oum

165 3923 282 4023 Moyse
305 3925 524 4014 eonveniunt3
551 3926 835 4000 considerandum
856 3941 966 4000 eutem
989 3940 1059 4012 est,
1085 3925 1175 4025 quod
1202 3951 1268 3999 non

166 4037 273 4113 solum
300 4039 344 4112 ab
367 4038 517 4140 opificio,
548 4066 663 4113 verum
697 4040 796 4114 etiam
822 4040 965 4141 abipso
991 4055 1168 4141 praecepto
1192 4066 1270 4114 sen·

165 4155 303 4228 tentiam
329 4181 425 4229 suam
449 4154 655 4244 oormboret;
683 4182 750 4230 non
774 4157 864 4230 enim
888 4157 991 4244 dixit,
1011 4157 1092 4256 quia
1111 4155 1271 4230 visumst

165 4266 337 4342 mulierem
361 4295 463 4343 unam
487 4269 696 4344 solummodo
720 4270 816 4359 feeit,
837 4295 952 4344 verum
974 4271 1074 4346 etiem
1096 4270 1176 4372 quia
1201 4268 1270 4343 ius-

164 4383 228 4471 sit,
245 4401 281 4457 ut
294 4411 382 4461 unus
399 4385 456 4457 ιιιιί
474 4385 682 4482 coniugatus.
697 4384 785 4461 Nom
802 4389 836 4460 si
852 4388 1005 4460 voios'seet
1022 4389 1159 4462 alteram
1171 4388 1269 4459 etiem
