3234 5084
324 376 368 445 36
496 395 558 446 ιιι.
580 395 627 446 ιιι.
648 394 733 446 sacr.
755 395 778 444 ι.
799 395 840 444 ns
857 394 951 445 ιιιι.
968 394 1090 467 onum.
1108 394 1250 446 onirnrr.

322 530 352 585 ct
375 528 470 585 crunt
492 512 555 585 doc
571 515 607 584 in
623 538 719 584 carru
739 537 805 584 ono
820 513 934 607 (82);»
947 537 1035 611 quac
1051 528 1219 610 tamquam
1232 537 1253 584 a
1265 511 1334 587 Dec
1351 515 1432 613 ipso

322 627 451 727 prolata
476 627 574 702 rclcrt
599 625 753 700 Christus
770 627 858 722 (83).
873 625 1031 725 Adeoque
1055 626 1194 699 dubium
1221 625 1349 700 nullum
1374 654 1431 701 su·

322 768 457 843 parasse
481 756 591 841 potest
607 740 727 814 dallei
745 739 928 814 intentione
944 765 985 813 ac
1001 739 1171 815 voluntate
1195 741 1286 815 circa
1311 767 1428 816 mono-

321 857 479 955 gamiam.

393 972 454 1045 Ast
478 970 570 1044 alind
588 986 639 1044 cst
656 970 775 1043 dallei
794 969 977 1045 intentione
1001 995 1041 1043 ac
1064 969 1239 1044 voluntate
1263 970 1429 1044 disserere

321 1112 381 1187 per
398 1087 521 1160 lactum
538 1086 649 1185 ipsum
667 1084 897 1171 manifestata3
914 1083 1006 1157 aliud
1019 1110 1097 1158 varo
1110 1083 1237 1181 delego
1253 1110 1426 1183 expressa,

321 1227 389 1300 qua
406 1199 498 1273 Adae
514 1198 658 1298 posteris
682 1197 845 1271 indictum
871 1198 986 1285 luerit,
1006 1214 1045 1272 ut
1067 1224 1170 1272 unam
1194 1198 1321 1272 tantum
1346 1225 1429 1273 ιιιιο-

322 1341 391 1388 rem
415 1315 593 1400 ducerent,
621 1338 662 1386 ac
686 1311 896 1408 illegitimum
922 1327 955 1385 et
979 1311 1107 1385 nullum
1138 1311 1322 1386 declaretur
1349 1338 1429 1387 con-

320 1428 447 1528 iugium
471 1427 562 1528 quod
588 1443 664 1528 post
687 1427 822 1500 ductam
847 1427 990 1525 primam
1014 1453 1150 1502 uxorem
1175 1429 1295 1502 initum
1313 1427 1424 1502 luerit.

319 1543 411 1615 Haec
434 1567 595 1639 expressa
611 1540 663 1613 lex
681 1539 839 1638 nuspiam
857 1556 998 1639 apparat
1022 1540 1057 1612 in
1083 1541 1188 1615 sacris
1209 1540 1345 1629 litteris;
1366 1566 1428 1639 pa·

320 1671 388 1729 tres
412 1680 492 1728 vero
517 1655 553 1726 in
576 1653 728 1726 diversas
749 1655 932 1727 aasentias
957 1654 1049 1727 abira
1073 1653 1137 1727 visi
1163 1670 1253 1728 sunt.
1270 1652 1426 1728 Nonnulli

319 1796 359 1843 ar
385 1768 538 1869 patribus
564 1766 705 1841 Lamech
739 1767 916 1841 traducunt
941 1785 977 1841 ut
1001 1768 1144 1843 violatas
1174 1769 1309 1843 divinae
1340 1769 1427 1867 legis

319 1911 412 1958 raum
430 1911 470 1958 eo
486 1882 577 1983 qnod
594 1883 680 1957 duas
698 1882 798 1956 simul
816 1882 972 1956 babuerit
984 1910 1118 1972 uxores,
1133 1899 1170 1957 nt
1182 1884 1424 1972 Tertullianus,

318 1999 377 2098 qui
396 2014 472 2098 post
491 1997 594 2072 relata
609 1998 712 2073 verba
728 1997 865 2073 scribit:
885 1998 1079 2071 «Numerus
1097 1998 1297 2071 matrimonii
1317 2024 1338 2071 a
1355 2025 1427 2072 ma-

318 2113 440 2187 ledicto
455 2113 528 2186 viro
544 2114 665 2214 coepit.
687 2113 817 2186 Primus
835 2111 978 2186 lamech
996 2112 1130 2186 duabus
1146 2114 1336 2202 maritatus,
1358 2129 1427 2188 tres

318 2227 352 2299 in
370 2253 473 2301 unam
490 2253 624 2301 carnem
643 2226 754 2301 eslecit
769 2228 883 2322 (8l);»
899 2241 932 2299 st
948 2225 1048 2299 alibi:
1072 2225 1207 2299 «Semel
1229 2227 1297 2301 vim
1323 2253 1427 2326 passa

318 2340 483 2414 institutio
506 2340 567 2413 Dei
593 2365 652 2441 par
668 2338 810 2413 Lamech
828 2342 941 2434 (85).»
958 2341 1040 2412 ltem
1058 2366 1088 2413 s.
1104 2340 1345 2440 Hieronymus,
1366 2341 1424 2442 qui

318 2471 351 2529 et
375 2456 449 2556 ipsa
473 2455 567 2528 addit
597 2469 674 2553 post
705 2454 806 2528 verba
840 2454 997 2553 superius
1029 2455 1226 2554 descripta:
1257 2455 1425 2530 «Primus

317 2568 460 2644 hamach
484 2569 722 2665 sanguinarius
741 2585 774 2642 et
791 2569 979 2661 homicida,
1005 2595 1107 2642 unam
1133 2595 1265 2643 carnem
1283 2569 1318 2643 in
1338 2571 1424 2644 duas

317 2684 435 2759 diuisit
467 2708 609 2757 uxores:
643 2682 863 2756 fratricidium
893 2699 926 2755 et
954 2682 1153 2781 digamiam,
1190 2683 1306 2757 eadem
1334 2698 1425 2757 cata-

300 2798 436 2898 clysmi
458 2823 568 2896 poena
588 2796 712 2871 delevit
731 2800 846 2893 (86).n
863 2799 997 2872 Necnon
1015 2824 1044 2871 a.
1056 2796 1211 2871 Nicolaus
1230 2798 1326 2897 lequi
1346 2799 1426 2872 scri-

317 2911 396 2984 bit:
424 2910 616 2985 nhdultcrii
648 2927 758 2984 antem
783 2911 964 3008 flagitium,
992 2912 1082 3010 quod
1106 2911 1249 2984 lamech
1274 2912 1424 2985 omnium

317 3025 445 3126 primus
470 3026 505 3095 in
526 3023 658 3097 duabus
683 3023 845 3098 uxoribus
867 3025 1085 3123 perpetravit,
1105 3023 1240 3098 nonnisi
1257 3025 1425 3122 Sanguine

317 3139 442 3214 Christi
462 3134 623 3213 abolitum
642 3139 802 3226 extiterit,
822 3139 881 3238 qui
896 3140 1039 3238 septima
1054 3154 1088 3212 ct
1104 3140 1350 3238 septuagesima
1366 3165 1424 3235 ga-

316 3256 487 3357 naratione
503 3254 687 3328 secundnm
705 3253 915 3352 evangelium
935 3253 1055 3327 luxerit
1075 3254 1110 3327 in
1128 3254 1290 3328 mundum
1306 3254 1420 3349 (8Ἱ).»

318 3369 410 3444 Alios
436 3369 557 3442 allsrre
582 3394 715 3467 possem
741 3367 800 3467 qui
827 3366 917 3441 idem
942 3367 1101 3441 sentiunt.

389 3594 441 3657 (sa)
456 3594 545 3644 oeno.
557 3593 590 3642 11.
603 3598 642 3644 aa.
652 3595 690 3643 aa.

390 3673 441 3735 (88)
458 3673 545 3723 liutto.
554 3674 618 3722 xlx.
631 3679 653 3722 8.
665 3679 689 3722 6.

387 3752 438 3815 (84)
457 3752 570 3803 hecolt

389 3832 439 3895 (88)
454 3831 508 3882 Lib.
522 3834 742 3895 Dsmcnocomto,
753 3844 808 3895 cap.
819 3833 862 3882 lv.

388 3909 438 3973 (88)
453 3911 512 3961 Loo.
523 3910 565 3961 cit.
575 3911 618 3974 qui
629 3910 714 3961 cadem
726 3911 802 3961 ferma
817 3911 902 3974 repetit
914 3908 990 3961 ruba
999 3910 1077 3974 Epist.
1088 3911 1195 3961 Lxxlx.
1206 3909 1239 3960 ad
1249 3909 1372 3961 Sdrinam
1381 3910 1423 3961 ad.

315 3988 358 4039 cit.
368 3987 416 4039 coi.
428 3994 482 4040 888.
492 3988 601 4039 scribens
612 4001 617 4031 =
630 3987 747 4038 «Primus
760 3989 867 4039 Lamech
883 3987 1027 4039 maledictos
1042 3989 1067 4039 ct
1081 3987 1264 4052 sanguinarios,
1273 3989 1299 4039 et
1313 3988 1344 4039 dc
1360 3989 1422 4039 cain

314 4067 390 4133 stirpe
404 4067 571 4131 descendens,
587 4080 661 4118 nnana
676 4069 770 4119 costarn
786 4068 872 4119 drmit
890 4069 916 4119 in
933 4067 1008 4129 duas,
1024 4070 1049 4120 ct
1064 4068 1212 4134 plantarium
1231 4068 1351 4132 digamiae
1367 4082 1422 4132 pro·

314 4148 382 4199 tinus
400 4146 489 4198 diluvii
505 4159 583 4210 poena
600 4147 744 4199 snbvertit.»

385 4226 436 4291 (87)
451 4225 491 4278 Ad
508 4226 631 4279 consulto
647 4226 786 4293 Bulooror.
805 4243 830 4278 n.
850 4235 888 4280 tr.
908 4227 974 4291 apnd
992 4227 1112 4280 liardnin.
1125 4231 1191 4281 Acta
1208 4228 1300 4280 concii.
1318 4231 1378 4280 tom.
1391 4230 1420 4277 v.

316 4308 363 4358 col.
376 4310 429 4358 871.
