3234 5084
315 467 383 518 ιιι.
400 466 436 518 ιι.
453 465 493 517 nr
515 464 626 518 mnus.
644 466 740 518 ιιιιι.
757 466 791 518 ιιι
808 465 898 517 crus.
915 452 1028 518 snum.
1044 469 1117 519 ιιι.
1129 468 1165 519 ιι.
1219 445 1291 520 iti

177 584 207 659 si
225 582 380 665 Christus
403 582 537 657 loeutus
555 598 607 656 est
622 582 666 656 de
682 582 884 658 dimissione
907 584 1022 658 uxoris
1045 602 1183 685 propter
1200 584 1293 662 illius

173 698 398 786 adulterium3
419 713 535 771 essent
556 714 666 772 autem
692 696 777 770 [alsa
793 699 830 770 in
848 696 1116 773 adversariorum
1134 700 1294 800 interpre-

175 814 301 889 tatione
325 812 369 887 de
393 810 600 901 concubina,
628 812 681 888 vel
705 812 749 886 de
773 813 918 888 foemina
943 840 984 889 ac
1008 814 1079 890 viro
1104 816 1163 916 qui
1189 817 1294 890 iorni-

174 931 265 1005 carie
282 930 444 1004 viverent.
462 929 637 1017 Quomodo
653 930 744 1002 enim
762 947 878 1029 posset
894 957 970 1005 esse
987 930 1119 1005 adulter
1130 932 1184 1007 vel
1197 933 1294 1006 adul-

176 1062 269 1131 tera,
307 1043 387 1143 qui,
422 1042 537 1117 relicto
561 1059 651 1117 statu
676 1043 879 1131 fornicario,
915 1044 1062 1143 legitime
1086 1072 1164 1120 cum
1189 1045 1293 1123 altero

175 1175 234 1233 aut
257 1184 333 1233 cum
360 1157 464 1231 altera
488 1183 527 1231 se
550 1157 795 1256 coniungeret?

248 1271 415 1373 Equidem
442 1272 532 1345 haud
558 1273 676 1370 ignoro
701 1272 804 1346 huius
829 1274 1110 1375 interpretationis
1134 1292 1291 1376 patronos

176 1388 404 1488 exceptionem
431 1387 523 1461 illam
548 1388 592 1461 ad
617 1388 763 1462 incisum
787 1391 887 1463 etiam
914 1416 1060 1491 sequens
1078 1392 1288 1491 protendere,

176 1531 216 1579 ac
237 1506 284 1578 ita
302 1504 429 1577 Christi
454 1503 555 1578 verba
580 1504 764 1605 exponerel
785 1505 933 1580 «Omnis
950 1510 1007 1606 qui
1026 1507 1193 1582 dimiserit
1210 1534 1293 1582 uxo-

178 1647 269 1707 rem,
288 1634 423 1718 eccepto
439 1619 666 1718 fornicationis
683 1646 801 1706 cosso,
822 1619 874 1693 vel
892 1623 960 1693 nisi
975 1622 1014 1694 oh
1030 1622 1287 1720 fornicationem,

176 1752 210 1809 et
229 1735 330 1808 aliam
355 1734 507 1822 duxerit,
535 1735 731 1809 moechatur
747 1752 780 1809 et
796 1735 999 1810 adulterat.»
1014 1736 1134 1809 Verum
1160 1754 1293 1836 praeter

176 1878 277 1952 qoam
300 1850 391 1950 quod
412 1849 508 1924 aleae
530 1877 585 1924 res
612 1850 709 1952 plena
735 1867 787 1925 est
812 1878 886 1925 eam
912 1852 1097 1926 clausulam
1122 1852 1291 1926 etiamad

176 1967 360 2067 insequens
386 1966 531 2040 incisum
556 1967 697 2054 referre,
721 1993 826 2066 quum
844 1966 879 2038 id
897 1967 1022 2041 iaciant
1038 1966 1081 2040 ad
1099 1967 1201 2040 alium
1219 1993 1291 2042 sco

175 2082 375 2183 pometiam
398 2097 641 2182 protestantes,
650 2098 688 2155 ut
704 2082 860 2157 evincant
876 2082 1005 2156 scilicet
1022 2083 1057 2154 in
1075 2108 1180 2156 causa
1197 2083 1292 2157 adul·

176 2198 250 2273 terii
268 2197 369 2271 licere
387 2224 454 2272 non
471 2197 581 2271 solum
599 2196 759 2270 dimittere
775 2224 931 2283 uxorem,
952 2197 1012 2271 sed
1034 2198 1136 2271 oliam
1153 2198 1294 2299 insuper

176 2311 308 2396 docem
333 2310 416 2398 hoc,
445 2311 608 2412 inquam,
633 2311 778 2398 omisso,
802 2312 832 2385 si
859 2337 938 2386 vera
961 2329 1051 2384 esset
1075 2311 1135 2384 illa
1158 2313 1294 2412 exposi-

177 2427 242 2514 tio,
270 2425 363 2501 hunc
390 2425 567 2499 funderent
597 2451 735 2499 sensum
760 2424 886 2499 Christi
911 2425 1029 2499 allata:
1056 2425 1207 2501 «Omnis
1232 2428 1291 2528 qui

176 2541 342 2616 dimiserit
365 2567 501 2615 uxorem
527 2565 645 2627 suam,
665 2554 803 2639 excepto
824 2566 925 2629 casu,
946 2540 1037 2641 quod
1063 2567 1103 2615 ea
1129 2567 1196 2615 non
1212 2567 1291 2615 vere

177 2684 261 2732 uxor
284 2657 350 2742 sit,
377 2655 439 2731 sed
471 2670 602 2729 tantum
636 2654 815 2729 fornicaria
840 2681 901 2729 seu
924 2683 1017 2730 mera
1046 2655 1235 2731 concubina
1259 2672 1294 2731 et

177 2772 304 2872 pellex,
318 2771 373 2846 vel
390 2787 523 2871 praeter
539 2786 665 2845 statum
682 2770 925 2846 ccncubinatus
937 2788 971 2846 et
983 2771 1181 2845 [omicariae
1197 2771 1292 2847 unio

178 2887 251 2975 nis,
282 2885 477 2961 moechatur
500 2902 534 2959 et
558 2884 759 2959 adulterat.»
783 2885 826 2959 At
849 2885 928 2986 quis
957 2912 1023 2960 non
1048 2885 1140 2959 videt
1165 2884 1292 2959 violen-

177 3019 269 3090 tam,
297 3002 365 3077 imo
389 3017 422 3075 et
444 3000 627 3074 absurdam
652 3000 853 3074 sententiam
869 3026 910 3073 ex
928 2999 993 3076 hnc
1010 3000 1209 3101 hypothesi,
1231 3026 1293 3076 seu

176 3117 384 3218 expositione
406 3114 594 3214 exurgere?
610 3116 645 3188 Si
662 3132 714 3191 est
730 3142 816 3189 acor
837 3134 870 3191 et
893 3117 1031 3216 quidem
1055 3144 1132 3204 suc,
1155 3143 1222 3193 non
1239 3132 1293 3192 est

177 3234 374 3321 concubino,
389 3232 419 3308 si
438 3248 491 3307 est
511 3233 709 3320 concubina,
730 3258 798 3308 non
820 3250 872 3306 est
894 3258 991 3306 osor.
1008 3231 1163 3308 Christus
1181 3249 1293 3307 autem

177 3349 326 3451 loquitur
350 3348 394 3422 de
414 3374 534 3436 uxore,
556 3363 589 3422 et
613 3346 657 3420 de
682 3347 755 3421 viro
781 3348 841 3448 qui
865 3346 1002 3422 dimittit
1025 3374 1160 3422 comem
1175 3374 1288 3432 suom,

177 3493 243 3540 non
268 3479 380 3539 autem
406 3464 617 3537 concubinam
647 3489 762 3551 ιιιαιιι,
790 3480 850 3537 ant
876 3464 1028 3563 pellicem
1058 3489 1175 3548 soom,
1205 3488 1293 3562 quae

176 3581 253 3657 talis
283 3607 361 3657 esse
390 3580 528 3680 nequit,
556 3579 623 3654 nisi
648 3594 726 3653 ante
751 3578 872 3652 initum
901 3579 1120 3676 coniugium,
1148 3595 1207 3654 aut
1232 3605 1293 3679 per

176 3712 316 3772 mortem
340 3695 480 3770 alterius
511 3694 683 3783 solutum,
711 3694 863 3794 alioquin
887 3695 918 3768 si
945 3695 979 3768 in
1004 3719 1083 3768 vero
1107 3694 1289 3791 coniugio„

177 3829 235 3887 ant
257 3838 335 3887 cum
360 3811 538 3909 coniugato
561 3809 791 3911 delinqueret,
818 3826 908 3885 esset
932 3809 1101 3895 adultero,
1125 3809 1218 3910 quod
1236 3809 1293 3884 ad-

178 3927 316 4003 versarii
343 3926 449 4001 nostri
475 3926 680 3999 inficiantur.

249 4044 368 4143 ltaque
396 4067 535 4144 quaqua
563 4066 683 4118 versus
714 4057 881 4144 spectetur
911 4044 1096 4118 novissima
1128 4043 1294 4143 expositio

177 4158 296 4233 horum
314 4173 463 4233 textuum
480 4157 763 4256 evangelicorum,
785 4159 858 4232 sive
874 4185 994 4260 nempe
1011 4174 1202 4259 spectemus
1219 4185 1292 4234 ora·

168 4275 279 4351 tionis
304 4274 448 4362 seriem,
476 4275 549 4351 sive
573 4300 714 4375 scopum
738 4275 885 4363 Christi,
913 4275 986 4350 sive
1009 4275 1184 4351 versiones
1210 4277 1295 4349 nnti-

176 4416 282 4489 qass,
311 4390 384 4467 sive
414 4391 606 4465 unanimem
643 4407 834 4466 sanctorum
865 4408 1014 4467 veterum
1049 4393 1297 4493 interpretatio-
