3234 5084
356 414 424 488 llll
841 441 977 496 troas.

352 556 431 630 har.
462 557 506 630 ll.
538 556 698 633 Doctrina
727 558 861 634 concilii
893 561 1065 636 tridentini
1091 561 1135 635 de
1162 565 1373 663 separatione

497 728 501 733 -
572 675 684 776 quoad
711 693 820 750 torum
837 692 871 751 et
886 677 1171 753 cohabitationem
1192 680 1237 754 ob
1257 680 1370 781 plures

571 817 710 878 caueae,
734 810 891 866 manente
914 794 1072 882 vinculo,
1099 795 1142 869 ab
1168 795 1372 872 adversario

575 934 648 980 rum
674 907 930 983 difficultatibus
959 909 1152 984 vindicatur
1154 969 1342 987 ............
1349 944 1367 984 a
1398 916 1469 987 430

400 1020 437 1118 5.
467 1021 493 1092 l.
543 1022 703 1095 Doctrina
726 1023 867 1097 canonis
882 1024 969 1095 Vlll.
991 1025 1125 1099 concilii
1152 1025 1325 1101 tridentini
1351 1055 1371 1101 a

571 1152 649 1211 nota
672 1140 827 1211 novitatis
846 1139 1037 1213 vindicatur
1045 1196 1346 1216 ...................
1353 1176 1371 1214 a
1411 1144 1459 1217 ih.

399 1252 436 1351 5.
466 1252 508 1323 ll.
543 1251 668 1325 Eadem
694 1253 849 1327 doctrina
871 1253 1062 1329 vindicatur
1085 1256 1129 1329 ah
1153 1257 1259 1339 altera
1293 1275 1371 1333 nota

569 1370 779 1466 oppositionis
803 1394 881 1442 cum
902 1370 1096 1467 evangeliea
1124 1388 1158 1445 et
1182 1373 1372 1472 apostolica

570 1482 722 1557 doctrina
726 1539 1343 1562 ......................................
1350 1519 1366 1558 e
1398 1490 1467 1562 436

398 1599 436 1698 5.
466 1599 525 1671 lll.
541 1597 701 1673 Doctrina
725 1599 769 1671 de
792 1598 937 1673 divortio
961 1600 1073 1701 quoad
1093 1617 1203 1675 torum
1220 1619 1255 1676 ct
1270 1602 1369 1677 coha-

570 1712 786 1800 bitationem,
804 1730 962 1787 manente
978 1714 1133 1804 vinculo,
1150 1718 1280 1790 atentia
1292 1733 1370 1793 noto

569 1829 811 1903 immoralitott‘c
834 1828 1026 1904 vindicatur
1037 1887 1338 1906 ...................
1346 1863 1364 1903 a
1398 1835 1465 1906 tto

475 2014 569 2088 Chl’.
595 2014 755 2088 vt-ur
781 2038 1004 2091 nrssouurroue
1030 2040 1218 2093 urnuouu
1245 2042 1335 2105 aaut,

740 2154 804 2206 riou
829 2155 1029 2207 corennum
1039 2189 1227 2206 ............
1235 2130 1243 2204 ’.
1253 2190 1341 2205 ......
1349 2165 1366 2204 s
1397 2136 1464 2207 loo

353 2299 433 2374 Aer.
464 2302 491 2373 l.
538 2302 587 2375 De
603 2301 743 2377 ueritate
759 2301 932 2376 doctrinae
948 2301 1133 2377 catholicae
1150 2303 1240 2378 circa
1257 2302 1371 2378 disso-

574 2416 734 2492 lationem
753 2416 879 2493 vinculi
903 2416 1088 2514 coniugalis
1107 2443 1170 2516 per
1185 2417 1369 2491 solemnem

570 2531 1366 2631 religionisprolessionemalteriusconiugum.»
1397 2534 1466 2605 464

352 2648 431 2724 Ant.
462 2650 506 2724 ll.
537 2647 586 2722 De
604 2648 761 2749 iureque
779 2646 1025 2721 matrimonium
1046 2646 1195 2720 fidelium
1212 2663 1320 2720 ratum
1336 2664 1371 2721 et

569 2789 636 2839 non
660 2781 928 2838 consummatum
953 2789 1013 2861 per
1038 2761 1223 2836 solemnem
1241 2763 1371 2861 religio

571 2878 626 2953 nis
651 2879 895 2979 professionem
920 2879 1032 2980 quoad
1057 2877 1230 2953 vinculum
1246 2878 1370 2954 dissol-

568 3010 666 3070 uatur
678 3053 1341 3071 ........................................
1347 3026 1365 3068 s
1397 2998 1467 3069 ttt

399 3114 437 3214 5.
466 3113 494 3185 l.
543 3113 592 3186 De
618 3108 751 3187 illorum
778 3111 1005 3210 theologorum
1031 3112 1198 3186 sententia
1217 3113 1275 3213 qui
1298 3111 1370 3188 die-

569 3225 770 3303 solutionem
796 3226 945 3325 coniugii
972 3226 1034 3301 rati
1060 3252 1101 3300 ex
1128 3227 1200 3300 iure
1225 3225 1368 3300 naturali

570 3357 724 3442 repetunt
729 3397 1342 3415 ......................................
1350 3371 1368 3410 a
1414 3340 1461 3413 ih.

302 3516 311 3523 .
398 3460 436 3559 5.
466 3460 510 3532 ll.
543 3458 594 3533 De
618 3458 752 3532 illorum
775 3456 1006 3555 theologorum
1024 3455 1149 3556 placito
1166 3456 1226 3557 qui
1246 3457 1371 3531 eonsti-

569 3589 667 3649 tuunt
697 3572 838 3649 dissolvi
870 3572 1117 3648 matrimonium
1152 3588 1261 3647 retum
1298 3572 1370 3646 iure

570 3705 697 3765 tantum
724 3686 953 3763 ecclesiastico
959 3743 1341 3762 ........................
1348 3717 1366 3758 a
1397 3688 1464 3760 l'l'l

399 3808 436 3906 5.
467 3808 526 3880 lll.
543 3807 592 3880 De
617 3804 749 3880 illorum
777 3803 1006 3901 theologorum
1034 3803 1200 3879 sententia
1229 3804 1289 3905 qui
1319 3828 1372 3877 so-

568 3919 730 3995 lutionem
754 3918 880 3993 vinculi
905 3917 1108 3993 matrimonii
1135 3918 1197 3992 rati
1223 3917 1267 3992 oh
1297 3944 1372 4018 pro

571 4035 751 4111 sessionem
778 4035 971 4133 religiosam
997 4050 1152 4135 repetunt
1176 4061 1198 4108 a
1221 4033 1293 4106 iure
1318 4032 1371 4105 di-

570 4150 649 4225 vino
662 4204 1342 4223 ..........................................
1350 4177 1367 4216 s
1399 4148 1463 4219 tet

351 4268 431 4342 har.
463 4268 522 4340 lll.
538 4267 588 4340 De
612 4265 869 4340 difficultatibus
894 4263 1018 4365 quihus
1043 4279 1174 4338 asserta
1197 4290 1219 4337 a
1242 4261 1370 4337 triden-

571 4381 640 4455 tina
655 4381 785 4480 synodo
797 4379 961 4453 catholica
974 4379 1097 4453 veritas
1115 4378 1366 4479 impugnatur.»
1397 4377 1466 4447 tet
