3234 5084
289 449 292 453 *
356 454 641 508 mauruncium
656 456 1178 512 raro.crn.mnrss.rnrn.rnr.r.
1262 440 1330 510 311

288 575 331 650 llt
360 577 480 649 iterum
499 575 559 647 lih.
577 577 604 647 l.
621 577 668 647 Da
689 576 854 649 Abraham
872 602 909 650 e.
926 577 978 649 lll.
1003 576 1103 650 «Sed
1121 593 1155 650 ct
1174 602 1235 651 vos
1261 604 1334 653 mo·

216 719 292 780 neo,
319 691 397 778 riri,
424 690 570 765 maxime
595 691 655 789 qui
677 691 720 765 ad
749 694 890 789 gratiam
915 693 1049 766 Domini
1076 692 1239 781 tenditis,
1262 717 1334 768 non

215 806 426 881 commisceri
453 806 641 881 adulterino
672 808 805 906 corpori
840 808 915 905 (qui
941 809 1031 882 enim
1062 834 1100 882 se
1129 807 1240 906 iungit
1264 834 1336 883 1111-

216 921 328 996 1111ἰοί
353 947 458 995 unum
480 946 602 1021 corpus
628 924 721 1016 est),
742 946 804 995 nec
831 920 914 995 dare
946 922 1034 995 hanc
1055 921 1272 997 mensionem
1286 921 1336 994 di·

214 1034 314 1109 vortii
345 1032 555 1108 mulieribus.
577 1034 681 1108 Nemo
699 1033 765 1107 sihi
790 1033 984 1109 blandiatur
1006 1034 1049 1109 de
1073 1035 1207 1133 legibus
1230 1036 1336 1111 homi·

216 1175 310 1223 num.
332 1148 441 1225 Omne
465 1166 618 1249 stuprum
639 1149 839 1223 adulterium
860 1166 930 1238 est,
951 1176 1013 1224 nec
1029 1151 1102 1226 riro
1123 1152 1223 1239 licet,
1242 1152 1334 1252 quod

218 1265 350 1339 mulieri
376 1264 551 1342 nonlicet
579 1264 706 1338 Eadem
732 1291 754 1338 a
778 1266 872 1353 viro,
896 1292 984 1366 quae
1006 1266 1050 1340 ab
1069 1291 1173 1340 uxore
1196 1267 1335 1341 debetur

216 1378 425 1452 castimonia.
447 1378 619 1476 Quidquid
634 1380 669 1450 in
686 1404 779 1466 eam,
800 1405 890 1479 quac
906 1405 973 1453 non
992 1379 1037 1453 sit
1060 1377 1209 1476 legitima
1233 1406 1330 1466 uxor,

217 1494 431 1567 commissum
450 1493 563 1581 luerit,
579 1493 740 1568 adulterii
756 1493 936 1568 damnatur
952 1479 1093 1568 crimine
1109 1496 1248 1590 (111).»
1260 1493 1335 1570 Alia

217 1609 349 1696 omitto,
370 1635 458 1709 quac
480 1610 514 1682 in
533 1609 689 1683 eumdem
716 1635 854 1684 sensum
882 1608 1005 1682 ibidem
1031 1609 1149 1683 scribit
1168 1634 1244 1708 cap.
1261 1609 1330 1682 llll.

215 1723 273 1797 ubi
299 1749 458 1824 expresse
484 1725 612 1824 inquit:
636 1723 761 1798 «Nulli
791 1723 870 1797 licet
898 1723 986 1797 scire
1006 1723 1182 1797 mulierem
1204 1740 1335 1825 praeter

214 1865 363 1913 uxorem.
398 1839 546 1941 Ideoque
570 1839 716 1938 coniugii
745 1838 805 1913 tihi
833 1839 950 1913 datum
975 1853 1028 1913 est
1051 1839 1124 1927 ius,
1152 1866 1196 1914 ne
1224 1840 1260 1911 iu
1284 1838 1334 1913 la·

215 1979 338 2054 qucum
357 1954 506 2043 incidas,
527 1971 560 2030 et
586 1981 662 2028 cum
689 1954 800 2029 aliena
825 1953 967 2028 muliere
984 1952 1175 2054 delinquas.
1195 1954 1333 2028 Vinctus

214 2095 252 2143 es
277 2070 393 2158 uxori,
424 2069 492 2144 noli
522 2096 683 2169 quaerere
707 2069 930 2157 solutionem3
956 2070 1122 2170 quianon
1144 2069 1223 2144 licet
1246 2069 1329 2158 tihi,

216 2211 318 2259 uxore
342 2186 496 2274 vivente,
524 2211 661 2260 uxorem
683 2185 818 2259 ducere.
847 2186 932 2258 Nam
957 2201 990 2258 ct
1014 2183 1114 2259 aliam
1145 2211 1329 2286 quaerero,

214 2325 290 2372 cum
308 2299 435 2375 habeas
453 2316 564 2388 tuam,
581 2301 708 2375 crimen
728 2316 780 2374 est
807 2300 977 2388 adulterii,
993 2300 1058 2375 hoc
1076 2301 1225 2397 gratius,
1240 2303 1332 2401 quod

216 2428 315 2513 putas
340 2430 475 2513 peceato
500 2430 558 2488 tuo
582 2414 813 2488 aucmritatem
833 2413 907 2511 lege
931 2413 1170 2513 quaerendam.
1199 2415 1333 2491 Tolera·

215 2525 315 2603 bilior
334 2543 405 2615 est,
434 2528 464 2602 si
490 2527 592 2602 lateat
617 2527 738 2627 eulpa,
759 2528 910 2628 quamsi
929 2527 1050 2626 eulpae
1076 2540 1258 2627 usurpetur
1276 2555 1333 2603 au·

215 2641 362 2716 ctoritas.
391 2642 459 2715 Nec
484 2641 549 2716 hoe
568 2640 678 2715 solum
695 2655 748 2716 est
773 2640 995 2729 adulterium,
1018 2666 1097 2715 cnm
1118 2639 1231 2716 aliena
1253 2668 1332 2743 pec·

215 2781 292 2830 care
315 2757 476 2854 coniuge,
500 2755 561 2831 sed
578 2782 678 2831 omne
702 2756 793 2857 quod
819 2782 886 2831 non
913 2754 1016 2831 hahet
1040 2770 1238 2856 potestatem
1256 2784 1333 2833 con·

217 2869 301 2967 iugii
327 2873 464 2968 (llh).o

288 2985 378 3061 llaec
401 2987 536 3089 quidem
567 3014 596 3063 s.
629 2988 846 3077 Ambrosius,
875 2989 966 3063 unde
995 2988 1158 3063 discimus
1185 2991 1220 3062 1.
1245 2988 1331 3062 Eum

215 3101 308 3200 loqui
333 3128 399 3176 non
420 3101 463 3175 de
489 3101 562 3177 sola
585 3103 785 3178 dimissione
806 3103 921 3203 quoad
942 3119 1073 3192 torum,
1096 3103 1330 3178 verumetiam

213 3216 257 3291 de
269 3215 436 3291 solutione
448 3217 560 3317 quoad
572 3219 755 3306 vinculum,
768 3244 872 3321 quam
886 3219 1024 3319 quidem
1037 3218 1176 3293 damnat
1188 3244 1227 3292 eo
1240 3218 1331 3318 quod

213 3332 409 3407 adversetur
420 3334 490 3406 Deo
504 3335 633 3408 auctori
651 3335 799 3432 coniugii
815 3335 848 3406 2.
868 3334 1009 3433 insuper
1022 3359 1062 3406 ex
1076 3332 1202 3408 Christi
1220 3331 1331 3406 verbis

215 3448 336 3522 inlerre
352 3475 429 3522 eum
447 3450 506 3548 qui
530 3449 582 3523 sic
609 3448 780 3549 propriam
798 3474 935 3524 uxorem
953 3448 1108 3534 dimittit,
1134 3473 1228 3521 reum
1254 3471 1331 3520 esse

213 3564 363 3637 criminis
389 3563 546 3638 adulterii
574 3565 688 3639 uxoris
712 3564 902 3652 dimissae,
923 3565 952 3638 si
975 3564 1060 3638 hacc
1078 3588 1182 3637 noras
1200 3576 1332 3636 conha-

216 3679 275 3753 hat
299 3682 454 3780 nuptias,
478 3683 512 3753 3.
535 3678 626 3777 leges
644 3679 764 3754 civiles
782 3705 871 3780 quae
886 3679 969 3755 viris
994 3678 1174 3753 divortium
1196 3677 1332 3778 permit-

216 3809 288 3867 tunt
304 3820 474 3895 opponere
497 3793 564 3892 legi
591 3793 739 3882 divinae,
757 3818 846 3893 quac
870 3792 953 3866 illud
976 3790 1149 3892 prohihet,
1166 3789 1268 3889 idque
1294 3790 1329 3862 in

214 3928 357 4011 utraque
374 3909 555 4010 hypothesi
573 3909 647 3983 sive
671 3909 816 3982 dimissa
841 3935 926 3983 uxor
949 3908 1065 3997 nubat,
1086 3907 1159 3981 sive
1182 3932 1249 3980 non
1267 3932 1331 3979 nu·

213 4026 271 4100 hat
294 4025 408 4112 alteri;
441 4027 473 4097 l.
500 4025 629 4100 solvere
662 4024 896 4099 difficultatem
921 4050 961 4097 er
991 4020 1212 4124 permissione
1237 4020 1331 4122 Μογ-

214 4142 264 4215 sis
289 4141 393 4241 petita
417 4140 522 4214 dandi
547 4138 698 4214 libellum
725 4139 870 4239 repudii,
891 4165 992 4239 quam
1010 4136 1169 4212 abolitam
1195 4137 1230 4208 in
1256 4135 1330 4235 lege

287 4326 353 4388 (111)
371 4326 435 4377 111111.
451 4327 500 4378 col.
523 4334 663 4379 1911115.

288 4405 708 4471 (111)1111.111.111.111.11.11.
792 4455 800 4484 ί
