3234 5084
320 466 592 521 ctr.vt.1tsrtrss.
606 468 700 521 mli·
714 468 800 532 nell,
813 470 878 520 lton
890 469 1052 522 CONSUH·
1065 472 1136 523 ΑΜ.
1148 471 1171 522 Ι.
1240 449 1306 521 dili

265 589 314 660 En
338 587 463 688 quibus
483 587 626 662 decretis
643 588 829 676 habemus,
850 588 886 659 in
905 588 1008 689 priori
1028 588 1165 688 quidem
1184 590 1311 662 consti·

192 720 297 812 tutpm
311 702 466 801 generale
478 703 681 804 principium
693 702 737 776 de
750 702 972 777 dissolutione
984 703 1131 802 coniugii
1149 705 1212 776 rati
1231 730 1310 778 nec·

191 818 272 892 dum
298 818 541 906 consummati,
570 843 611 891 ac
635 817 941 918 interpretationem
963 832 1072 891 tentus
1095 818 1304 916 evangelici:

191 933 286 1020 Quod
303 935 391 1006 Deus
415 935 603 1018 coniunxit,
626 934 717 1005 ltomo
733 959 798 1005 noo
814 948 960 1031 separet,
983 957 1046 1006 nec
1063 959 1129 1007 non
1147 933 1307 1007 alterius:

192 1049 261 1136 Qui
277 1049 438 1121 dimiserit
453 1074 588 1120 worcm
607 1074 719 1133 mum,
735 1063 870 1146 receptu
887 1050 1113 1148 fornicationis
1130 1075 1229 1122 causo
1242 1062 1306 1122 etc.

188 1163 235 1236 dc
258 1161 471 1263 matrimonio
495 1177 746 1248 consummato;
775 1186 852 1235 cum
878 1159 1008 1234 scilicet
1037 1162 1198 1258 coniuges
1231 1160 1309 1235 lacti

190 1293 271 1352 sunt
287 1302 354 1351 unc
371 1302 466 1363 coro;
493 1278 527 1349 in
546 1276 723 1375 posteriori
744 1301 824 1350 vero
845 1276 954 1373 magis
976 1275 1234 1349 determinatum
1253 1276 1312 1351 ha·

190 1394 310 1467 bemm
333 1393 476 1468 duorum
508 1392 675 1467 mensium
700 1393 847 1491 spatium
877 1392 919 1466 ad
944 1391 1153 1466 definitivam
1183 1390 1311 1467 delibe-

192 1510 366 1583 rationem.

263 1626 355 1699 Alter
372 1627 523 1725 pontifex
536 1644 587 1702 est
599 1627 813 1702 Innocentius
827 1628 887 1700 lll.
909 1654 965 1702 an.
982 1630 1089 1701 1210.
1110 1627 1169 1728 qui
1187 1624 1310 1725 lugdu·

192 1741 289 1814 uensi
313 1741 568 1842 archiepiscopo
593 1743 790 1842 rescripsit:
815 1744 916 1817 «Nos
934 1742 1147 1842 inquisitioni
1165 1759 1243 1816 tuae
1261 1756 1312 1814 ta·

191 1855 268 1930 liter
283 1857 548 1961 respondemus,
569 1858 659 1958 quod
681 1858 757 1932 etsi*
767 1859 875 1958 possit
893 1885 959 1933 non
978 1856 1167 1932 inconsulte
1181 1854 1307 1941 rideri,

190 1972 282 2071 quod
308 1998 349 2046 ex
374 1996 442 2072 quo
467 1972 718 2046 matrimonium
744 1973 831 2046 inter
854 1971 1022 2071 legitimas
1048 1996 1231 2072 personae,
1253 1995 1314 2071 per

189 2085 293 2159 verba
304 2085 347 2159 de
360 2086 526 2185 praesenti
539 2087 764 2174 contrahitur,
781 2086 850 2161 illis
863 2086 1053 2162 viventibus
1066 2088 1101 2159 in
1115 2085 1212 2159 nullo
1229 2110 1313 2159 casu

190 2200 301 2301 possit
325 2200 485 2290 dissolui,
505 2218 542 2275 ut
565 2202 698 2277 vivente
719 2201 869 2302 reliquo,
895 2201 979 2277 alter
1003 2202 1046 2276 ad
1068 2200 1218 2276 secunde
1234 2216 1312 2274 vota

191 2316 466 2414 transmigret...
482 2318 551 2391 Nos
576 2332 687 2390 umen
713 2315 864 2391 nolentes
889 2344 910 2390 a
931 2316 1226 2419 praedecessorum
1251 2339 1313 2388 no·

192 2446 335 2505 strorum
355 2431 509 2530 uestigiis
529 2432 718 2520 declinare,
742 2432 802 2533 qui
829 2432 1033 2532 respondere
1057 2430 1219 2516 consulti,
1248 2456 1309 2504 an·

191 2562 325 2648 tequam
353 2548 603 2622 matrimonium
629 2548 674 2622 sit
697 2574 759 2647 per
783 2548 951 2623 carnalem
977 2547 1131 2648 copulam
1156 2569 1313 2619 consum-

191 2681 336 2752 matum,
364 2662 467 2739 licere
490 2663 586 2738 alteri
615 2664 823 2763 coniugum,
859 2664 990 2764 reliquo
1021 2660 1233 2749 inconsulto,
1268 2658 1312 2734 ed

192 2779 388 2878 religionem
412 2780 574 2867 transire3
594 2785 641 2853 ita
653 2778 745 2880 quod
764 2779 928 2881 reliquus,
948 2796 1071 2854 extunc
1087 2777 1235 2876 legitime
1253 2801 1314 2876 po-

192 2895 269 2967 terit
286 2896 380 2969 alteri
398 2896 570 2995 copulari:
591 2896 656 2971 hoc
678 2898 789 2995 ipsum
816 2896 878 2970 tibi
904 2895 1113 2970 consulimus
1134 2893 1315 2968 observan-

192 3008 273 3081 dum
300 3011 335 3082 in
362 3011 502 3085 articulo
520 3028 731 3112 praenotato,
752 3013 909 3113 quamvis
934 3010 1021 3086 salsa
1041 3011 1086 3085 sit
1109 3034 1233 3097 cause,
1255 3034 1316 3107 per

192 3150 294 3223 quam
320 3124 365 3198 ob
386 3127 635 3224 susceptionem
658 3127 724 3200 veli
751 3128 922 3228 praedicta
943 3126 1065 3200 mulier
1082 3141 1135 3199 est
1151 3124 1313 3209 inducta,

192 3264 269 3313 cum
295 3240 369 3313 sine
390 3239 541 3340 qualibet
561 3239 619 3313 tali
644 3266 766 3329 causa,
793 3241 943 3342 idipsum
974 3240 1148 3339 religionis
1179 3236 1316 3311 obtentu

192 3356 304 3430 lacere
321 3357 497 3458 potuisset.
528 3358 630 3430 Porro
653 3354 732 3430 licet
758 3356 932 3455 praedicta
957 3355 1079 3430 mulier
1102 3353 1256 3428 videatur
1280 3350 1316 3422 in

191 3471 257 3544 veli
284 3471 500 3571 susceptione
518 3470 690 3569 religionis
708 3469 862 3544 habitum
880 3469 1131 3569 assumpsisse,
1153 3466 1182 3540 si
1202 3482 1314 3539 tumen

190 3586 271 3660 velit
296 3588 329 3659 in
357 3586 457 3661 domo
480 3586 616 3685 propria
639 3612 835 3673 remanere,
863 3586 962 3685 quasi
990 3583 1199 3685 propositum
1217 3578 1318 3652 casti·

193 3701 272 3774 tatis
289 3702 324 3772 in
348 3700 464 3776 seculo
479 3717 673 3788 servatura,
696 3700 920 3774 nihilominus
938 3696 1240 3773 consummandum
1263 3710 1319 3768 est

192 3815 440 3891 matrimonium
459 3816 526 3891 iam
545 3833 773 3905 contractum,
798 3817 865 3889 nisi
883 3841 920 3889 se
938 3831 1016 3889 voto
1036 3810 1254 3888 obstrinxerit
1270 3810 1313 3883 ad

193 3927 438 4005 observantium
457 3930 665 4030 regularem:
688 3931 723 4001 in
744 3956 813 4030 quo
834 3956 917 4003 casu
941 3927 1098 4028 compelli
1124 3941 1258 4026 potest,
1278 3937 1316 3997 ut

81 4126 87 4137 ‚
192 4044 308 4120 relicto
333 4047 464 4135 seculo,
489 4047 662 4147 religionis
688 4048 898 4147 propositum
923 4060 1110 4144 exequatur
1131 4043 1257 4137 (25).»

265 4159 556 4259 Deprehendimus
579 4188 679 4263 porro
704 4189 744 4235 ex
769 4161 835 4236 hoc
860 4159 994 4234 decreto
1014 4155 1245 4231 innocentium
1263 4152 1316 4226 ni·

192 4272 241 4346 hil
267 4273 344 4347 novi
370 4276 608 4364 constituisse,
641 4276 701 4352 sed
727 4276 762 4349 in
792 4301 834 4349 eo
859 4273 990 4349 edendo
1017 4270 1316 4372 pmedecessonrm

264 4449 316 4514 (tt)
331 4449 394 4502 leid.
406 4463 460 4516 cup.
474 4453 539 4503 xlv.
558 4454 602 4503 Ex
613 4454 694 4518 parto
713 4454 769 4504 tua.
