3234 5084
349 401 420 451 mr.
437 402 460 450 ι.
476 401 517 451 nr
535 399 712 453 maresan
728 398 936 453 emunitate:
959 401 1030 453 m.
1047 403 1083 457 ιι.
1211 381 1253 453 ³1

217 518 327 615 Atque
343 541 387 589 ex
404 516 460 591 his
477 516 545 590 iam
562 515 661 589 laoile
677 531 730 593 est
746 515 886 603 interra,
907 517 998 616 quod
1011 516 1170 607 ,seeundo
1187 517 1259 593 loeo

151 631 401 719 eonstituimus,
418 630 636 731 polygyniam
649 629 715 728 legi
727 630 872 704 naturali
885 630 1132 730 quodammodo
1146 631 1260 707 adver·

151 748 228 821 sari.
249 747 329 819 Dixi
345 746 579 845 quodamnodo
600 772 643 820 ne
659 746 791 821 uiderer
816 747 1016 821 contendere
1041 748 1184 821 obsolute
1202 774 1261 847 po-

152 862 333 962 lygamiam
350 861 415 934 iuri
434 860 575 935 naturali
595 887 801 960 repugnare,
823 861 904 960 quia
920 888 999 935 oum
1012 888 1053 935 ex
1067 888 1135 936 unu
1152 878 1258 961 parte,

152 994 187 1049 ut
201 976 373 1062 diximus,
393 1002 455 1075 per
471 1002 544 1049 eam
562 975 642 1049 finis
660 975 842 1074 primarius
859 976 1006 1074 coniugii
1024 975 1166 1050 obtineri
1186 1001 1262 1074 pos·

152 1093 214 1179 sit,
242 1106 276 1165 et
300 1118 341 1165 ex
367 1090 435 1163 alia
469 1089 680 1165 incommoda
713 1089 814 1165 etiam
848 1115 936 1188 quae
963 1116 1037 1163 eam
1062 1090 1262 1165 comitantur

151 1206 239 1281 vinei
265 1232 305 1280 ao
331 1205 482 1305 superari
514 1205 650 1279 omnino
682 1204 833 1291 ualeant,
863 1205 1112 1303 temperandam
1137 1204 1262 1281 idcireo

154 1321 397 1421 aliquantulum
421 1347 542 1395 censeo
568 1321 779 1395 sententiam.

224 1436 377 1510 Ceterum
402 1437 436 1508 in
463 1437 614 1536 exposito
639 1460 743 1510 sensu
775 1435 991 1536 polygyniem
1022 1435 1166 1510 naturali
1197 1438 1263 1510 iuri

157 1550 324 1623 adversari
351 1577 391 1623 ex
416 1576 455 1624 eo
481 1565 570 1649 patet
585 1549 717 1649 ,quod
749 1550 961 1635 secundarii,
998 1576 1084 1649 quos
1116 1567 1259 1637 vocant,

154 1667 300 1762 eoniugii
318 1665 474 1740 linearis
493 1682 552 1739 eut
568 1691 610 1738 ne
622 1665 678 1737 vix
689 1665 825 1765 quidem
843 1692 920 1739 oum
938 1665 1129 1765 polygamia
1146 1665 1262 1740 haberi

155 1781 297 1879 possint.
315 1780 488 1879 Siquidem
510 1782 544 1853 in
567 1781 745 1854 mulierum
769 1779 978 1878 pluralitate,
1007 1795 1156 1880 spectata
1178 1781 1264 1880 ipsa·

155 1923 226 1970 rum
245 1895 359 1971 indole
383 1922 424 1969 ao
449 1911 584 1983 natura,
608 1922 673 1995 pax
688 1910 722 1969 et
740 1895 965 1994 tranquillitas
977 1923 998 1968 a
1011 1895 1139 1969 familia
1155 1897 1264 1971 exulet

154 2037 292 2085 neeesse
311 2027 375 2098 est,
396 2036 463 2083 non
489 2010 588 2084 modo
613 2009 694 2109 quia
720 1996 878 2083 mulieres
901 2010 1032 2084 rixosae
1055 2038 1131 2087 esse
1156 2010 1265 2085 solent

155 2143 186 2199 et
198 2127 389 2225 inquietae,
405 2151 521 2199 verum
539 2127 659 2212 etiam,
680 2126 748 2199 imo
765 2125 977 2225 potissimum
990 2126 1034 2199 ob
1047 2126 1261 2227 zelotypiam,

155 2241 196 2315 ob
222 2240 499 2327 aemulationem,
527 2241 570 2315 ob
596 2240 758 2313 invidiam
781 2241 936 2340 aliasque
960 2241 1181 2340 cupiditates,
1203 2270 1264 2316 seu

154 2372 191 2429 ut
205 2372 326 2431 vocant
338 2358 524 2454 passiones,
541 2371 628 2456 quae
644 2383 685 2430 er
703 2356 867 2430 eiusmodi
888 2357 1135 2433 oonsoeiatione
1147 2374 1266 2458 suapte

157 2487 272 2545 natura
299 2471 457 2559 excitari,
479 2486 581 2571 atque
597 2472 737 2547 aooendi
763 2471 978 2547 vehementer
1001 2488 1261 2560 consueverunt,

157 2587 204 2660 uti
218 2586 427 2686 experientia
444 2586 619 2661 manifeste
632 2586 849 2661 demonstrat.
861 2588 1033 2662 Praeterea
1046 2598 1267 2687 unaquaeque

156 2702 304 2776 sobolem
329 2728 426 2776 snam
453 2729 533 2801 prae
558 2701 669 2777 aliena
695 2702 825 2800 diligit,
854 2703 1005 2802 adeoque
1030 2718 1191 2802 perpetua
1208 2703 1266 2777 ha-

156 2817 251 2891 betur
274 2819 408 2892 oeensio
433 2817 655 2893 contentionis
682 2834 782 2918 atque
800 2818 947 2892 dissidii.
965 2819 1052 2892 Hine
1069 2818 1106 2890 fit
1122 2834 1159 2892 ut
1175 2819 1265 2918 apud

157 2932 334 3007 orientales
360 2933 503 3034 populos
528 2958 632 3032 penes
657 2959 743 3033 quos
767 2934 933 3007 eiusmodi
960 2931 1141 3033 polygynia
1158 2932 1263 3030 riget,

156 3074 227 3122 mos
252 3048 436 3121 obtinuerit
453 3064 489 3121 ut
507 3047 672 3122 foeminae
693 3074 811 3122 omnes
837 3048 872 3119 in
897 3048 1077 3148 gyneoaeis
1095 3064 1265 3147 tamquam

158 3162 190 3233 in
215 3162 407 3237 carceribus
431 3162 622 3248 trudentur,
650 3190 693 3239 ne
717 3163 753 3235 in
779 3160 906 3236 lamilia
930 3161 1075 3237 dissidia
1099 3178 1131 3236 et
1155 3161 1267 3239 nonfu-

159 3276 284 3348 sionem
311 3277 398 3349 ciere
424 3278 567 3375 possint.

230 3393 344 3491 Neque
361 3392 457 3466 obest
473 3392 676 3492 quandoque
693 3392 856 3467 foeminas
877 3393 1011 3490 ingenio
1036 3392 1196 3491 pacificas
1214 3417 1266 3464 re-

160 3508 278 3604 periri,
304 3534 392 3607 quae
411 3508 571 3581 unionem
588 3508 777 3583 animorum
791 3524 825 3581 et
836 3507 1049 3582 eoncordiam
1073 3523 1267 3583 consecten-

157 3782 264 3833 stetsttits
279 3783 302 3833 la
320 3782 585 3847 patinarum-Essendo
599 3786 684 3847 queste
696 3783 804 3845 (donne)
815 3796 904 3833 ausura
915 3784 1041 3846 bembine,
1054 3784 1084 3832 nt
1092 3783 1123 3832 ad
1134 3781 1197 3832 altro
1207 3781 1267 3833 suin

159 3862 205 3911 elne
221 3862 244 3911 at
264 3862 366 3925 diletto,
384 3863 477 3915 rotensi
492 3877 526 3913 un
540 3864 610 3915 trono
626 3862 675 3914 alls
691 3863 799 3913 violenta
818 3863 952 3929 agitatione
965 3863 1092 3914 delleloro
1102 3861 1221 3927 passioni,
1233 3861 1267 3912 al·

157 3942 275 4004 l'amore,
288 3944 337 3993 atta
349 3944 461 4006 rivalltl,
473 3944 520 3993 alte
531 3944 627 4006 gelosle.
641 3947 660 3993 E
672 3944 688 3992 l'
696 3943 806 4006 orgogtio
824 3958 838 3995 e
857 3945 878 3993 te
889 3943 1002 3994 attaleni
1013 3944 1037 3994 di
1048 3957 1100 3994 esse
1111 3943 1268 3993 rimsnerano

157 4022 232 4072 oltese
244 4022 309 4073 della
325 4023 468 4087 pollgarm's,
483 4024 528 4074 elie
544 4026 666 4075 tormenta
678 4024 685 4072 t
697 4024 761 4074 sensi
778 4025 843 4074 colle
857 4024 1005 4088 privationi,
1021 4024 1039 4073 u
1053 4036 1126 4074 cuore
1140 4023 1203 4074 colle
1214 4036 1267 4087 pm·

155 4105 263 4167 tersum
273 4104 451 4169 ondetospeso
460 4118 511 4159 non
521 4107 611 4169 potera
621 4105 659 4155 tsr
669 4108 743 4159 conto
753 4105 899 4159 sun’suore
907 4106 934 4155 di
943 4119 1006 4167 esse,
1019 4118 1102 4157 anton
1112 4105 1136 4154 Ιι
1146 4104 1188 4168 ptu
1198 4104 1269 4157 ealda

157 4184 308 4248 guuantlgla
322 4184 388 4236 della
399 4185 496 4236 tedeltt.
505 4188 604 4236 Dovers
616 4186 727 4249 pertento
742 4185 935 4235 dominarlseon
950 4185 1069 4235 indomita
1076 4185 1267 4247 severttl,elriu·

157 4262 226 4312 derla
239 4276 285 4313 con
298 4263 459 4315 attentissime
476 4264 649 4328 precaunloni,
666 4265 737 4328 porri
751 4278 767 4316 a
779 4264 891 4317 ononi·
905 4265 1000 4317 semini
1021 4264 1104 4317 ridottl
1118 4265 1143 4316 in
1156 4264 1225 4329 goba
1235 4264 1267 4315 da

157 4355 206 4392 non
217 4343 321 4393 eeoltare
332 4344 363 4394 nd
374 4344 383 4393 i
398 4343 511 4395 desiderii
524 4344 588 4395 delle
599 4345 729 4407 tanoinlle,
740 4345 770 4396 ne
782 4345 806 4394 la
817 4345 907 4408 gelosts
917 4345 956 4396 del
967 4344 1098 4409 murone.»
