3234 5084
341 435 412 508 480
484 457 546 508 tn.
568 456 616 507 nr.
636 454 723 508 asor.
740 454 871 507 rursm.
884 455 924 506 nr
942 455 1055 507 mous.
1071 455 1167 508 uara.
1184 455 1308 507 enarer.

340 574 572 675 tercapedine‚
599 590 681 675 quot
705 602 726 648 a
749 573 883 649 Christo
903 574 946 647 ad
972 601 1033 649 nos
1059 601 1170 674 usque
1198 575 1388 662 fluxerunt,
1417 601 1460 649 ne

337 716 443 763 unum
468 688 606 789 quidem
625 689 735 762 afferri
754 690 864 789 possit
880 688 1068 791 exemplum
1086 689 1284 788 potestatis,
1305 716 1377 789 qua
1394 716 1461 764 usa

337 803 481 878 ecclesia
498 804 597 877 fuerit
615 821 768 903 respectu
786 805 856 879 uoti
873 804 989 878 emissi
1007 832 1049 877 ex
1065 805 1245 879 occasione
1261 830 1380 879 sacrae
1403 831 1460 879 or-

337 918 522 993 dinationis
547 934 605 992 aut
629 918 796 1018 simplicis
822 919 1056 993 continentiae.

410 1033 483 1107 Hac
507 1033 657 1117 ratione,
677 1033 737 1131 qui
760 1032 850 1107 hanc
866 1033 1065 1106 sententiam
1083 1033 1281 1133 impugnant
1301 1060 1341 1108 se
1361 1035 1459 1108 extri·

339 1148 481 1225 cantab
506 1147 702 1223 auctoritate
726 1148 861 1221 loannis
885 1148 989 1219 xxti.
1019 1148 1079 1247 qui
1104 1176 1164 1247 per
1184 1173 1294 1223 sacros
1320 1176 1458 1224 concam

339 1265 449 1368 potuit
472 1264 650 1361 designare
675 1262 983 1362 interpretationem
1000 1289 1060 1362 per
1076 1290 1135 1338 eos
1161 1291 1308 1340 canones
1329 1266 1459 1339 exhibi-

338 1395 407 1454 tam
423 1379 508 1452 iuris
525 1377 644 1452 divini.
665 1375 700 1448 Si
718 1376 808 1451 enim
826 1376 884 1450 hie
909 1403 1062 1451 summus
1082 1379 1232 1453 Pontifex
1254 1406 1456 1480 persuasum

339 1493 406 1569 sibi
430 1492 609 1568 habuisset
628 1518 730 1593 posse
753 1492 789 1566 id
815 1491 925 1567 facere
949 1494 1146 1568 auctoritate
1171 1522 1254 1583 sua,
1274 1522 1362 1595 opus
1388 1523 1456 1572 non

340 1609 516 1685 habuisset
532 1625 598 1683 tam
616 1606 716 1706 longa
733 1607 965 1697 discussione;
985 1607 1071 1683 satis
1091 1610 1181 1683 onim
1205 1611 1237 1685 oi
1259 1610 1456 1686 fuissetau·

338 1725 489 1800 ctoritate
512 1749 574 1798 sua
599 1723 635 1794 id
658 1722 872 1797 constituere.

410 1840 529 1913 Verum
558 1838 642 1912 baec
672 1854 752 1912 sunt
781 1839 957 1936 negativa,
986 1865 1048 1914 neo
1077 1841 1144 1916 nisi
1176 1841 1338 1916 indirecte
1367 1842 1457 1917 hanc

338 1955 504 2057 impetunt
520 1954 730 2028 sententiam.
748 1953 894 2028 Positive
910 1970 1021 2030 autem
1040 1982 1113 2031 eam
1133 1958 1375 2056 aggrediuntur
1391 1958 1456 2033 hoc

338 2084 427 2144 carto
447 2068 538 2143 haud
560 2067 751 2167 spernendo
768 2084 976 2166 argumento.
997 2071 1032 2142 Si
1051 2070 1094 2144 ab
1109 2070 1273 2145 ecclcsiae
1289 2087 1455 2172 potestate

338 2183 462 2285 pendet
485 2182 707 2271 constituere,
727 2199 765 2256 ut
789 2183 956 2284 professio
980 2184 1143 2259 solemnis
1164 2184 1338 2283 religionis
1363 2185 1455 2259 bunc

338 2298 493 2373 effectum
518 2297 681 2398 producat
699 2299 909 2374 dissolvendi
932 2300 1091 2398 coniugia
1112 2314 1184 2374 rata
1205 2327 1270 2374 non
1297 2326 1456 2375 consum·

335 2428 448 2502 xurata,
476 2413 512 2485 in
536 2413 687 2487 eiusdem
712 2413 838 2513 pariter
861 2412 1023 2517 ecciesiae
1053 2431 1218 2514 potestate
1245 2430 1336 2489 esset
1365 2414 1457 2487 hunc

338 2529 450 2629 ipsum
468 2529 621 2603 effectum
638 2528 840 2629 professioni
858 2526 1037 2626 religiosae
1055 2529 1208 2617 demsre;
1234 2530 1371 2629 quodsi
1391 2529 1457 2603 hoc

338 2643 417 2732 fia't,
438 2660 550 2719 actum
567 2662 658 2719 esset
681 2643 724 2718 de
740 2644 881 2719 ‘veritate
898 2645 1038 2720 canonis
1060 2645 1240 2742 dogmatici
1259 2645 1452 2733 tridentini,

337 2759 393 2831 cui
419 2758 560 2834 subesse
590 2758 773 2858 aliquando
805 2757 937 2833 falsitas
963 2776 1088 2860 posset.
1122 2760 1193 2835 Hoc
1218 2776 1453 2857 argumentum

338 2889 435 2969 urget
463 2871 662 2947 Benedictus
686 2873 770 2944 xlv.
799 2889 930 2974 quaest.
957 2875 1093 2946 bxuvt.
1121 2902 1155 2948 n.
1187 2877 1245 2947 35.
1275 2873 1451 2949 scribens:

342 2983 492 3060 «Cessat
515 2984 796 3060 indissolubilitaa
823 2988 1028 3062 matrimonii
1053 2990 1116 3062 rati
1143 2988 1177 3061 in
1204 3014 1286 3063 casu
1309 3014 1380 3089 quo
1405 2988 1457 3062 ef·

338 3114 388 3173 ter
406 3124 447 3172 ex
459 3098 661 3197 coniugibus
674 3100 918 3199 professionem
940 3100 1131 3200 religiosam
1145 3103 1291 3192 emittat,
1311 3118 1345 3177 et
1369 3103 1454 3176 haec

337 3213 527 3291 solubilitas
555 3212 718 3314 originem
752 3215 855 3290 habet
879 3244 899 3290 a
926 3217 998 3290 iure
1028 3216 1142 3293 divino
1163 3277 1170 3290 .
1188 3277 1195 3290 .
1213 3277 1243 3291 ..
1273 3234 1307 3293 et
1331 3217 1451 3292 claris·

337 3331 423 3406 sime
439 3331 627 3406 ostenditur
642 3358 683 3406 er
700 3357 775 3406 can.
796 3333 851 3403 Vl.
868 3357 955 3407 sess.
976 3333 1089 3405 XXIV.
1105 3334 1153 3405 De
1169 3349 1268 3407 cmtr.
1290 3333 1348 3407 ubi
1370 3360 1454 3408 ana-

337 3446 450 3523 thema
472 3447 638 3547 profertur
662 3449 824 3522 adversus
855 3463 1045 3522 asserentes
1069 3450 1318 3523 matrimonium
1343 3466 1455 3523 ratum

337 3588 404 3637 non
429 3561 513 3636 solvi
534 3588 595 3662 per
615 3562 859 3663 professionem
878 3560 1091 3660 religiosam3
1113 3563 1143 3635 si
1163 3563 1252 3636 enim
1272 3579 1348 3663 post
1364 3562 1458 3637 hunc

335 3675 554 3752 tridentinum
574 3703 736 3752 canonem
760 3675 804 3751 de
829 3677 992 3765 ddecet,
1016 3678 1209 3776 coniugium
1234 3695 1342 3752 ratum
1366 3677 1454 3753 solvi

336 3818 397 3893 per
416 3791 679 3892 professionem,
700 3790 890 3866 solubilitas
913 3790 1029 3865 debuit
1052 3819 1129 3867 esse
1152 3793 1312 3893 imposita
1335 3820 1358 3866 a
1383 3794 1457 3868 solo

336 3907 429 3995 Deo,
450 3907 510 4008 qui
535 3933 609 3980 eam
636 3907 745 4007 potuit
768 3906 876 3980 facere
898 3907 1101 4007 sempiterne
1124 3934 1259 3997 veram,
1280 3909 1328 3983 uti
1353 3908 1458 3984 subti-

337 4022 414 4099 liter
434 4038 690 4122 argumentatur
707 4021 800 4097 oard.
822 4023 871 4098 De
887 4023 1035 4097 Lauraea
1055 4025 1171 4120 (49).»

409 4246 462 4310 (ts)
477 4249 584 4306 Quaert.
604 4249 870 4300 commemoraret.
886 4263 944 4313 opp.
960 4248 1000 4300 ed.
1013 4251 1099 4301 venet.
1119 4250 1255 4303 17s7.tom.
1268 4247 1408 4312 xmpert.
1424 4248 1455 4296 11.

341 4338 397 4390 pag.
415 4333 466 4402 ¹²⁸:
479 4329 533 4378 Hoc
551 4327 638 4379 eodem
648 4331 807 4393 eramento,
829 4332 857 4380 ut
872 4342 917 4381 suo
938 4329 993 4380 loco
1013 4329 1139 4393 vidimus,
1159 4343 1219 4380 usus
1236 4330 1274 4380 cst
1291 4328 1349 4379 Pius
1357 4328 1400 4377 Vt.
1415 4338 1457 4389 pc·

335 4404 458 4470 eune·
473 4408 614 4473 spuantium
624 4409 802 4473 ruotulenscru,
818 4411 844 4459 ct
859 4409 1023 4473 putorienses.
