3234 5084
346 409 416 481 Μ
488 428 612 481 nmnr.
627 426 857 479 murmurum.
878 426 1047 480 1111111111.
1068 430 1163 480 nuru.
1181 430 1304 482 eumer.

344 548 601 635 continentiam,
633 563 667 619 et
693 571 735 619 ex
764 563 860 646 parte
888 564 1036 621 romanet
1060 549 1093 620 in
1120 548 1326 647 pollutione?
1344 553 1452 646 (ld)»

344 666 435 754 Quin
465 664 576 765 potins
601 663 729 736 ratione
752 664 995 737 contrariorum
1021 664 1190 737 rideretur
1219 666 1332 740 inferri
1352 693 1456 767 posse

341 808 385 856 ex
401 807 430 855 s.
448 778 596 876 Gregorii
609 778 792 878 principio,
810 778 989 877 quodcum
1003 781 1152 854 nondum
1169 807 1238 855 una
1254 807 1333 856 earo
1343 783 1453 856 effecti

343 895 482 982 luerint,
503 893 617 968 liceret
630 919 736 968 eausa
754 892 927 991 religionis
944 894 1103 992 coniugia
1115 895 1313 970 dissolvere.
1329 897 1454 971 Alludit

341 1026 454 1086 autem
481 1036 541 1110 per
566 1009 625 1082 illa
644 1009 767 1083 verba:
787 1011 850 1082 eei
873 1004 928 1082 leo
945 1010 1087 1083 domm
1103 1014 1257 1084 coereeat
1272 1011 1317 1084 ad
1335 1000 1453 1087 Novel-

342 1126 393 1201 lae
417 1126 595 1200 Iustiniani
621 1122 833 1224 imperatoris
858 1124 983 1224 quibus
1013 1125 1178 1199 eiusmodi
1209 1129 1376 1226 separatio
1400 1154 1453 1201 re·

342 1239 478 1339 ligionis
495 1238 632 1314 obtentu
648 1238 902 1340 permittebatur
914 1242 1003 1335 (77),
1014 1265 1101 1339 quas
1118 1239 1255 1339 quidem
1273 1240 1367 1340 leges
1383 1268 1454 1317 me-

343 1354 406 1431 n'to
431 1382 460 1430 s.
478 1355 657 1453 Gregorius
682 1353 839 1454 reprobat
864 1354 912 1426 uti
938 1354 1074 1427 divinae
1099 1353 1164 1453 legi
1188 1355 1420 1431 adversantes.

415 1470 507 1544 ldem
525 1468 698 1542 ferendum
718 1468 881 1542 indicium
899 1468 942 1543 de
958 1494 1011 1555 eo,
1031 1470 1121 1569 quod
1140 1471 1257 1544 statuit
1267 1470 1453 1568 Eogbertus

342 1584 556 1660 eboraoeuois
581 1584 616 1655 in
646 1583 805 1684 ospitalis
833 1609 854 1657 a
881 1610 918 1659 se
947 1583 1343 1682 vulgatis:«Legitimum
1372 1612 1455 1661 oon-

343 1700 472 1797 inginm
494 1724 561 1772 non
586 1697 664 1772 lioet
688 1699 839 1797 separari
857 1699 931 1773 sine
947 1722 1114 1773 consensu
1131 1699 1322 1788 amborum,
1343 1717 1455 1799 potest

343 1831 453 1889 tamen
479 1813 674 1889 alteralteri
692 1839 767 1887 enm
785 1813 928 1889 oonsilio
951 1815 1103 1914 episcopi
1121 1814 1290 1888 licentiam
1307 1815 1389 1889 dare
1408 1815 1453 1889 ad

341 1931 534 2006 servitutem
566 1928 627 2003 Dei
659 1928 830 2002 aooedere.
851 1928 996 2015 Quidam
1029 1929 1129 2002 etiam
1160 1929 1293 2017 dicunt,
1318 1931 1348 2004 si
1377 1932 1450 2019 vir,

342 2045 416 2118 sire
440 2043 560 2117 mulier
576 2069 617 2116 ex
634 2066 802 2117 consensu
826 2038 1021 2141 religionem
1043 2044 1182 2144 oeperit,
1208 2043 1287 2119 lieet
1308 2043 1452 2119 alterum

341 2160 495 2259 uooipere
519 2182 642 2234 norum
666 2158 877 2256 eoniuginm,
906 2158 967 2232 sed
993 2158 1139 2258 puellam
1163 2159 1217 2233 vel
1243 2186 1400 2259 pueram,
1419 2160 1451 2234 si

341 2274 519 2350 eontinens
543 2299 621 2348 esse
646 2299 713 2348 uon
738 2274 871 2373 poterit.
901 2273 999 2360 Quod
1017 2296 1084 2348 non
1102 2274 1215 2349 lando.
1236 2275 1301 2350 Sed
1320 2276 1349 2350 si
1372 2276 1451 2376 quis

340 2390 415 2465 uult
439 2390 636 2488 coniugatus
661 2390 807 2465 converti
834 2390 877 2463 ad
906 2390 1163 2477 monasterinm,
1191 2416 1258 2465 non
1287 2406 1341 2464 est
1366 2391 1453 2465 reoi-

339 2505 504 2607 piendus,
525 2504 591 2579 nisi
610 2504 704 2604 prius
723 2532 744 2578 a
760 2505 914 2602 coniuge,
930 2502 1162 2578 castimoniam
1180 2504 1367 2603 profitente,
1383 2505 1454 2579 lue·

342 2623 386 2697 rit
414 2623 603 2697 absolutus.
632 2623 716 2695 Nam
746 2622 794 2709 si,
828 2616 887 2694 illo
915 2619 1066 2707 vivente,
1093 2647 1152 2721 per
1175 2620 1452 2695 ineuntiuentiam

342 2737 438 2813 alteri
453 2737 624 2838 nupserit,
642 2736 757 2837 procul
770 2735 875 2810 dnbio
892 2734 1042 2809 adultera
1055 2737 1136 2824 erit,
1152 2737 1255 2836 etqui
1268 2762 1341 2810 eam
1353 2735 1454 2809 dimi-

342 2854 406 2941 sit,
427 2842 607 2952 partioipas
624 2853 687 2926 erit
704 2853 831 2952 monti
852 2852 942 2926 illins
958 2853 1165 2948 (78):»Nam
1179 2851 1243 2926 hoo
1255 2852 1288 2924 iu
1301 2852 1453 2951 capitulo

340 2968 384 3043 de
401 2968 614 3042 matrimonio
627 2956 859 3043 consummato
872 2967 963 3042 hono
974 2968 1168 3069 episeopnm
1181 2993 1281 3066 agere
1293 2968 1371 3043 inde
1384 2967 1453 3043 ool

415 3182 466 3247 (71)
482 3182 545 3234 lbld.

413 3264 464 3328 (77)
479 3263 619 3315 Novelltz.
628 3266 666 3313 De
679 3266 777 3330 nuptiis
788 3264 830 3315 ubi
841 3264 873 3315 de
883 3277 956 3315 mosa
966 3263 1135 3328 repudiorom,
1146 3264 1205 3316 item
1215 3265 1401 3316 tormentit.
1409 3270 1447 3317 17.

341 3346 366 3397 et
383 3346 410 3396 lu
426 3343 526 3408 otgerus
541 3344 580 3394 tlt.
592 3342 776 3406 Dedtoortttr3
791 3358 836 3395 neo
852 3357 900 3394 nou
916 3345 1011 3395 Noretl.
1024 3352 1076 3396 111.
1088 3348 1303 3397 Desancttertntr
1312 3349 1450 3410 apocope,

296 3416 301 3425 “
339 3423 482 3491 pueettu
492 3424 731 3488 repensentur
744 3418 953 3477 mementote.
966 3428 1000 3477 Ex
1017 3425 1107 3488 quous
1123 3426 1217 3490 legibus
1236 3428 1328 3479 Mum
1346 3428 1401 3488 est,
1421 3430 1452 3478 ut

340 3505 585 3570 gmeetouaodoque
604 3519 648 3556 sna
667 3506 780 3569 contagia
798 3506 935 3556 dissolvant
953 3507 1027 3556 etiam
1048 3511 1218 3559 consummata
1237 3507 1268 3559 ad
1288 3508 1450 3573 profitendam

339 3582 417 3636 ultam
429 3584 596 3635 monastlcam.
609 3584 640 3634 lll
659 3584 795 3636 luniloutnr
806 3588 929 3648 praeterea
940 3587 1092 3649 auctoritati,
1104 3590 1132 3637 ot
1144 3588 1188 3651 ipsi
1201 3589 1363 3651 oonteuduut,
1375 3603 1397 3639 s.
1407 3591 1451 3639 Ba·

339 3665 404 3729 stit,
419 3665 464 3730 qut
479 3665 505 3716 ln
518 3664 621 3729 uento
631 3663 724 3727 somus
740 3667 872 3716 tractato.
888 3667 1020 3730 Ieterop.
1033 3669 1089 3718 nt.
1103 3668 1247 3729 eeodttntt,
1263 3671 1292 3718 nt
1306 3668 1350 3731 qut
1364 3668 1449 3719 mant·

341 3746 425 3813 mento
441 3747 539 3797 functus
554 3747 604 3807 eet,
621 3748 694 3809 atque
709 3746 842 3801 momatur
862 3746 914 3798 lieri
937 3745 1005 3808 vult,
1019 3747 1097 3810 pontt
1110 3760 1138 3797 se
1152 3748 1179 3798 tu
1193 3749 1366 3800 momontum
1388 3750 1448 3800 reei-

338 3840 408 3893 pere,
424 3826 519 3877 etiamst
536 3839 660 3877 assenmm
674 3839 746 3877 snum
761 3840 825 3877 uror
840 3826 898 3877 dare
913 3826 1038 3878 detrectet.
1051 3830 1112 3878 lteur
1123 3828 1234 3893 erupto
1248 3830 1361 3880 Theonoe
1373 3828 1448 3880 ahba-

339 3908 385 3970 tis,
402 3906 433 3958 de
454 3920 504 3971 qno
521 3907 595 3957 relert
614 3907 744 3958 cassinuus
761 3906 844 3957 collat.
860 3908 926 3957 xxl.
944 3919 998 3970 onp.
1019 3914 1043 3958 a.
1064 3908 1131 3971 qnod
1150 3922 1208 3959 conr
1227 3909 1253 3959 la
1272 3910 1386 3973 mntuglo
1404 3923 1449 3974 per

339 3987 544 4052 qrriuqulenulom
566 3986 727 4049 eonstitiseet,
745 3986 844 4037 demum
863 3999 939 4036 uxore
957 3989 1119 4051 repugnante,
1135 4000 1165 4038 ee
1182 3988 1267 4039 relicta
1280 3989 1312 4039 ad
1328 3991 1447 4040 menate·

340 4067 404 4118 rium
428 4065 613 4128 convolaverit,
632 4064 658 4117 iu
678 4078 728 4131 quo
747 4064 809 4116 adeo
829 4068 913 4116 sancte
932 4066 1012 4128 vluit,
1035 4068 1063 4118 ut
1086 4068 1212 4118 miraculis
1232 4068 1383 4120 olareeeaet.
1403 4071 1448 4120 Ast

338 4160 473 4215 perperam.
484 4148 523 4199 cr.
535 4148 647 4201 Bellarm.
658 4148 701 4200 tib.
714 4148 737 4198 11
755 4149 793 4197 De
802 4146 923 4201 monaco.
931 4159 985 4214 cap.
997 4154 1035 4203 ae.

413 4228 463 4292 (78)
478 4230 539 4294 cap.
551 4230 660 4279 cxvllt.
673 4229 737 4293 apud
752 4228 827 4280 labb.
841 4230 900 4279 torn.
914 4230 958 4278 vt.
970 4231 1046 4280 cone.
1060 4229 1108 4280 eol.
1121 4235 1188 4281 1591.
1200 4242 1303 4281 necnon
1313 4229 1378 4294 apud
1386 4230 1448 4280 Ἦ)

340 4306 396 4358 llus
407 4308 644 4372 neminemnam
652 4310 810 4360 Brttauntoe
819 4311 845 4360 et
854 4308 1115 4362 neminemnam.
1123 4312 1283 4363 t737.ton.l.
1293 4310 1447 4375 laureae&

341 4390 372 4439 1).
383 4387 494 4451 &uberti
504 4388 571 4439 noh.
582 4388 721 4440 eboraoens.
732 4401 787 4453 erp.
800 4390 873 4440 cxx.
883 4401 936 4452 pag.
953 4396 1004 4441 toa.
