3234 5084
324 445 393 516 itt
467 465 529 515 ms.
549 464 597 514 ιιι.
620 463 706 515 secr.
726 464 857 516 mrim.
871 464 911 514 or
924 464 1035 515 mmss.
1054 467 1148 515 urso.
1164 466 1286 516 camsi.

321 580 517 681 singillatim
544 606 796 680 persequamur.
813 581 1011 680 Supponunt
1039 581 1127 653 enim
1148 580 1342 680 Apostolum
1379 600 1437 657 aut

322 697 517 794 ignorasse,
539 710 597 768 aut
621 720 641 767 e
665 711 775 768 mente
800 696 832 768 ei
862 694 1029 768 excidisse
1045 694 1230 768 clausulam
1260 696 1438 772 aChristo

322 811 365 884 de
390 810 607 884 fornicatione
640 810 830 907 appositam
862 807 908 882 ad
940 808 1141 883 solvendum
1165 810 1370 906 coniugium.
1397 811 1440 883 At

320 951 400 1001 sero
430 924 552 999 Paulus
583 951 649 997 non
675 923 766 996 aliud
798 924 867 999 sibi
896 925 968 998 suis
1000 925 1034 996 in
1056 924 1208 1022 epistolis
1239 927 1433 1024 proposuit,

321 1068 422 1142 quam
448 1067 642 1138 germanum
669 1066 808 1114 sensum
827 1038 925 1114 nobis
953 1039 1110 1112 exhihere
1134 1039 1285 1112 eiusdem
1303 1039 1436 1114 clausu·

321 1155 390 1244 lae,
410 1181 513 1255 quem
539 1154 656 1254 utique
676 1179 758 1253 prae
778 1152 886 1227 oculis
905 1152 1051 1253 habebat
1074 1153 1155 1226 dum
1176 1153 1260 1228 baec
1284 1153 1432 1253 scripsit;

321 1298 441 1373 nempe
466 1271 661 1368 significare
686 1268 796 1344 voluit
826 1267 1011 1342 clausulam
1038 1268 1130 1341 illam
1155 1269 1254 1342 unice
1285 1285 1438 1369 spectare

322 1388 365 1461 ed
390 1402 638 1485 temporaneam
663 1382 921 1457 dissolutionem
946 1409 1048 1482 quam
1074 1409 1135 1457 nos
1153 1383 1298 1457 dicimus
1324 1383 1437 1483 quoad

321 1501 430 1577 solum
448 1517 554 1574 torum
572 1515 605 1572 et
622 1498 887 1585 habitationem,
908 1525 975 1572 non
998 1513 1132 1585 autem,
1153 1499 1436 1598 quemadmodum

322 1643 382 1718 pro
405 1633 495 1691 certo
514 1630 693 1689 assumunt
716 1614 915 1700 aduersarii,
934 1613 990 1686 ¹ad
1017 1612 1269 1688 dissolutionem
1298 1614 1435 1688 vinculi.

321 1732 493 1831 Alioquin,
510 1758 553 1804 ne
578 1730 817 1804 obscuritatem
852 1729 1029 1825 ingereret,
1051 1729 1224 1802 debuisset
1244 1754 1438 1827 expressam

324 1848 416 1921 illius
442 1847 645 1920 mentionem
672 1844 802 1930 iacere,
833 1869 872 1916 ac
900 1843 1074 1916 declarare
1098 1844 1162 1917 hoc
1193 1846 1226 1915 in
1253 1866 1335 1917 casu
1358 1870 1438 1917 con-

322 1962 450 2061 iugium
478 1961 576 2048 solvi,
599 1976 697 2059 prout
721 1959 906 2032 declaravit
930 1958 1015 2033 solvi
1040 1959 1075 2031 in
1100 1959 1280 2059 hypothesi
1298 1959 1341 2031 de
1364 1959 1438 2030 inii·

321 2077 388 2150 deli
414 2075 609 2149 discedente
628 2100 649 2147 a
666 2074 808 2170 coniuge
826 2071 937 2159 fideli,
958 2090 1016 2146 aut
1040 2090 1198 2147 renuente
1221 2099 1297 2145 cum
1322 2100 1361 2146 eo
1378 2099 1438 2173 pa·

321 2192 418 2267 cifiee
442 2192 571 2277 vivere,
604 2206 637 2263 et
663 2189 737 2263 sine
762 2188 963 2262 contumelia
988 2187 1169 2275 Creatoris,
1188 2206 1287 2287 prout
1311 2214 1432 2262 arom.

322 2307 540 2408 pontificibus
566 2306 756 2405 expositum
784 2323 837 2378 est
856 2308 969 2400 (iet).

394 2424 552 2497 bocetum
570 2447 649 2497 uero
661 2447 737 2496 esse
753 2421 951 2521 Apostolum
964 2419 1006 2491 de
1021 2422 1166 2504 consilio,
1185 2445 1250 2493 non
1269 2438 1380 2492 autem
1393 2421 1436 2493 de

317 2552 508 2638 praecepto,
542 2561 609 2612 non
639 2535 740 2610 modo
769 2535 874 2634 gratis
910 2532 1093 2607 adversarii
1130 2534 1318 2622 affirmant,
1350 2535 1435 2633 quin

322 2652 425 2726 uilem
459 2651 629 2725 adducant
657 2651 903 2751 probationem,
931 2674 1046 2721 verum
1073 2664 1186 2747 aperte
1212 2648 1246 2720 id
1274 2666 1436 2747 repugnat

321 2767 474 2841 eiusdem
497 2767 628 2841 verbis:
652 2766 732 2839 «lis
750 2781 874 2852 autem
891 2763 950 2863 qui
976 2764 1186 2837 matrimonio
1210 2764 1315 2837 iuncti
1342 2782 1432 2852 sunt,

317 2883 484 2980 praecipio
515 2908 580 2956 non
606 2907 685 2979 ego,
707 2880 767 2954 sed
794 2880 978 2965 Dominus,
999 2904 1136 2952 uxorem
1159 2905 1179 2951 a
1202 2878 1358 2953 virenon
1384 2879 1436 2951 di-

322 2996 479 3083 scedere,
499 2997 591 3096 quod
615 2998 647 3069 si
671 2994 875 3080 discesserit,
900 3020 1031 3066 monere
1057 2996 1263 3092 innuptam.»

394 3111 468 3198 Sic,
499 3111 590 3210 quod
616 3110 763 3197 addunt,
779 3109 982 3209 Apostolum
1003 3135 1070 3182 non
1088 3107 1131 3180 de
1149 3126 1309 3208 perpetua
1326 3111 1434 3183 indis-

322 3226 527 3302 solubilitate
551 3227 738 3313 disserere,
759 3252 866 3325 aeque
887 3243 1013 3327 pugnat
1036 3251 1113 3297 oum
1129 3224 1280 3297 eiusdem
1307 3224 1431 3309 verbis,

321 3358 454 3416 etcum
492 3342 639 3439 generali
679 3340 738 3414 illa
774 3341 940 3415 sententia
965 3367 997 3412 v.
1029 3342 1087 3411 39.
1119 3339 1270 3411 «Mulier
1299 3338 1434 3436 alligata

321 3474 373 3534 est
396 3456 462 3556 legi
500 3456 685 3555 (coniugii)
710 3473 838 3556 quanto
869 3471 1018 3556 tempore
1042 3455 1094 3527 vir
1118 3455 1191 3528 eius
1216 3454 1335 3526 vivit.»

395 3572 493 3646 Nulla
520 3589 630 3646 auem
664 3587 736 3645 erat
762 3573 949 3646 necessitas
973 3571 1132 3671 Apostolo
1157 3569 1300 3643 docendi
1325 3571 1436 3643 corin·

393 3767 458 3829 (itti
475 3770 556 3830 Atque
574 3767 614 3819 bic
631 3780 670 3818 me
689 3767 804 3818 cohibere
824 3781 874 3818 non
885 3781 994 3830 possum
1005 3766 1064 3831 quin
1082 3766 1216 3830 improbem
1234 3768 1253 3814 l.
1273 3767 1302 3817 P.
1318 3764 1433 3815 iacobum

320 3845 512 3909 impugnatorem
535 3847 633 3897 Brsrrnii
667 3847 726 3897 dum
752 3848 777 3897 io
798 3860 839 3910 op.
862 3846 1088 3897 indismlobttiics
1111 3843 1213 3895 vincelt
1232 3843 1437 3894 matrimonialis

323 3915 463 3987 Mogontiae
486 3930 553 3976 itte.
567 3940 621 3990 pag.
640 3934 679 3978 et.
701 3928 824 3978 tetstatur
844 3928 914 3977 iuxta
932 3927 1074 3990 Apostolum
1092 3926 1193 3976 diasoiri
1208 3924 1391 3975 matrimonium
1409 3924 1435 3974 to

322 4003 465 4055 infidelitate
485 4009 637 4055 conmotum
656 4019 699 4069 per
719 4008 901 4057 conversionem
913 4006 1013 4056 alterius
1029 4006 1149 4068 coniugis,
1159 4006 1184 4055 et
1202 4003 1336 4055 discessum
1352 4002 1436 4055 iulide·

321 4082 354 4133 iis
371 4096 386 4133 a
406 4083 483 4147 fideii,
495 4097 611 4150 respuens
627 4098 744 4137 aaronem
758 4090 785 4137 st
798 4085 914 4149 infidelis
933 4087 1067 4136 innocentii
1079 4088 1121 4137 ut.
1131 4087 1216 4149 utpote
1231 4098 1246 4133 a
1264 4084 1381 4135 Gntieno
1391 4083 1432 4134 de·

321 4162 395 4227 cepit,
404 4167 429 4215 st
437 4167 531 4216 contro
541 4178 662 4229 cuperem
674 4169 808 4217 contrarie
818 4168 990 4217 sentientium
997 4167 1099 4231 opponit
1108 4169 1238 4227 Marcum,
1247 4167 1355 4225 Lucum,
1367 4167 1434 4215 Pou-

322 4241 393 4304 tsm,
409 4246 606 4310 Hieronymum,
625 4248 650 4297 et
671 4249 850 4311 Auocsttnum
869 4245 999 4297 adlidere:
1019 4250 1099 4312 etque
1114 4247 1142 4298 tt
1156 4245 1222 4297 mitt
1235 4243 1436 4307 sufficientium

320 4321 368 4372 hoe
385 4321 483 4373 ridetm
500 4322 573 4374 nimis
583 4338 613 4376 sc
630 4327 721 4376 torrere
735 4325 837 4376 domm.
850 4325 888 4375 ci.
898 4338 961 4389 qnae
971 4324 1018 4376 beo
1027 4325 1058 4376 de
1070 4327 1212 4390 argumento
1225 4323 1311 4387 scripsi
1322 4323 1347 4373 in
1362 4326 1434 4374 tract

325 4403 362 4451 De
377 4403 492 4452 motum.
504 4416 558 4466 esp.
579 4406 609 4454 11.
628 4416 696 4469 prop.
720 4406 750 4454 ii.
