3234 5084
318 450 613 505 tununnensis
632 448 723 500 sun.
735 449 798 500 un.
811 448 925 499 rsnms.
939 447 1034 498 narn.
1050 449 1121 498 tm.
1134 448 1158 497 1.
1240 425 1309 498 339

197 570 349 658 duxerit,
377 565 444 645 hoe
465 569 541 670 ipso
557 566 700 642 exclusit
716 568 825 667 ipsam
843 567 942 639 etiam
960 591 1097 639 causam
1123 567 1313 643 fornicatio-

199 685 264 760 nis.
282 685 356 759 Huc
380 683 509 758 aceedit
535 681 768 758 lanocentium
784 680 920 782 saepius
937 679 1050 754 dicere
1067 681 1246 754 foeminam
1264 682 1313 754 al·

198 801 258 872 teri
289 798 470 872 nubentem
498 797 572 871 lore
601 794 805 883 adulteram,
833 797 896 868 otei
915 795 1087 894 repudium
1111 797 1313 894 acceperitis

197 939 276 988 vero
292 914 437 999 marito,
457 912 521 986 etsi
541 911 752 984 dissociatum
768 912 812 983 sit
829 912 1032 1008 eoeieqt'um,
1053 926 1088 983 et
1105 909 1243 983 similia.
1264 911 1313 983 Ex

196 1029 322 1128 quibus
347 1026 453 1102 mtdto
476 1028 584 1125 magis
600 1031 707 1125 patet,
733 1025 763 1101 si
784 1025 1018 1101 dimissionem
1036 1041 1172 1125 propter
1188 1024 1314 1098 adulte·

199 1142 286 1216 rium
304 1140 536 1242 excipiendam
555 1140 761 1228 iudicasset,
784 1165 924 1213 necesse
941 1139 1078 1213 omnino
1094 1139 1217 1227 luisse,
1239 1141 1313 1213 eius

198 1257 402 1331 mentionem
427 1257 549 1330 facere.
570 1256 661 1328 Haec
678 1271 774 1328 erant
790 1282 812 1327 a
829 1254 927 1328 nohis
948 1253 1244 1328 animadvertenda
1268 1255 1313 1327 ad

200 1371 340 1446 hunoii
365 1371 653 1469 tergiversationes
676 1369 970 1470 preoccupandas,
991 1371 1144 1470 quicum
1171 1369 1314 1444 senserit

199 1512 238 1559 se
262 1485 445 1560 lnnccentii
470 1485 666 1559 auctoritate
683 1485 809 1584 premi,
830 1510 963 1558 omnem
986 1510 1023 1557 se
1039 1485 1075 1555 in
1092 1499 1219 1583 partem
1243 1509 1314 1557 ver·

200 1602 258 1689 tit,
287 1613 323 1675 ut
340 1627 415 1676 eam
435 1601 572 1688 eludat;
594 1626 696 1699 quem
715 1599 773 1672 alii
791 1599 891 1673 etiam
910 1599 1014 1673 secuti
1033 1599 1132 1686 sunt,
1153 1600 1214 1672 sed
1239 1625 1315 1699 per-

202 1742 315 1817 peram
336 1718 449 1812 (itt).

189 1841 190 1845 ’
271 1831 334 1905 llis
360 1857 427 1906 non
452 1847 629 1905 contentus
659 1830 874 1904 lnnooentius
899 1830 1025 1904 clarius
1041 1829 1154 1903 adhue
1170 1844 1314 1903 montem

200 1974 299 2022 suam
317 1946 468 2021 declarat
485 1947 519 2018 in
538 1946 641 2046 epist.
657 1945 700 2019 ad
718 1945 931 2032 Victricium,
952 1946 988 2018 in
1006 1972 1073 2046 qua
1090 1928 1223 2018 unicam
1240 1971 1316 2019 cau·

199 2089 272 2138 sam
290 2062 468 2138 solutionis
486 2061 633 2158 coniugii
646 2061 688 2135 ad
706 2077 890 2135 ceterarum
907 2062 1056 2135 omnium
1070 2060 1311 2146 exclusionem,

200 2204 321 2278 nempe
343 2192 486 2250 mortem
514 2175 678 2274 assignat.
704 2175 896 2250 Decretoria
928 2174 1097 2274 siquidem
1132 2191 1213 2247 sunt
1241 2174 1315 2247 sius

197 2292 312 2368 uerba:
336 2291 380 2365 Ut
397 2317 615 2390 quoeunque
635 2293 761 2364 vivente
777 2294 848 2364 viro
866 2291 964 2363 alteri
978 2291 1143 2389 nupserit,
1161 2290 1317 2362 lobmtw

198 2406 369 2490 adultero,
395 2431 451 2479 nec
478 2407 509 2479 et'
535 2406 680 2505 spondeo
700 2408 916 2505 poenitentioe
943 2406 1073 2478 licentia
1101 2404 1311 2488 concedetur,

201 2522 267 2593 nisi
281 2548 364 2594 unua
382 2548 424 2595 cco
440 2523 486 2594 et's
512 2521 682 2620 &functus
700 2522 813 2620 [uerit.
836 2521 924 2594 llinc
942 2520 1065 2594 laetum
1083 2535 1152 2605 ost,
1173 2537 1210 2593 ut
1231 2521 1316 2595 lau-

201 2637 299 2710 noius
323 2636 388 2711 hoo
413 2635 642 2710 testimonium
669 2635 953 2722 dissimulaverit,
981 2660 1022 2708 ac
1047 2633 1168 2733 reliqui
1191 2636 1317 2734 pariter

200 2777 278 2823 cum
295 2751 372 2850 ipso
389 2751 523 2826 silentio
540 2750 624 2824 illud
643 2767 816 2851 premant,
838 2777 878 2824 eo
896 2749 987 2850 quod
1005 2748 1131 2822 nullam
1154 2748 1246 2823 illius
1263 2750 1315 2824 vis

201 2862 387 2939 cludendae
407 2865 497 2938 viam
522 2865 723 2938 inuenerint.

277 2976 371 3064 Quae
395 3005 472 3052 cum
498 2978 545 3051 ita
567 3005 603 3053 se
628 2977 793 3066 habeant,
824 2980 991 3078 reliquum
1016 2995 1085 3065 est,
1107 2995 1144 3053 ut
1166 2980 1317 3081 inquire-

202 3117 279 3166 mus
305 3092 388 3192 quid
413 3093 479 3166 sibi
496 3092 639 3167 uoluerit
655 3095 872 3168 Innocentius
890 3120 951 3193 per
966 3094 1069 3167 uerba
1086 3092 1144 3167 illa
1167 3093 1318 3167 inciden-

200 3208 249 3288 tia‘
274 3209 309 3279 in
334 3208 436 3307 epist.
464 3208 507 3281 ad
532 3207 697 3283 Probum:
726 3237 784 3282 oce
805 3209 945 3282 divortio
965 3213 1078 3283 eiecta.
1099 3208 1260 3282 Ancurae
1282 3208 1317 3280 in

202 3323 335 3396 illorum
372 3323 644 3423 interpretatione
676 3326 712 3398 in
746 3326 899 3399 diverses
931 3325 1085 3398 abierunt
1114 3324 1313 3398 sententies.

201 3437 361 3512 Emditus
375 3437 539 3512 Gonnalez
556 3455 671 3514 censet
682 3466 722 3513 ea
734 3469 752 3510 n
765 3438 940 3514 reserenda
957 3465 1034 3513 esse
1048 3440 1090 3512 ad
1103 3463 1233 3526 casum,
1249 3463 1317 3538 quo

271 3606 337 3674 (tte)
353 3607 449 3658 Etenim
460 3609 586 3660 launoius
596 3609 684 3673 opcii.
690 3612 754 3674 part.
767 3610 811 3660 ill.
821 3622 875 3672 cap.
888 3611 918 3659 V.
928 3622 983 3672 pag.
995 3615 1049 3660 821.
1062 3606 1190 3659 concludit
1199 3608 1316 3657 innocen·

201 3688 264 3738 uum
270 3684 466 3739 wbinteltesleee
474 3688 611 3739 chusulem
622 3688 710 3739 Mattn.
721 3687 1026 3754 eseepmjorntcouonu
1037 3699 1132 3749 sousa,
1142 3686 1200 3751 quit
1209 3685 1319 3750 alioquin

200 3767 252 3817 rim
268 3766 348 3818 eidem
360 3768 498 3830 intulisset;
514 3768 574 3832 quie
588 3769 688 3832 insuper
702 3772 817 3819 nouitati
833 3770 943 3832 alioquin
958 3768 1107 3830 studuisset;
1119 3769 1177 3831 quia
1194 3766 1319 3830 respondit

200 3847 335 3912 Exsuperio
344 3847 425 3911 ipsum
435 3847 594 3911 interroganti
603 3848 635 3898 de
642 3848 744 3911 repudio
755 3847 788 3899 ob
796 3849 859 3899 alias
869 3861 965 3912 canus,
977 3861 1052 3913 quam
1062 3850 1161 3912 propter
1170 3847 1319 3897 motorium

200 3926 258 3977 dato
263 3946 271 3992 ς
287 3928 357 3992 qnasi
371 3941 459 3993 nempe
470 3927 619 3992 ignoraverit
633 3929 782 3993 Exsuperius
793 3929 861 3992 quod
877 3928 946 3979 omni
962 3930 1050 3992 legenti
1067 3929 1226 3991 Evangelium
1236 3931 1260 3977 et
1270 3929 1319 3990 epi·

201 4008 277 4058 stolas
296 4007 367 4059 Paell
385 4008 542 4060 sommum
557 4010 622 4073 eret,
635 4009 668 4061 ob
680 4011 758 4060 solem
774 4022 874 4060 mnsam
893 4009 1008 4060 adniteui
1024 4022 1095 4074 posse
1105 4008 1196 4059 dimitti
1209 4021 1319 4057 uxorem.

271 4087 343 4138 calvi
353 4087 444 4140 adiecit
452 4089 622 4140 innocentiam
633 4088 788 4153 respondisse
798 4090 934 4154 Exsuperio
946 4088 1079 4140 sciscitamt
1091 4088 1212 4139 decausis
1223 4087 1318 4151 repudii

200 4168 344 4220 macareus
353 4168 447 4233 legions
458 4169 574 4221 romanis.
583 4172 675 4221 vuum
683 4170 705 4222 ei
713 4170 748 4222 tta
756 4173 834 4234 esset,
844 4183 901 4221 cnm
911 4169 976 4234 leges
984 4182 1099 4221 romanae
1108 4170 1172 4220 inter
1181 4169 1227 4221 itas
1232 4182 1319 4221 musas

200 4248 366 4299 recmsuerlnt
380 4248 543 4312 adulterum,
563 4248 689 4302 debuisset
705 4251 862 4302 innocentius
880 4250 1026 4315 impendere
1040 4263 1126 4302 causes
1136 4249 1168 4301 ad
1180 4249 1318 4301 iaciendum

200 4327 335 4379 dirutum
348 4341 437 4379 arom.
450 4329 544 4394 tegibus
556 4329 691 4395 uernans
704 4344 790 4382 omnes
800 4330 900 4382 illicitas
910 4343 962 4382 cese
972 4333 1067 4395 praeter
1080 4344 1171 4384 casum
1182 4329 1320 4382 adulterit.

201 4406 272 4459 Tales
290 4410 348 4460 eunt
363 4409 485 4474 upientee
495 4409 612 4462 ecelestm
621 4409 748 4462 doctrinae
759 4410 943 4476 impanatores
954 4411 960 4459 t

1202 4491 1223 4534 e
