3234 5084
342 402 388 479 lo
510 427 573 479 ιιι.
593 426 642 481 ιιι.
663 425 750 481 sucu.
771 429 795 480 ι.
816 428 1108 482 unumunurm.
1125 430 1271 484 ιιιιιιιι.

324 537 528 636 ¹castitatis;
556 548 593 620 iu
617 546 786 648 peculiare
802 546 1216 650 ‘collegium'cooptabut3
1246 551 1454 627 instruendis

341 661 530 736 iunioribus
544 662 579 734 in
594 661 694 736 rebus
705 662 797 750 fidei,
808 662 921 763 iisque
933 662 1177 764 praeparandis
1190 665 1233 739 ad
1246 664 1455 766 baptismum

339 778 575 877 praeficiebat:
596 778 706 853 alebat
724 777 869 879 publicis
887 778 1038 853 fidelium
1056 779 1303 868 oblationibus3
1323 783 1359 854 iu
1376 808 1455 856 coe-

341 908 411 966 tum
432 891 700 968 diaconissarum
726 894 1034 994 praestantissimas
1055 923 1097 970 ex
1120 896 1164 970 iis
1186 896 1374 994 deligebat;
1395 924 1456 997 pe—

338 1008 459 1083 culiari
486 1011 585 1083 etiam
608 1010 725 1083 habitu
750 1009 897 1084 donabat
921 1036 989 1109 quo
1006 1038 1027 1083 a
1046 1010 1185 1109 reliquis
1206 1010 1456 1107 distingueren-

340 1137 394 1196 tur
405 1126 452 1219 (3)
463 1183 469 1195 .
480 1124 570 1197 Talis
585 1150 716 1223 semper
728 1124 836 1197 extitit
848 1123 1011 1196 ecelesiae
1025 1124 1178 1223 spiritus,
1191 1150 1279 1223 quau
1293 1126 1341 1196 uti
1354 1126 1456 1222 virgi·

340 1239 479 1313 nitatem
497 1240 655 1336 coniugio
674 1239 724 1312 sic
740 1240 937 1313 viduitatem
956 1239 1112 1339 praetulit
1130 1241 1288 1314 secundis
1301 1241 1450 1340 nuptiis,

340 1354 422 1453 quia
446 1381 679 1455 quaecumque
696 1380 809 1429 amore
825 1356 990 1429 castitatis
1015 1355 1210 1429 viduitatem
1236 1372 1370 1430 servant
1394 1383 1456 1430 eae

340 1471 449 1569 magis
467 1473 609 1546 idoneae
626 1473 762 1544 suntad
775 1471 1020 1546 obsecrandum
1033 1472 1214 1545 Dominum
1228 1474 1317 1546 etad
1330 1473 1456 1546 instan-

339 1584 420 1658 dum
441 1584 729 1660 obsecrationibus
747 1600 780 1659 et
796 1585 1005 1660 orationibus
1022 1598 1119 1660 nocte
1134 1610 1176 1659 ao
1191 1585 1270 1673 die,
1290 1586 1381 1661 curis
1399 1612 1455 1662 se-

339 1698 414 1773 culi·
428 1699 569 1774 abiectis
586 1703 598 1795 (
622 1703 650 1795 ).

412 1816 486 1889 Non
507 1841 547 1890 eo
572 1830 684 1889 tamen
702 1814 845 1891 ecclesia
863 1841 1041 1915 progressa
1060 1830 1128 1901 est,
1149 1831 1187 1888 ut
1206 1814 1373 1891 secundas
1391 1843 1455 1891 nu-

340 1930 429 2032 ptias
449 1945 620 2029 tamquam
642 1930 834 2027 illegitimas
855 1929 1090 2030 proscriberet.
1108 1930 1206 2004 Novit
1219 1931 1455 2005 enim'dictum

338 2045 383 2118 ab
401 2044 581 2144 Apostolo:
606 2045 758 2119 «llulier
782 2044 921 2143 alligata
937 2060 989 2118 est
1006 2044 1069 2142 legi
1089 2060 1216 2142 quanto
1238 2046 1455 2145 tempore'vir

339 2159 413 2233 eius
430 2159 524 2248 vivit,
544 2160 636 2261 quod
655 2160 684 2234 si
702 2160 876 2235 dormierit
892 2160 944 2234 vir
960 2161 1053 2246 eius,
1069 2159 1210 2234 liberata
1225 2174 1294 2235 est:
1311 2162 1365 2235 oui
1382 2160 1455 2235 vult

339 2274 459 2350 nubat:
481 2291 608 2351 tantum
634 2277 669 2351 in
694 2276 838 2351 Domino
857 2280 947 2372 (5).»
964 2275 1124 2362 Quinimo
1149 2275 1291 2351 ulterius
1317 2302 1454 2376 progre-

338 2391 437 2467 diens
460 2390 639 2492 Apostolus
664 2392 805 2480 viduas,
835 2418 922 2492 quae
947 2391 1095 2465 interiori
1111 2406 1114 2409 ’
1129 2391 1250 2491 spiritu
1275 2391 1456 2467 destitutae

338 2507 376 2579 in
399 2507 547 2609 periculo
571 2524 748 2583 versantur
771 2533 793 2580 a
818 2524 908 2581 recto
933 2508 1065 2581 tramite
1090 2505 1304 2596 declinandi,
1326 2509 1370 2583 ad
1391 2508 1455 2581 ite-

339 2622 463 2696 randas
481 2623 595 2724 potius
613 2622 749 2722 nuptias
767 2622 921 2697 bortatur
938 2621 1073 2696 dicens:
1089 2620 1190 2696 «Volo
1208 2648 1287 2719 ergo
1305 2623 1454 2697 iuniores

338 2738 486 2828 nubere,
508 2739 596 2813 lilios
613 2764 815 2839 procreare,
842 2738 1114 2813 matresfamilias
1140 2764 1233 2825 esse,
1255 2738 1380 2811 nullam
1398 2765 1456 2813 oc·

337 2856 506 2929 casiouem
532 2854 614 2930 dare
637 2855 831 2929 adversario
852 2854 1020 2929 maledicti
1039 2854 1148 2952 gratia
1168 2859 1258 2950 (6)‚»
1274 2881 1396 2955 nempe
1412 2880 1454 2928 ax

337 2969 545 3069 indulgentia
570 2997 650 3069 erga
679 2970 830 3070 ipsarum
862 2970 1112 3057 infirmitatem
1140 2996 1218 3044 cum
1244 2996 1305 3070 per
1329 2995 1388 3057 se,
1415 2985 1454 3044 ut

339 3082 421 3157 alibi
447 3083 584 3158 scribit:
610 3114 629 3154 u
643 3085 775 3159 beatior
799 3085 863 3158 erit
888 3085 917 3157 si
943 3083 993 3157 sic
1017 3085 1242 3183 permanserit
1266 3083 1455 3157 secundum

341 3225 453 3273 meum
478 3199 657 3274 consilium
673 3202 763 3296 (l).»
779 3199 854 3286 Quo
880 3200 963 3273 satis
989 3200 1135 3273 ostendit
1152 3226 1190 3273 se
1207 3224 1275 3272 non
1292 3198 1454 3272 damnare

340 3314 508 3389 secundas
535 3314 691 3415 nuptias,
721 3315 785 3389 etsi
811 3313 941 3389 eisdem
968 3315 1139 3414 praeierat
1151 3315 1200 3388 uti
1223 3314 1456 3415 perfectiorem

339 3445 463 3505 statum
487 3428 686 3518 viduitatis,
705 3429 871 3529 quamdiu
890 3431 920 3505 is
938 3430 1060 3505 melius
1085 3429 1235 3505 conserat
1255 3429 1298 3503 ad
1322 3430 1455 3503 ammae

339 3543 501 3619 salutem:
519 3544 610 3644 quod
625 3543 656 3618 si
670 3544 795 3645 uliquis
813 3544 878 3619 boc
896 3545 1085 3621 institutum
1103 3544 1264 3619 sectando
1278 3545 1312 3618 in
1327 3545 1457 3645 pericu

337 3657 409 3733 lum
427 3660 576 3734 incurrat
598 3658 879 3748 incontinentiae,
907 3660 939 3733 ei
965 3659 1051 3735 alias
1077 3659 1213 3761 nuptias
1237 3658 1403 3733 concedit.

409 3842 444 3906 (t)
462 3842 501 3895 cl.
514 3842 586 3906 Alplv.
598 3842 776 3893 salmercuiuvn
793 3845 902 3894 cusat.
918 3846 947 3894 tu
964 3846 1041 3908 epist.
1050 3846 1083 3893 D.
1094 3842 1184 3893 Pauli.
1194 3846 1258 3907 opp.
1268 3844 1329 3892 torn.
1341 3842 1394 3893 XV.
1407 3844 1456 3894 cc·

337 3923 498 3987 lonnssripo.
514 3927 582 3975 toul.
595 3922 659 3974 llius.
672 3923 803 3974 le.lnL
816 3923 849 3974 au
858 3923 922 3974 dim.
932 3924 963 3974 V.
976 3923 1020 3987 qui
1034 3923 1094 3975 bseu
1111 3923 1165 3974 ltrse
1182 3922 1340 3987 moseqmtur
1352 3922 1455 3986 suique

338 4001 491 4054 documentis
504 4000 641 4053 confirmat.

411 4081 446 4145 (l)
461 4084 498 4133 De
506 4082 555 4132 boc
565 4082 708 4145 argumento
717 4093 739 4133 s.
745 4082 896 4146 Augustinus
907 4082 1029 4147 integrum
1037 4081 1127 4132 librum
1137 4081 1235 4145 scripsit
1244 4084 1282 4132 De
1294 4080 1359 4132 ὁοιιο
1370 4079 1456 4133 οἰάκι-

338 4161 607 4225 tarentinensem
618 4159 892 4213 omnimembrorum
903 4161 1055 4223 mutauit,
1068 4160 1137 4213 utds
1147 4160 1249 4226 reliquls
1259 4162 1362 4213 tuocum

410 4240 445 4305 (u)
460 4242 481 4291 1.
496 4242 555 4291 cor.
567 4242 623 4292 vll.
636 4246 675 4292 ³9.

410 4321 446 4384 (6)
461 4322 481 4371 1.
498 4320 562 4372 Tim.
573 4322 604 4371 V.
620 4325 657 4373 tt.

411 4398 446 4464 (7)
462 4400 481 4450 l.
492 4402 549 4451 cor.
561 4402 616 4452 vn.
627 4405 666 4454 lu.
