3234 5084
343 434 386 503 Η
509 457 569 506 tiit.
586 458 633 507 ili.
654 458 739 507 stur.
756 459 777 506 i.
799 458 839 507 nt
865 459 957 508 lffl'll.
978 460 1099 509 canisi.
1122 459 1266 510 bairais.

340 573 429 644 mine
453 589 635 645 scottorum
660 576 904 646 novissimorum
926 575 1062 646 durum.
1089 576 1148 648 lsti
1171 602 1250 649 vero
1276 576 1452 648 noviesimr'

338 689 445 758 sancti
459 713 500 759 ex
517 687 698 786 pmpbetae
715 714 776 761 seu
794 688 960 786 praesidis
978 691 1031 762 sui
1049 690 1147 763 venia
1171 706 1255 777 tres,
1276 707 1439 789 quatuor,

339 817 398 872 aut
422 801 536 898 plures
561 802 685 875 ducunt
710 828 846 888 uxoreS‚
875 802 1054 901 repudiant
1078 819 1136 877 aut
1153 802 1328 877 immutant
1345 823 1443 904 prout

340 915 424 1013 ipsis
450 913 595 988 libuerit.
617 916 689 988 llac
713 915 754 988 de
778 942 880 989 causa
904 915 1132 989 difficultatem
1149 917 1328 990 maximam
1346 943 1445 1016 expe

339 1028 469 1101 riuntnr
494 1030 528 1100 in
554 1048 645 1103 secta
671 1028 887 1129 propaganda
911 1056 1012 1128 penes
1034 1030 1213 1125 gubernio,
1241 1057 1328 1129 quae
1351 1032 1444 1104 eius·

339 1143 428 1215 modi
447 1143 642 1217 scandalum
658 1144 799 1218 tolerare
826 1144 954 1218 nolunt.

410 1259 478 1330 lam
504 1275 540 1330 ut
564 1250 702 1331 adrem
728 1259 941 1343 accedamus,
970 1273 1101 1356 praeter
1126 1258 1351 1359 polygamiam
1378 1259 1441 1333 lor·

339 1371 457 1443 malem
483 1371 716 1445 simultaneam
740 1373 774 1444 ri
800 1372 897 1444 cuius
922 1397 989 1444 uno
1014 1371 1200 1470 eodemque
1217 1388 1365 1470 tempore
1389 1373 1443 1445 vir

339 1511 424 1557 unus
442 1484 555 1584 plures
574 1486 672 1559 simul
692 1510 812 1558 uxores
832 1487 967 1573 retinet,
989 1483 1092 1557 altera
1110 1484 1346 1583 distinguenda
1369 1502 1440 1571 est,

336 1624 412 1670 cum
429 1599 576 1672 secunda
593 1599 726 1673 ducitur
743 1625 825 1672 uxor
839 1598 941 1697 priori
960 1598 1073 1670 adbuc
1085 1599 1229 1686 vivente,
1246 1599 1305 1671 sed
1320 1625 1380 1699 per
1390 1599 1444 1671 di-

335 1714 476 1785 vortium
494 1714 685 1813 repudiata,
702 1728 759 1786 aut
770 1713 925 1809 coniugio
944 1712 1065 1811 quavis
1084 1713 1126 1784 de
1142 1739 1244 1785 causa
1261 1713 1439 1787 dissoluto.

408 1829 478 1899 lam
502 1853 581 1899 vero
606 1828 696 1927 prior
721 1826 932 1926 polygamia‚
963 1826 993 1898 si
1018 1826 1188 1924 excipias,
1220 1843 1257 1898 ut
1273 1826 1439 1913 diximus,

336 1940 563 2027 mormonitas,
585 1939 701 2011 nullibi
720 1940 810 2037 apud
829 1953 1049 2037 protestantes
1070 1936 1215 2010 obtinet:
1233 1954 1266 2011 at
1278 1939 1445 2037 posterior

336 2079 439 2152 penes
465 2054 599 2125 eosdem
624 2054 811 2126 communis
837 2068 907 2136 est,
926 2052 1027 2124 immo
1052 2052 1151 2123 etiam
1173 2053 1261 2152 apud
1287 2053 1362 2126 illos
1385 2081 1444 2127 ca-

336 2166 476 2240 tholicos
502 2167 641 2267 populos
661 2167 695 2237 in
713 2165 837 2265 quibus
854 2166 944 2262 viget
961 2164 1014 2237 len
1031 2163 1074 2237 de
1091 2166 1300 2239 matrimonio
1323 2167 1438 2255 civili,

337 2299 372 2354 ut
398 2282 433 2351 in
459 2281 568 2378 primo
592 2278 677 2352 libro
702 2278 922 2352 ostendimus.
943 2279 1025 2349 Nam
1052 2278 1167 2351 eadem
1193 2279 1342 2365 ratione,
1371 2307 1441 2378 qua

335 2394 444 2467 civilis
461 2393 564 2467 codex
582 2394 690 2466 sancit
708 2392 954 2465 matrimonium
978 2390 1095 2476 civile,
1125 2394 1232 2465 sancit
1253 2394 1352 2465 etiam
1376 2394 1442 2467 sub

336 2509 424 2582 datis
442 2504 689 2582 conditionibus
707 2505 853 2601 coniugii
872 2504 1143 2592 dissolutionem,
1160 2505 1311 2607 adeoque
1329 2508 1358 2580 is
1379 2509 1439 2606 qui

335 2623 477 2721 priorem
491 2622 665 2719 coniugem
681 2621 869 2720 repudiavit
879 2620 931 2704 ‚vi
946 2618 1096 2691 eiusdem
1111 2618 1195 2715 legis
1206 2620 1306 2693 aliam
1315 2621 1440 2693 ducere

334 2752 458 2836 potest,
487 2736 589 2834 priori
615 2736 724 2808 adhuc
750 2734 948 2832 superstite;
970 2750 1003 2804 et
1018 2732 1083 2805 bac
1102 2733 1227 2807 ratione
1245 2735 1438 2834 polygamia

244 2918 246 2923 .
334 2850 532 2922 simultauea
556 2850 647 2948 apud
672 2850 766 2946 ipsos
790 2847 992 2921 christianos
1019 2849 1198 2921 invehitur.

406 2963 516 3048 Quum
534 2964 635 3059 igitur
652 2963 794 3035 dicimus
813 2960 1035 3061 polygamiam
1054 2962 1285 3036 simultaneam
1306 2965 1340 3037 in
1365 2965 1440 3063 lege

333 3077 525 3176 evangelica
538 3076 695 3150 abolitam
707 3103 794 3163 esse,
807 3078 850 3149 de
862 3092 1002 3174 utraque
1014 3076 1224 3177 polygamiae
1237 3104 1351 3178 speeie
1362 3080 1440 3154 heic

335 3192 497 3267 recensita
514 3189 732 3276 disserimus;
754 3190 919 3289 siquidem
938 3215 1002 3262 non
1020 3191 1132 3262 minus
1151 3193 1313 3290 posterior
1332 3220 1436 3292 quam

334 3414 504 3474 excreverant,
517 3412 573 3461 lude
583 3412 672 3462 luerint
683 3425 725 3475 per
736 3411 904 3474 rimenpulsi,
915 3411 946 3461 ad
957 3415 1047 3463 sutum
1057 3414 1100 3475 qui
1113 3412 1218 3463 llttneia
1227 3412 1328 3477 dictiue
1338 3429 1440 3468 aerane-

334 3497 439 3558 perunt,
455 3492 499 3542 ubi
514 3493 599 3543 orbern
612 3492 774 3543 aedificarunt
785 3504 859 3555 quam
870 3494 980 3542 Nuueoo
993 3492 1156 3555 appellarunt,
1168 3506 1232 3555 qaae
1240 3495 1291 3545 cite
1300 3498 1439 3548 numeravit

332 3574 471 3637 quindecim
487 3572 566 3622 baillia
580 3572 714 3621 incolarum
724 3569 757 3620 ad
768 3582 856 3622 noram
866 3570 929 3621 iranc
936 3571 994 3620 sion
1004 3585 1034 3620 err
1045 3570 1121 3621 variis
1128 3571 1252 3623 amerinae
1261 3573 1380 3637 statibus,
1392 3589 1438 3627 nec

332 3667 381 3703 oon
391 3666 422 3703 ea
432 3652 531 3714 mulia,
544 3650 625 3700 scotia
633 3653 658 3700 et
668 3650 784 3701 Hibernia
794 3650 899 3712 aliisque
912 3650 972 3700 loeis
986 3650 1119 3699 acciturum
1128 3649 1159 3700 ad
1168 3652 1226 3701 novi
1234 3653 1359 3716 Evangelii
1369 3667 1438 3717 praa·

331 3732 486 3783 dicationem.

404 3811 526 3859 Hactenus
545 3810 661 3871 losepbus
677 3810 755 3859 Smilla
772 3810 798 3857 in
814 3808 887 3857 citata
903 3808 1013 3870 epistola.
1031 3809 1152 3858 Nonnulla
1170 3812 1292 3871 praeterea
1310 3812 1384 3873 paulo
1400 3815 1438 3863 in·

332 3889 406 3938 terius
420 3889 465 3938 bac
478 3888 510 3938 rie
521 3890 587 3939 secta
603 3888 740 3938 innnernus.
759 3887 860 3937 interim
878 3888 1029 3950 computum
1038 3888 1076 3937 eat
1086 3888 1189 3949 mana
1202 3889 1321 3952 originem
1336 3892 1375 3942 tot
1383 3894 1437 3945 tare

332 3971 461 4030 lacumque
478 3968 592 4019 [mudum
608 3981 637 4017 ac
653 3968 808 4028 illusionum,
824 3965 899 4016 luisse
915 3966 1104 4029 manuscriptam
1117 3967 1224 4018 iabulam
1234 3969 1378 4033 (Roonuno)
1389 3972 1438 4022 sub

331 4047 403 4097 initio
413 4046 488 4097 liuius
498 4046 591 4097 netuli
603 4058 619 4095 a
633 4045 745 4095 ministro
760 4046 909 4109 protestante
924 4045 1045 4108 ingeniose
1059 4045 1207 4097 elaboratam
1226 4049 1324 4111 quaein
1336 4050 1437 4112 Ioaeplrl

330 4124 412 4175 Smilla
428 4138 516 4176 manus
533 4125 644 4186 devenit,
659 4125 747 4187 inqua
762 4122 964 4173 decemtribuum
975 4125 1048 4174 israel
1061 4124 1086 4173 ln
1096 4126 1232 4175 americum
1242 4127 1385 4189 migratio,
1395 4141 1437 4179 ea·

331 4204 589 4265 tenimentorum,
603 4202 727 4266 lunarique
739 4203 840 4251 eventus
852 4201 942 4253 biblico
957 4202 1128 4265 propbetanrrn
1144 4203 1208 4266 stylo
1224 4204 1435 4257 describebantur.

331 4284 370 4331 ci·
382 4283 488 4345 Harpers
506 4285 566 4332 itero
584 4280 700 4342 mentito
716 4282 861 4342 nepesine.
875 4282 933 4329 New
951 4280 1015 4329 York
1035 4288 1101 4331 tuot.
1114 4282 1154 4331 tol
1173 4285 1215 4331 vi.
1233 4283 1284 4333 rte
1301 4286 1435 4335 &moena

332 4364 451 4423 pansos.
