3234 5084
301 447 369 498 err.
383 446 427 496 ur.
440 445 480 495 uu
492 444 676 496 sussum.
691 446 778 508 surr,
793 444 1031 505 succussu.
1046 447 1117 499 rur.
1128 448 1164 498 u.
1221 426 1290 499 tar

251 564 314 637 His
338 561 502 662 expletis,
530 562 689 636 accedere
711 563 779 636 inm
796 578 870 637 tuto
892 587 1072 665 pessumus
1094 564 1137 638 ed
1157 564 1296 640 solutio·

179 703 257 753 nem
280 678 537 765 difficultatum,
561 676 688 777 quibus
706 676 831 753 vedius
855 677 1021 754 cathetoe
1038 678 1208 780 impetitur
1225 696 1295 754 tum

178 819 199 866 n
225 791 505 891 protestantibus,
527 807 598 865 tum
614 790 658 865 ab
676 791 718 867 iis
738 792 839 865 etiem
859 792 918 892 qui
939 792 1124 870 doctrinam
1137 795 1296 875 orthodo-

178 934 255 982 uam
280 908 499 1008 profitentur,
527 907 586 982 sed
613 906 679 981 hac
705 907 740 979 in
765 933 801 980 re
826 909 938 981 minus
961 925 1051 983 recte
1075 908 1176 984 locuti
1200 927 1290 985 sunt.

595 1109 804 1166 ARTlCULUS
824 1110 874 1167 lll.

203 1256 206 1259 ·
292 1237 335 1297 De
354 1235 574 1298 difficultatibus
594 1236 700 1313 qulbus
721 1243 831 1297 asserta
851 1253 869 1296 e
886 1237 1044 1298 tridentine
1064 1238 1177 1317 syuodo

489 1332 633 1393 catholica
654 1335 761 1392 ueritas
782 1336 982 1411 lmpuguutur.

251 1482 497 1555 Praemittimus
523 1480 725 1554 catholicam
751 1481 923 1555 veritatem
948 1508 969 1554 u
999 1483 1138 1582 priuatis
1168 1482 1296 1558 tbeulo-

176 1624 295 1695 gerum
314 1597 448 1697 placitis
471 1621 550 1670 esse
576 1579 715 1695 prorsus
748 1595 1055 1695 independentem,
1082 1613 1115 1673 et
1139 1599 1295 1697 quamvis

178 1713 275 1786 nobis
287 1711 499 1787 verisimilior
511 1711 587 1785 visu
603 1710 889 1785 meritamente
906 1710 1052 1798 illorum,
1069 1714 1127 1813 qui
1140 1713 1295 1789 effectum

177 1828 267 1902 bunc
290 1832 444 1928 repetunt
467 1853 509 1901 eu
537 1828 612 1900 iure
635 1827 751 1901 diuino
777 1826 923 1928 positive
947 1845 1049 1927 atque
1074 1829 1291 1917 immediato,

174 1968 281 2042 quum
305 1957 417 2016 umen
439 1941 534 2016 reiici
559 1940 714 2016 obsolute
738 1941 987 2030 cendebeum,
1008 1957 1297 2045 utpotesuapro-

175 2056 351 2131 babilitate
365 2056 469 2130 'baud
493 2056 673 2130 destitutae
697 2055 832 2131 illorum
858 2058 1062 2145 sententiae,
1096 2057 1157 2158 qui
1187 2072 1247 2132 aut
1273 2084 1295 2133 e

176 2170 250 2244 iure
268 2170 413 2244 neutrali
434 2185 493 2243 aut
509 2196 529 2243 e
546 2170 620 2244 iure
636 2168 871 2245 eeclesiastico
892 2170 1089 2258 adstruunt,
1109 2171 1295 2249 catholicae

174 2287 326 2360 ueritatis
349 2284 502 2360 vindices
519 2283 564 2359 ad
587 2284 748 2359 tuendum
770 2311 792 2360 u
811 2300 1008 2361 novamrum
1026 2286 1153 2386 impetu
1171 2286 1295 2362 doctri·

174 2424 253 2475 eum
278 2401 476 2476 catholicam
500 2400 691 2502 prorniscue
714 2400 763 2473 uti
789 2415 932 2500 possum
948 2402 1070 2502 quavis
1095 2400 1290 2502 hypothesi,

173 2544 251 2592 eum
275 2518 402 2592 nullam
427 2517 570 2592 ecclesia
593 2515 831 2618 reprobaverit.

245 2634 312 2722 Qui
337 2635 453 2735 itaque
470 2631 623 2731 aggressi
643 2646 723 2706 sunt
738 2631 916 2705 vamtatem
933 2632 1075 2706 canonis
1092 2631 1147 2704 vl.
1168 2631 1295 2707 triden-

172 2748 235 2821 tini
252 2764 444 2850 puguaruut
460 2775 502 2822 ex
518 2748 691 2847 Scriptura
707 2760 740 2819 et
757 2745 957 2833 traditione,
985 2772 1072 2847 quas
1089 2747 1296 2822 contendunt

173 2861 303 2937 nullum
319 2863 571 2939 undamentum
583 2863 792 2961 dogmaticae
808 2862 891 2935 huie
904 2861 1095 2936 definitioni
1116 2862 1288 2965 praebere.

174 2978 258 3052 llam
275 2978 311 3051 iu
329 2980 522 3080 seripturis,
539 2979 710 3079 inquiunt,
727 3004 795 3053 uon
813 2977 914 3053 modo
930 2976 1060 3052 nullum
1076 2977 1215 3054 uerbum
1233 2995 1293 3053 aut

172 3117 258 3193 apex
278 3095 439 3182 occurrit,
464 3121 532 3194 quo
560 3094 689 3169 adstrui
715 3095 826 3193 possit
849 3094 936 3168 solvi
962 3094 1157 3193 coniugium
1182 3108 1292 3170 ratum

173 3206 327 3281 fidelium
350 3210 411 3309 per
435 3209 619 3284 solemnem
643 3208 816 3307 religionis
842 3208 1106 3308 professionem,
1125 3207 1187 3282 sed
1212 3232 1293 3283 con·

173 3322 312 3397 tretium
338 3324 452 3423 potius
477 3323 686 3409 adstruitur,
715 3321 796 3395 dum
821 3322 870 3395 ait
893 3321 1069 3397 Christus:
1084 3321 1185 3408 Quod
1205 3323 1294 3400 Deus

171 3441 360 3524 coniunxit,
389 3440 479 3511 Ιιοωο
498 3465 563 3511 ouo
586 3453 732 3537 teporem
751 3453 785 3512 et
801 3438 942 3538 iusuper
957 3452 1073 3538 aperte
1089 3435 1288 3512 declararit:

173 3553 929 3655 Ornouqus'dimiaeritucoremuuomwsptc
940 3555 1168 3655 [emicationis
1176 3578 1288 3639 muso,

171 3668 253 3766 {coit
272 3696 345 3744 eum
367 3670 531 3743 mombars'
562 3671 652 3765 (dl).
686 3667 819 3755 Quibus
847 3669 960 3745 verbis
991 3668 1108 3745 allusit
1136 3667 1292 3747 Christus

171 3798 285 3882 aperte
301 3785 345 3859 ud
361 3784 397 3858 id
414 3783 506 3886 quod
522 3783 632 3858 Adam
648 3783 691 3858 de
707 3785 922 3861 matrimonio
939 3783 1052 3860 adhuc
1069 3801 1141 3861 rato
1154 3810 1195 3859 uc
1207 3808 1293 3858 nou·

171 3896 253 3970 dum
269 3917 499 3976 consummato
517 3900 553 3973 iu
571 3899 729 4002 paradiso
747 3900 949 4000 protulerat:
977 3900 1223 3989 «Quamobrem
1240 3924 1293 3973 re-

171 4010 302 4113 linquet
318 4014 418 4091 bomo
435 4032 563 4115 putrem
582 4042 683 4090 suum
700 4030 733 4089 et
748 4034 909 4101 metram,
931 4032 965 4091 et
981 4015 1178 4091 adhaerebit
1195 4014 1291 4091 uxori

172 4150 256 4203 suus
275 4131 396 4225 (68).»
424 4131 486 4206 His
512 4131 698 4208 cohaerens
720 4131 900 4234 Apostolus
926 4131 1075 4233 scripsit:
1099 4129 1291 4231 «Alligatus

244 4316 295 4379 (⁶7)
311 4317 400 4368 Mttlh.
415 4320 447 4369 V.
461 4324 500 4371 tt.

244 4396 295 4460 (es)
308 4398 395 4448 Geuoe.
409 4397 441 4449 11.
456 4398 494 4450 rt.
