3234 5084
340 434 384 501 ³8
508 454 567 503 rra.
589 454 636 502 ru.
658 454 742 503 sucu.
764 455 786 503 ι.
810 456 848 503 os
873 455 1266 505 conuenientibus.

339 570 430 666 plum
454 569 739 667 patriarcharum,
761 573 836 670 ipse
852 573 1011 672 opposuit
1032 572 1142 646 verbis
1157 561 1443 648 Geneseesverba

338 684 522 781 Evangelii.
532 683 675 759 Adnotat
692 702 862 786 praeterea
875 686 963 761 idem
978 714 1008 760 s.
1018 688 1139 762 Doctor
1146 687 1341 788 Apostolum
1358 688 1445 763 bene

339 799 472 873 novisse
488 800 762 875 consuetudinem
781 801 893 900 plures
910 801 1055 876 ducendi
1073 827 1192 876 uxores
1210 801 1284 900 lege
1295 804 1444 877 mosmca

339 915 444 988 luisse
468 914 638 1015 probatam
657 933 690 989 et
707 916 969 1016 patriarcharum
994 917 1146 1017 exemplo
1165 917 1327 992 «Sciebat
1345 917 1446 1016 (Apo

339 1028 485 1123 stolus),
503 1030 629 1130 inquit,
652 1031 718 1129 lep
736 1054 935 1115 concessum,
953 1047 986 1104 et
1002 1031 1154 1130 exemplo
1179 1032 1444 1130 patriarcharum

339 1168 378 1215 ac
397 1145 504 1244 Moysi
526 1143 691 1218 familiare
717 1144 841 1244 populo
866 1162 1003 1218 noverat
1027 1145 1061 1216 in
1086 1145 1202 1219 multis
1227 1144 1388 1219 uxoribus
1403 1144 1445 1216 li·

338 1258 436 1333 beros
455 1286 628 1359 spargere:
650 1260 737 1360 ipsis
755 1286 891 1360 quoque
907 1260 1138 1335 sacerdotibus
1163 1261 1265 1335 buius
1292 1259 1446 1333 licentiae

338 1372 471 1470 'istebat
492 1372 666 1447 arbitrium
682 1376 755 1469 (91)
766 1405 797 1444 ,υ
811 1373 987 1459 Quomodo
1002 1400 1081 1449 vero
1097 1374 1182 1449 baec
1198 1375 1352 1473 componi
1371 1399 1448 1472 pos-

339 1488 408 1559 sint
424 1514 498 1560 cum
517 1488 578 1575 iis,
599 1515 686 1588 quae
712 1490 802 1562 iuxta
825 1490 1025 1563 contrariam
1047 1491 1247 1564 sententiam
1262 1488 1342 1563 alibi
1361 1489 1447 1563 scri·

339 1601 416 1674 bere
440 1603 534 1676 visus
560 1619 626 1687 est,
655 1627 730 1674 mox
756 1603 958 1677 videbimus.

412 1719 564 1804 Interim,
580 1735 617 1791 ut
629 1718 917 1792 statimnonnulla
931 1719 998 1793 alia
1010 1738 1157 1792 veterum
1172 1718 1362 1792 testimonia
1379 1718 1445 1792 bac

339 1832 381 1905 de
406 1859 441 1905 re
466 1831 667 1918 afferamus,
699 1858 736 1904 se
764 1858 801 1905 se
826 1832 925 1905 olsert
955 1833 1201 1920 Theodoretus,
1230 1833 1288 1934 qui
1320 1833 1447 1906 diserte

339 1948 485 2019 affimat
509 1945 602 2019 nulla
625 1945 697 2044 lege
722 1948 795 2021 sive
819 1946 961 2020 naturali
981 1948 1053 2021 sive
1069 1949 1193 2047 scripta
1219 1947 1443 2047 polygamiam

339 2063 524 2160 antiquitus
547 2062 681 2135 vetitam
706 2062 830 2136 luisse:
852 2061 1020 2160 «Rogavit
1039 2062 1180 2157 (Sara),
1197 2061 1323 2161 inquit,
1344 2087 1385 2135 ea
1401 2061 1446 2134 de

339 2202 442 2249 causa
470 2174 655 2261 Abrabam,
684 2192 721 2249 ut
753 2202 829 2250 cum
855 2176 944 2273 Agar
971 2177 1248 2274 congrederetur,
1276 2201 1344 2275 quc
1369 2176 1446 2274 ipsa

340 2290 462 2365 liberos
488 2290 567 2364 inde
589 2291 790 2390 susciperet,
811 2290 894 2390 quid
912 2291 1063 2390 peccarit
1078 2289 1272 2365 Abrabam?
1288 2290 1443 2377 Maxime,

340 2433 411 2477 cnm
431 2432 530 2503 oeque
555 2421 691 2490 notura,
712 2433 813 2505 acque
839 2406 893 2478 les
916 2406 987 2478 ullo
1012 2420 1079 2477 tion
1102 2409 1225 2504 scripta
1248 2405 1362 2505 plures
1387 2404 1447 2479 du·

340 2548 414 2594 cere
438 2547 559 2594 uxores
585 2520 776 2620 prohiberet
792 2524 907 2617 (92).»

333 2690 337 2697 .
412 2639 480 2710 Nec
497 2636 608 2710 minus
626 2635 810 2709 luculenter
822 2662 896 2709 cam
910 2637 1094 2710 doctrinam
1107 2663 1137 2710 s.
1148 2636 1353 2733 Augustinus
1366 2662 1444 2735 pro·

342 2754 451 2826 lessus
476 2766 539 2825 cst.
560 2750 682 2825 Scribit
705 2752 815 2823 enirn:
839 2781 857 2818 r
872 2749 1097 2824 sufficiendae
1121 2750 1225 2850 prolis
1251 2776 1352 2824 causa
1375 2767 1448 2823 erat
1490 2838 1494 2848 .

341 2893 479 2941 uxorum
503 2867 646 2966 plurium
675 2864 773 2939 simul
800 2865 955 2939 univiro
981 2865 1210 2939 habendarum
1236 2864 1447 2964 inculprobilis

341 2980 531 3054 consuetodo
547 2983 661 3076 (93).»
675 2980 780 3077 Negat
791 2996 825 3053 et
842 2980 917 3080 ipse
933 3006 1010 3054 cum
1027 2980 1231 3054 Theodoreto
1248 2979 1350 3054 idlam
1367 2996 1447 3054 tuno

342 3098 500 3198 temporis
525 3097 631 3195 legem
657 3097 828 3183 extitisse,
856 3124 924 3196 qua
947 3113 1113 3171 vetaretur
1137 3095 1347 3197 polygamia:
1370 3096 1447 3169 «llo

340 3233 507 3313 tompore,
528 3213 663 3313 quando
681 3212 954 3314 multiplicandae
970 3212 1174 3311 posteritatis
1194 3238 1316 3286 caussa
1333 3211 1447 3310 plures

341 3355 461 3403 uxores
479 3328 533 3401 loc
550 3329 642 3401 nullo
668 3328 868 3428 prohibebat
887 3331 959 3424 (94)
970 3360 1001 3398 ,n
1018 3330 1159 3401 Domum
1185 3326 1331 3402 ostendit
1348 3325 1448 3401 lecob

342 3442 565 3517 inducendis
600 3442 752 3541 pluribus
784 3443 943 3517 uxoribus
973 3442 1235 3542 haudquaquam
1260 3465 1443 3539 peccasse,

341 3585 381 3632 eo
407 3559 482 3658 ipso
504 3557 595 3656 quod
621 3556 714 3630 nulla
735 3557 951 3657 impediretur
967 3558 1040 3654 lege
1057 3558 1129 3630 sive
1146 3555 1288 3629 naturali
1306 3555 1378 3629 sive
1394 3554 1448 3627 di·

341 3673 421 3744 vina
445 3672 606 3772 positiva:
634 3670 764 3745 «laceb
788 3672 878 3771 quod
908 3698 968 3772 pro
993 3670 1118 3768 ingenti
1142 3671 1279 3745 crimine
1305 3684 1448 3767 quatuor

341 3787 545 3860 obiiciantur
557 3811 689 3871 uxores,
702 3785 847 3882 generali
861 3784 1109 3885 praelocutione
1124 3799 1294 3884 purgetur.
1304 3781 1447 3868 Quando

341 3903 430 3973 enim
457 3927 529 3974 mos
555 3916 643 3985 erat,
665 3900 789 3972 crimen
808 3926 873 3973 non
891 3899 1090 3974 erat...tllia
1108 3900 1196 3973 enim
1215 3914 1294 3972 sunt
1311 3914 1448 3995 peccata

415 4159 464 4214 tat)
481 4154 556 4217 Epist.
568 4157 650 4205 bxtx.
663 4154 699 4205 od
713 4159 857 4216 οσεαηιιιη,
869 4168 893 4203 n.
905 4164 926 4204 5.
940 4157 986 4205 cot.
1000 4160 1052 4204 stt.

415 4236 465 4294 (iu)
480 4235 687 4291 ernest.1.xvlt.
701 4233 726 4283 in
738 4236 826 4284 Geras.

415 4316 464 4373 too)
482 4317 517 4363 De
527 4313 639 4364 doctrin
650 4313 741 4364 clirtrt.
754 4314 796 4365 uc.
808 4312 850 4364 ΙΙΙ.
863 4327 917 4378 cip.
930 4317 984 4365 xtl.
995 4327 1019 4365 n.
1033 4323 1070 4365 20.

416 4396 464 4453 tert)
481 4397 515 4443 De
529 4398 578 4443 cto.
595 4397 652 4453 Det,
664 4394 706 4445 tto.
719 4397 781 4445 xvi.
791 4408 846 4458 cap.
859 4399 988 4447 xxxvtll.
1000 4409 1025 4445 n.
1037 4406 1058 4445 s.
