3234 5084
296 423 369 483 nir.
386 424 807 482 sinemurensem.
826 428 939 482 mutas.
956 427 1052 482 ιιιιιι.
1068 430 1139 482 ιιι.
1156 429 1180 482 ι.
1235 407 1303 481 ιιι

258 541 350 622 llaec
367 546 483 646 itaque
503 561 581 620 sunt
598 572 628 620 s.
645 545 829 646 Epiphanii
841 544 944 620 verbe
961 546 1100 621 fluores.
1115 547 1237 620 un«
1253 547 1304 622 lta

115 705 119 710 ·
185 660 334 763 profecto
354 686 437 733 sese
458 679 513 733 res
543 659 665 747 babet,
694 675 731 733 ut
757 675 834 759 post
858 660 983 734 Christi
1010 660 1044 732 in
1063 659 1180 734 orbem
1202 678 1305 735 terra·

184 802 258 849 rum
281 775 461 849 adventum
488 799 547 848 eos
572 773 770 874 omnesqui
796 788 872 874 post
896 774 1025 875 priores
1055 774 1191 876 nuptias
1215 800 1305 849 mor⁶

183 905 241 964 tua
264 915 370 964 uxore
396 887 512 963 alteris
534 914 572 962 se
602 888 730 989 nuptiis
757 887 917 987 illigarint
937 889 1156 964 sanctissima
1171 889 1234 965 Dei
1255 890 1305 963 di·

186 1004 332 1106 soiplina
347 1004 524 1078 reiiciat...
551 1004 591 1076 ln
616 1003 761 1104 populo,
778 1019 914 1105 propter
936 1004 1011 1078 eius
1036 1005 1302 1080 imbecillitatem

182 1119 317 1195 tolerari
344 1119 435 1193 istud
463 1133 597 1218 potest,
621 1134 659 1192 ut
687 1118 746 1219 qui
778 1144 881 1192 uxore
918 1119 1028 1218 prima
1052 1121 1196 1195 contenti
1225 1146 1303 1195 esse

182 1261 250 1309 non
270 1250 430 1334 possunt,
455 1260 497 1307 eu
518 1221 667 1321 mortun,
689 1232 872 1308 secundam
891 1231 957 1306 sibi
982 1233 1150 1335 copulent.
1175 1234 1303 1322 Quem·

183 1374 288 1449 quum
307 1348 365 1448 qui
381 1375 481 1421 unam
493 1347 666 1422 dumtaxat
689 1347 823 1435 babuit,
840 1348 960 1421 maiori
989 1347 1152 1422 ecelesiae
1176 1347 1302 1424 iudicio
1402 1385 1404 1392 .

185 1460 314 1535 bonore
340 1461 462 1558 dignus
487 1475 550 1535 est.
564 1461 634 1534 Sed
656 1461 712 1535 cui
738 1477 869 1536 mortua
886 1487 955 1535 una
973 1487 1039 1536 non
1064 1462 1203 1549 sulfioit,
1224 1489 1301 1536 cum

182 1575 360 1652 coerctione
385 1574 501 1675 aliqua
525 1575 632 1675 stupri
658 1575 902 1677 adulteriique,
922 1590 980 1650 aut
1001 1575 1140 1651 alter-ius
1164 1576 1297 1675 flagitii,

182 1717 260 1767 cum
281 1719 322 1766 ec
341 1691 522 1766 diuortium
546 1692 679 1779 lecerit,
708 1693 738 1767 is
761 1693 791 1767 si
817 1693 956 1767 alteram
980 1719 1118 1767 uxorem
1145 1694 1297 1781 duxerit,

177 1825 240 1883 ιιι
263 1807 358 1882 alteri
384 1808 458 1882 viro
478 1807 601 1881 mulier
625 1809 797 1909 nupserit,
825 1834 999 1883 sacrarum
1012 1809 1212 1883 Litterarum
1239 1836 1300 1884 au·

182 1925 320 2000 otnritas
345 1923 390 1997 ab
413 1924 505 1998 omni
522 1923 627 2024 ,culpe
653 1923 730 1999 illos
756 1923 923 2013 absolvit3
950 1951 1061 2025 neque
1085 1924 1128 1998 ab
1154 1923 1298 2000 eeclesia

181 2056 239 2115 aut
262 2054 399 2115 aeterna
423 2040 492 2113 vita
525 2039 654 2128 reiicit,
682 2039 743 2113 sed
777 2057 915 2140 propter
936 2038 1198 2113 imbecillitatem
1219 2040 1300 2116 tole·

182 2155 305 2231 nendos
331 2154 516 2229 existimat.
546 2155 620 2229 Non
646 2155 693 2229 ita
716 2171 827 2229 tamen
843 2211 853 2244 ,
872 2154 958 2229 duas
984 2171 1022 2229 ut
1045 2154 1152 2229 altera
1178 2181 1297 2256 super·

181 2272 258 2348 stite
281 2297 402 2345 uxores
429 2269 529 2344 simul
551 2269 694 2359 habeat,
716 2270 777 2344 sed
803 2284 841 2343 ut
870 2270 914 2343 ab
938 2297 1007 2344 una
1033 2286 1226 2371 separatus,
1254 2270 1300 2345 al·

182 2403 289 2461 teram
314 2386 379 2459 sibi
401 2385 562 2483 legitime,
584 2386 614 2460 si
632 2385 745 2473 lubet,
766 2385 940 2483 adiungat.
970 2384 1196 2473 Quamobrem
1220 2412 1301 2485 erga

176 2501 344 2576 eiusmodi
369 2502 540 2577 bominem
564 2517 632 2575 tam
648 2495 785 2577 divinus
807 2527 931 2588 sermo,
947 2528 1049 2601 quam
1073 2500 1217 2576 eeclesia
1233 2501 1296 2576 Dei

177 2616 444 2694 misericordiam
461 2615 612 2704 adhibet·
630 2617 828 2717 praesertim
850 2616 880 2691 si
897 2616 1038 2691 caeteris
1062 2616 1097 2689 in
1119 2615 1221 2691 rebus
1247 2642 1300 2689 re·

177 2731 321 2831 ligimus
345 2731 402 2806 ille
434 2732 500 2820 sit,
527 2749 561 2807 et
587 2732 630 2805 ad
656 2732 792 2806 divinae
822 2731 907 2829 legis
938 2732 1185 2831 praescriptum
1209 2731 1300 2805 uitae

184 2873 268 2921 suae
293 2847 439 2922 rationes
457 2847 699 2922 accommodet.
721 2846 819 2933 Quod
844 2847 910 2921 nisi
931 2846 978 2920 ita
994 2862 1097 2934 esset,
1113 2873 1300 2947 numquam

177 2960 293 3037 uiduis
318 2961 498 3060 Apostolus
523 2963 682 3037 dixisset:
712 2962 867 3048 Nubant,
890 2963 976 3064 {ilius
988 2977 1170 3062 procreent,
1198 2963 1300 3063 [omi-

178 3077 235 3152 lir'e
249 3078 411 3177 praeiet.
437 3077 504 3150 Sed
530 3104 639 3179 neque
664 3077 707 3152 de
730 3077 868 3153 homine
894 3076 974 3166 illo,
998 3078 1058 3180 qui
1082 3079 1188 3178 patris
1212 3102 1297 3152 uno·

178 3217 248 3268 rem
273 3191 433 3281 duxerat,
451 3189 496 3266 ob
513 3191 615 3294 idque
631 3208 767 3269 roboae
788 3194 825 3266 ιἰι
841 3194 1008 3268 interitum
1028 3195 1138 3267 ceroti
1157 3192 1298 3266 truditur
1320 3209 1321 3216 ’

176 3309 304 3408 scoot,
332 3307 380 3381 ita
404 3307 612 3408 loqueretur3
640 3306 682 3383 Ut
705 3310 844 3409 spiritur
872 3308 986 3382 solvus
1024 3309 1069 3382 eit
1091 3308 1128 3381 ιἰι
1155 3305 1208 3381 die
1232 3308 1300 3380 Ilo-

176 3425 271 3497 mini.
287 3425 404 3524 Neque
421 3423 506 3497 illud
528 3437 751 3524 usurparet...
766 3423 834 3498 Cui
843 3420 973 3522 aliquid
996 3420 1155 3506 detortis,
1172 3436 1203 3495 ct
1225 3447 1297 3521 eqo:

179 3538 341 3626 monium
360 3538 489 3638 siquid
505 3538 637 3623 donam,
662 3553 797 3638 propter
819 3565 876 3612 voe
893 3537 1015 3611 doouci
1038 3539 1074 3609 io
1098 3536 1183 3636 socie
1201 3535 1300 3610 Cbn‘·

130 3717 132 3721 ,
176 3655 238 3740 sti,
267 3681 306 3727 oc
335 3655 630 3727 circumveniamur
654 3667 824 3744 neamus,
854 3679 955 3752 oeque
985 3654 1071 3725 enim
1095 3651 1189 3725 illiue
1212 3666 1299 3725 astu·

178 3770 242 3842 tior
255 3772 457 3869 ipuoromus.
474 3767 575 3842 Vides
595 3784 633 3842 ut
650 3767 876 3867 poenitentiae
896 3766 1006 3842 locum
1024 3765 1124 3840 etiam
1142 3781 1221 3865 post
1244 3764 1299 3838 de·

177 3883 255 3958 licta
275 3885 439 3960 concedat
466 3885 563 3980 (123)
576 3882 622 3954 lu
640 3881 771 3957 Deinde
796 3882 896 3984 paulo
918 3899 995 3985 post
1015 3881 1147 3957 subdit:
1176 3879 1297 3953 «ttlud

175 3999 313 4099 quidem
339 4014 488 4076 oonstat:
510 3997 637 4072 nemini
669 3998 778 4073 fraudi
799 3991 883 4073 ⁴esse
904 3997 1158 4099 poenitentiam:
1188 4022 1298 4096 neque

173 4139 278 4214 quem
315 4130 526 4215 peecatorum
557 4117 706 4191 omnium
739 4116 903 4218 poenitet,
940 4115 1032 4190 reiici
1063 4131 1121 4190 aut
1148 4112 1292 4189 excludi.

247 4363 314 4427 (ιιι)
329 4364 376 4416 ιιι.
390 4366 473 4418 Peter.
485 4378 540 4430 esp.
552 4368 595 4418 w.
605 4379 660 4431 pan.
669 4370 719 4418 teo
728 4379 782 4432 seq.

259 4468 299 4524 ΙΙΙ
1196 4474 1231 4525 20
