3234 5084
323 376 393 450 272
473 398 536 448 ιιι.
557 397 604 448 ιιι.
620 396 709 470 anor.
729 396 859 448 rurum.
881 396 921 448 nr
946 395 1058 452 murac.
1079 397 1175 448 mun.
1191 395 1314 454 cucur.

314 542 463 616 cumque
483 514 576 588 aliud
594 515 757 612 flagitium
783 529 915 616 praeter
938 514 1140 589 adulterium
1163 514 1375 590 concessisse
1390 510 1435 589 fi«-

317 630 443 706 bellum
470 630 621 729 repudii;
645 631 743 730 quasi
766 658 887 730 nempe
903 657 944 703 ex
961 646 1071 704 mente
1094 630 1253 729 Origenis
1277 630 1433 704 Christus

315 744 518 819 solutionem
548 746 696 844 coniugii
724 746 837 846 quoad
867 745 1038 819 vinculum
1070 746 1261 846 permiserit
1285 745 1328 819 ad
1356 772 1434 819 eum

318 858 468 946 modurn,
489 886 556 960 quo
574 861 709 958 Moyses
736 857 828 931 illam
853 876 1066 960 concesserat
1081 859 1125 933 ob
1141 860 1226 933 alios
1253 859 1325 932 sive
1351 858 1436 958 phy·

318 971 409 1046 eicos
425 972 497 1046 sive
509 973 653 1047 morales
674 972 837 1047 defectus.
853 974 938 1045 Nam
955 999 1031 1046 cum
1054 973 1266 1073 praemiserit
1282 972 1434 1047 sclavini

319 1103 425 1160 morte
450 1084 623 1160 mulierem
649 1086 789 1160 liberam
815 1085 905 1158 effici
931 1086 973 1158 ad
998 1085 1084 1159 alias
1110 1086 1275 1159 ineundas
1299 1086 1434 1185 nuptias

318 1202 492 1276 adducens
521 1203 747 1277 testimonium
761 1199 931 1300 Apostoli3
952 1228 1097 1301 cumque
1119 1201 1297 1301 episcopos
1314 1200 1436 1274 dixerit

317 1315 432 1413 egisse
457 1332 572 1390 eontra
592 1315 783 1414 scripturae
806 1313 914 1412 legem
933 1339 973 1387 ex
990 1340 1031 1388 eo
1048 1314 1137 1414 quod
1157 1314 1371 1414 permiserint
1386 1315 1437 1386 vi-

319 1446 416 1505 vente
442 1430 555 1505 adhuc
579 1431 651 1505 uiro
677 1428 877 1503 mulieribus
902 1429 1030 1503 nubere
1053 1428 1147 1503 alteri
1172 1429 1263 1518 viro;
1285 1455 1362 1503 cum
1381 1428 1437 1502 de·

319 1546 424 1645 nique
448 1544 702 1642 ingeminaverit
725 1542 852 1617 Christi
878 1542 1017 1618 effatum
1036 1544 1078 1616 ub
1095 1545 1190 1616 initio
1207 1571 1270 1616 non
1286 1544 1352 1643 suit
1367 1545 1434 1628 sic,

320 1661 393 1734 fieri
419 1659 537 1759 nequit
562 1676 601 1732 ut
625 1658 789 1758 Origenes
816 1659 1075 1759 comparaverit,
1097 1685 1157 1732 seu
1177 1659 1288 1759 potius
1313 1683 1439 1757 aequa·

320 1774 405 1849 verit
420 1772 611 1846 facultatem
624 1801 644 1847 a
658 1772 794 1846 Christo
807 1772 920 1845 datam
933 1771 1125 1846 dimittendi
1144 1799 1279 1845 uxorem
1292 1771 1327 1843 in
1339 1797 1440 1844 curuo

322 1889 548 1992 fornicatiouis
573 1915 649 1961 cum
670 1887 826 1962 facultate
846 1914 1007 1963 concessa
1025 1914 1045 1960 a
1062 1888 1177 1987 hfoy-se
1193 1886 1237 1960 ob
1254 1885 1440 1987 foeditatem

321 2005 532 2080 dissolvendi
566 2004 758 2101 coniugium
783 2002 896 2103 quoad
919 2000 1103 2076 uinculum.
1134 2002 1248 2076 Restat
1277 2000 1380 2099 igitur
1402 2016 1440 2074 ut

322 2120 567 2221 comparaverit
593 2136 722 2193 tantum
748 2119 861 2220 quoad
888 2118 1141 2206 dimissionem,
1172 2144 1233 2191 seu
1258 2116 1439 2190 divortium

323 2263 344 2311 a
369 2253 441 2311 toro
466 2253 499 2310 et
524 2236 796 2322 cohabitatione,
826 2234 978 2334 alioquin
1009 2234 1075 2307 sibi
1101 2233 1193 2307 haud
1218 2232 1434 2307 constitisset.

323 2351 410 2425 lliuc
435 2351 589 2425 dicamus
615 2376 755 2424 necesse
780 2367 832 2424 est
851 2347 1031 2446 Origenem
1057 2347 1322 2448 parallelismum
1346 2346 1438 2420 haud

324 2464 513 2540 instituisse
530 2465 620 2538 circa
637 2466 768 2563 effectus
781 2464 917 2536 diuortii
933 2463 1085 2536 concessi
1099 2490 1119 2536 a
1132 2463 1246 2563 Moyse
1263 2477 1296 2536 et
1312 2488 1332 2535 a
1346 2460 1439 2534 Chri·

324 2594 397 2666 sto,
426 2578 486 2652 sed
512 2577 622 2653 solum
647 2578 734 2652 inter
757 2603 873 2651 ccuscs
892 2576 1046 2661 divortii,
1068 2603 1157 2677 quae
1178 2576 1290 2675 plures
1312 2574 1438 2650 consti-

324 2710 415 2769 tutae
439 2721 460 2768 ι
478 2695 592 2794 hloyse
612 2694 763 2780 fuerant,
784 2693 882 2764 unica
902 2718 981 2765 vero
1007 2719 1028 2766 a
1049 2692 1184 2765 Christo
1200 2690 1354 2768 Domino.
1384 2689 1439 2765 Sic

324 2809 439 2882 omnia
462 2822 707 2907 componuntur
735 2832 775 2879 ae
800 2806 926 2906 optime
950 2805 1144 2879 cohaerent.

397 2923 506 3023 Atque
534 2922 596 2996 bac
625 2924 754 2996 ratione
783 2922 850 2995 iam
884 2920 1030 2995 solutum
1060 2921 1186 3021 pariter
1215 2936 1267 2993 est
1296 2917 1438 2993 dubium

327 3039 488 3138 primum,
509 3064 578 3138 quo
603 3064 727 3138 anceps
754 3037 862 3111 factus
879 3054 929 3111 est
945 3035 1168 3136 Tournelyus.

362 3197 366 3205 ·
399 3153 451 3226 hd
477 3153 617 3226 alterum
630 3175 711 3225 tero
729 3152 870 3225 dubium
890 3153 1029 3251 petitum
1047 3178 1088 3225 ex
1105 3178 1145 3224 eo
1162 3150 1252 3251 quod
1274 3148 1439 3246 Origenes

326 3269 510 3369 ancipitem
536 3295 574 3341 se
600 3267 791 3366 praebuerit
816 3267 928 3368 quoad
954 3266 1040 3341 alias
1066 3292 1188 3340 causae
1214 3263 1358 3338 faciendi
1388 3261 1443 3334 di-

326 3385 490 3474 vortium,
507 3383 696 3458 cuiusmodi
711 3399 789 3457 sunt
802 3383 1002 3457 veneficium
1017 3382 1151 3482 aliaque
1164 3380 1313 3479 flagitia,
1330 3377 1438 3479 quod,

326 3501 443 3589 aiunt,
471 3500 581 3574 locum
607 3499 733 3574 babere
758 3525 825 3573 non
851 3515 985 3599 posset,
1014 3498 1044 3571 si
1072 3498 1146 3597 ipse
1170 3495 1213 3570 de
1231 3493 1303 3570 sola
1324 3494 1443 3568 dimis-

327 3616 424 3690 sione
449 3615 561 3715 quoad
586 3630 694 3690 torum
719 3630 752 3688 et
777 3613 1018 3687 habitationem
1050 3611 1182 3685 locutus
1213 3609 1359 3696 fuisset,
1390 3632 1443 3680 re·

328 3730 478 3832 spondeo
503 3729 623 3803 exinde
648 3729 756 3827 magis
783 3727 934 3827 patefieri
954 3725 1134 3825 Origenem
1161 3751 1228 3798 nou
1247 3723 1444 3822 assignasse

328 3844 580 3919 fornicationem
607 3843 678 3917 sive
703 3842 904 3917 adulterium
931 3841 979 3914 uti
1007 3867 1143 3914 causam
1170 3838 1347 3914 solutionis
1368 3837 1444 3910 vin·

328 3960 396 4035 culi
415 3958 616 4057 coniugalis.
638 3959 834 4059 Siquidem,
856 3960 885 4031 si
903 3958 948 4030 ita
967 3957 1131 4031 sensisset
1148 3954 1325 4053 Origenes,
1347 3949 1445 4026 facile

330 4076 397 4176 ipsi
423 4074 542 4149 fuisset
558 4075 641 4162 ,sine
665 4074 734 4148 ulla
759 4073 967 4147 dubitatione
992 4072 1027 4144 in
1052 4070 1188 4145 casibus
1207 4069 1272 4143 sibi
1291 4066 1445 4169 proposi·

330 4190 373 4263 tie
399 4188 524 4262 licitam
549 4189 726 4263 ostendere
751 4187 984 4261 dimissionem
1010 4212 1049 4260 ao
1068 4184 1314 4285 separationem
1332 4179 1444 4282 quood

329 4302 518 4392 vinculum,
549 4303 717 4403 simulque
742 4318 859 4378 notare
887 4303 1069 4376 discrimen
1101 4299 1191 4401 quod
1225 4289 1468 4397 interponituri
