3234 5084
337 390 403 461 tbi
478 413 539 461 nra.
551 411 599 461 m.
616 410 701 460 secr.
719 410 848 459 ruram.
865 410 905 460 ns
922 410 1034 460 mnes.
1050 411 1146 461 narn.
1163 410 1289 462 camsi.

336 532 386 604 dit
409 529 551 603 ecclesia
573 553 710 601 romena
730 528 774 600 sit
793 529 894 602 etiam
916 528 1078 602 articulus
1103 528 1146 604 de
1171 528 1325 603 absolute
1341 530 1450 604 indis-

336 644 541 720 solubilitate
561 644 762 717 matrimonii
788 643 963 717 christiani
989 644 1090 717 etiam
1110 644 1145 717 in
1169 671 1251 719 casu
1269 644 1444 732 adulterii,

327 786 397 833 -nec
422 787 498 833 eum
519 761 673 858 ignorare
693 776 782 833 certe
800 777 937 859 possent
953 760 1063 858 graeci
1090 759 1140 832 illi
1157 760 1216 860 qui
1234 760 1449 837 aeecclesiae

335 874 519 949 catholicae
543 875 742 959 univerunt,
775 872 874 974 plane
899 875 1115 972 consequitur
1138 873 1230 947 band
1255 874 1367 949 datam
1396 877 1448 951 eis

336 1016 412 1063 esse
436 988 626 1062 libertatem
639 987 787 1062 sectandi
807 987 871 1061 hoc
890 989 923 1060 in
942 989 1083 1063 articulo
1099 989 1276 1088 antiquum
1294 989 1375 1064 illud
1393 993 1448 1066 ius

334 1105 545 1178 canonicum.

407 1220 503 1306 Quod
529 1220 558 1292 si
585 1238 661 1318 post
682 1220 838 1293 unionem
859 1218 971 1293 adhuc
995 1219 1133 1305 inolitus
1152 1218 1209 1294 bic
1226 1219 1355 1293 abusus
1372 1246 1448 1319 per-

334 1336 498 1409 serenavit
519 1334 725 1408 dissolvendi
753 1352 887 1434 propter
910 1334 1111 1408 adulterium
1138 1361 1178 1410 ac
1203 1335 1364 1436 perfidam
1388 1337 1448 1409 de-

333 1451 511 1524 sertionem
528 1450 739 1543 coniugium,
762 1450 796 1520 id
820 1449 943 1523 lactum
960 1466 1012 1524 est
1028 1468 1143 1525 contra
1159 1450 1323 1525 ecclesiae
1340 1477 1447 1525 roma-

333 1592 396 1638 nae
413 1581 570 1638 mentem.
587 1565 818 1638 Verumtamen
832 1564 1077 1667 qninquaginta
1090 1565 1166 1666 plus
1179 1565 1293 1640 minus
1311 1564 1447 1640 abhinc

332 1682 432 1753 annis
464 1680 621 1753 firmitate
651 1705 691 1754 ac
724 1681 970 1779 perseverantia
996 1681 1285 1778 Fugerasiensium
1316 1681 1445 1755 antisti·

333 1812 402 1867 tum
428 1796 594 1869 eiusmodi
619 1795 797 1869 dissolutio
824 1797 968 1870 cessavit
992 1798 1080 1893 (24).

405 1912 506 1983 Porro
520 1912 598 2009 quis
612 1936 772 2009 nmquam
795 1910 885 1982 dicet
902 1911 1085 1985 recensitos
1103 1910 1265 1986 hactenus
1283 1913 1445 2012 practices

332 2023 460 2097 abusus
484 2023 520 2095 in
546 2050 656 2097 errore
682 2023 858 2097 doctrinali
885 2049 925 2097 ac
949 2024 1136 2122 dogmatico
1161 2024 1319 2097 fundari?
1344 2027 1446 2123 Igitur

333 2137 490 2211 resolutio
507 2138 694 2234 coniugalis
712 2137 838 2211 vinculi
859 2138 892 2209 in
910 2164 1013 2212 causa
1030 2137 1185 2211 adulterii
1198 2138 1289 2237 apud
1307 2166 1445 2237 graecos

332 2277 397 2325 non
422 2268 473 2325 est
497 2254 673 2353 repetenda
698 2281 737 2326 ex
757 2280 868 2326 errore
887 2254 1001 2353 aliquo
1018 2254 1224 2351 dogmatico,
1245 2254 1307 2329 sed
1324 2255 1440 2330 eodem

331 2367 366 2437 in
390 2390 494 2439 censu
520 2367 674 2440 habenda
699 2385 751 2440 est
775 2393 815 2440 ac
840 2368 1039 2455 dissolutio,
1068 2396 1156 2469 qnae
1181 2397 1283 2470 penes
1307 2371 1442 2445 eosdem

331 2481 473 2555 invaluit
492 2498 625 2582 propter
643 2482 728 2555 alias
746 2509 869 2556 causas
888 2485 1064 2559 manileste
1079 2511 1100 2557 a
1118 2486 1225 2560 sacris
1246 2487 1385 2572 litteris,
1405 2513 1445 2560 ac

331 2596 508 2671 traditione
525 2597 709 2697 apostolica
726 2598 953 2698 proscriptae,
970 2621 1129 2699 quaeque
1142 2626 1208 2674 non
1226 2600 1327 2674 aliam
1346 2601 1446 2676 habet

328 2714 491 2809 originem
516 2739 618 2813 quam
649 2715 739 2811 leges
765 2714 959 2812 imperiales
988 2731 1058 2787 turn
1087 2716 1194 2788 saeris
1226 2716 1345 2791 litteris
1374 2733 1444 2791 tum

329 2828 533 2925 apostolieae
552 2828 721 2901 traditioni
747 2827 812 2901 hac
838 2830 871 2901 in
899 2857 934 2902 re
954 2830 1168 2905 adversantes
1185 2831 1229 2904 ab
1247 2832 1378 2929 ignavis
1394 2859 1446 2906 ec-

328 2940 451 3014 clesiae
464 2942 646 3039 photianae
659 2943 873 3041 praesulibus
889 2945 937 3017 uti
950 2944 1041 3043 leges
1058 2948 1237 3021 canonicas
1252 2948 1440 3047 adoptatas.

402 3057 461 3156 ΙΙΙ.
492 3058 681 3155 Numquam
707 3057 856 3147 destitit,
885 3060 1017 3159 quoties
1043 3087 1118 3134 sese
1142 3061 1261 3135 obtulit
1291 3063 1438 3147 occasio,

328 3169 513 3269 apostolica
532 3171 630 3245 sedes
653 3171 695 3245 ab
730 3174 896 3248 eiusmodi
919 3174 1082 3251 abusibus
1107 3176 1349 3277 improbandis.
1375 3179 1442 3250 lam

327 3287 501 3361 retulimus
519 3288 688 3387 quomodo
701 3315 738 3362 se
753 3293 897 3386 gesserit
915 3291 1085 3389 [ingenius
1099 3293 1151 3364 lv.
1174 3293 1208 3363 in
1225 3291 1367 3367 concilio
1383 3293 1443 3366 llo-

327 3404 476 3490 reatino,
497 3404 555 3504 qui
575 3420 747 3504 praeterea
774 3406 807 3477 in
834 3434 896 3480 suo
921 3406 1054 3481 decreto
1079 3434 1140 3507 pro
1158 3408 1302 3481 armenis
1319 3407 1441 3481 doctri-

326 3545 404 3590 nam
430 3518 473 3591 de
497 3519 793 3594 indissolubilitate
813 3521 1016 3596 matrimonii
1039 3521 1094 3596 his
1120 3523 1231 3598 verbis
1248 3522 1442 3621 complexus

325 3650 399 3706 est:
433 3663 450 3702 «
466 3633 665 3732 designatur
690 3650 800 3708 autem
828 3635 946 3736 triplex
971 3636 1095 3711 bonum
1121 3638 1335 3713 matrimonii.
1374 3639 1441 3711 Pri·

326 3774 417 3819 mum
444 3762 496 3821 est
520 3748 630 3848 proles
659 3750 877 3849 suscipienda
901 3769 934 3825 et
958 3752 1132 3826 educanda
1156 3752 1199 3826 ad
1223 3754 1347 3827 cultum
1365 3755 1437 3828 Dei.

326 3861 514 3934 Secundum
542 3878 594 3936 est
619 3863 725 3951 lidos,
755 3890 856 3965 quam
882 3892 971 3940 unns
996 3868 1174 3967 coniugum
1196 3867 1289 3943 alteri
1309 3894 1442 3943 seruere

404 4043 454 4103 (rt)
471 4042 565 4091 Pmmns
576 4044 618 4105 qrri
635 4042 706 4106 ingr.
719 4045 840 4095 catholica
854 4047 1060 4099 'l’rensilrenieusl
1071 4048 1173 4098 seclude
1187 4046 1372 4098 dissolutionem
1389 4061 1440 4098 ma·

326 4120 434 4169 trimonii
450 4122 706 4185 propterednlterium
725 4127 750 4175 et
761 4125 878 4189 perfidam
898 4126 1059 4178 desertionem
1077 4127 1202 4178 sustulerit
1212 4127 1260 4178 mit
1274 4126 1441 4190 legerasiensis

326 4199 455 4261 episcopus
472 4203 574 4252 loannes
588 4203 672 4265 bamb,
685 4206 775 4256 trustra
788 4204 954 4257 obnitentibus
969 4207 1034 4257 clero
1051 4208 1204 4272 populoque,
1219 4208 1254 4259 uti
1269 4209 1372 4259 testatur
1385 4207 1438 4258 Ale·

325 4277 417 4328 eander
436 4280 522 4329 steria
542 4281 630 4331 Sulncz
649 4284 752 4333 actrraiis
761 4284 904 4348 archiepisc.
922 4289 947 4335 et
957 4287 1111 4350 metropolite
1128 4287 1325 4340 Albaeluiieusis
1345 4288 1438 4339 inscri-

324 4357 372 4421 ptis
391 4357 456 4407 dstis
477 4359 550 4409 Blasii
570 4361 593 4409 in
615 4363 785 4413 Transilvaaia
805 4364 846 4415 die
867 4372 905 4418 ³⁰.
919 4366 1044 4417 novembr.
1060 4375 1127 4420 toto.
