3234 5084
323 392 394 464 aiu
465 413 527 466 ιιι.
548 413 596 465 ιι.
617 412 704 465 anor.
724 412 855 466 ιιιιιι.
877 414 918 465 ιι
931 413 1047 469 ruore.
1062 410 1160 466 uara.
1177 412 1303 466 cnusr.

322 533 503 607 licentiam
527 532 639 607 adhuc
658 531 908 633 amplificarunt
923 535 988 608 Lao
1005 534 1143 634 sapiens
1168 560 1209 608 ac
1227 533 1442 632 Nicephorus

322 649 514 723 Botammes
526 649 666 747 Augusti
679 675 891 747 graecorum,
908 676 995 751 quos
1008 667 1183 751 propterea
1195 651 1242 725 ita
1255 652 1373 725 merito
1387 678 1444 725 ar-

323 765 396 863 guit
412 792 600 865 anonymus
616 782 732 840 auctor
749 783 926 855 tractatus,
946 768 1005 868 qui
1024 766 1312 868 Constantinopoli
1331 793 1444 867 reper-

324 896 378 953 tus
399 898 468 954 est:
493 882 620 969 «Quod
642 883 706 956 viri
723 899 756 956 et
774 883 932 957 mulieres
949 900 1194 959 sacramentum
1212 882 1359 981 coniugii
1379 911 1444 984 pro

324 994 432 1070 nihilo
460 1013 624 1096 reputent.
653 1000 737 1071 Nam
767 1000 899 1099 quoties
928 999 1012 1073 alter
1035 998 1216 1098 displicet,
1241 999 1294 1074 rel
1320 1000 1438 1087 alteri,

323 1137 436 1185 coram
460 1130 614 1213 praetore
631 1114 762 1189 urbano
785 1115 1013 1190 voluntatibus
1037 1142 1152 1190 eorum
1177 1116 1362 1215 expositis,
1388 1116 1443 1187 in-

324 1230 520 1304 strumentis
544 1247 579 1304 et
602 1230 745 1327 singulis
770 1232 953 1331 praecisis,
983 1232 1058 1304 sine
1088 1230 1352 1305 contradictione
1376 1232 1442 1306 riri

325 1370 466 1433 uxores,
504 1362 537 1419 et
567 1345 725 1420 mulieres
757 1348 848 1422 viros
874 1374 936 1446 pro
967 1345 1076 1420 lubitu
1108 1348 1298 1446 accipiunt,
1327 1367 1444 1425 contra

325 1460 521 1536 mandatum
544 1462 635 1562 quod
660 1462 761 1536 dicit:
791 1462 886 1549 Quod
913 1464 1001 1535 Deus
1027 1465 1222 1548 coniunxit,
1262 1464 1352 1536 docto
1376 1490 1444 1535 ooo

325 1593 453 1676 separo
471 1581 585 1674 (15).»
605 1578 736 1653 Exinde
751 1595 845 1654 ortae
860 1579 1017 1680 querelae
1032 1578 1076 1653 de
1101 1578 1260 1653 facilitate
1283 1579 1444 1679 repudio-

326 1719 401 1766 rum
426 1693 516 1794 apud
542 1721 693 1792 graecos.

400 1809 571 1896 Quamdiu
587 1812 622 1884 in
647 1811 791 1886 ecclesia
815 1839 935 1909 graeca
952 1813 1100 1888 severior
1115 1812 1299 1911 disciplina
1316 1814 1440 1911 viguit,

326 1929 384 2001 vix
406 1927 477 2001 ulla
501 1926 620 2001 harum
643 1928 754 2026 legum
780 1930 865 2003 ratio
897 1929 1014 2003 hahita
1042 1946 1113 2017 est;
1133 1917 1298 2030 'quinimo
1327 1945 1442 2029 patres

327 2042 461 2142 legibus
484 2043 640 2118 civilibus
666 2043 756 2142 leges
781 2043 906 2119 Christi
932 2061 1171 2146 opposuerunt.
1210 2047 1441 2120 Verumtamen

288 2202 296 2216 “
405 2216 428 2260 a.
448 2209 476 2260 st
487 2222 542 2261 eam
561 2209 714 2261 adulterum
733 2224 786 2262 csse
797 2214 895 2263 accuset
907 2214 933 2262 et
943 2211 1156 2275 prohereposstt.

408 2296 432 2341 ι.
444 2290 472 2341 Si
491 2304 521 2342 aa
541 2293 606 2342 ritae
626 2291 708 2342 mariti
726 2292 844 2344 insidiata
864 2293 910 2356 ait,
922 2294 967 2343 aut
986 2291 1131 2343 insidiarum
1150 2292 1183 2344 ab
1203 2293 1259 2344 aliia
1276 2293 1374 2345 ιιιιιίι
1394 2308 1444 2346 ma·

331 2370 379 2422 rito
396 2383 446 2422 non
466 2373 617 2423 meaverit.

406 2453 430 2501 t.
447 2450 474 2501 si
491 2464 549 2502 cum
569 2453 691 2503 extraneis
710 2453 808 2504 nolente
828 2455 917 2503 manto
936 2454 1081 2505 convivetur
1100 2455 1144 2503 aut
1161 2453 1265 2504 iavetm.

407 2538 431 2582 5.
448 2532 474 2583 Si
493 2532 591 2584 nolente
611 2533 701 2585 marito
718 2536 744 2585 et
763 2536 833 2585 extra
851 2533 954 2584 domam
972 2534 1104 2597 manserit,
1119 2532 1166 2585 nisi
1179 2533 1241 2585 iorte
1253 2534 1321 2598 apud
1332 2536 1443 2600 propi-ios

331 2613 452 2675 parentes.
962 2654 967 2667 .

407 2699 431 2742 o.
448 2693 474 2743 si
500 2694 597 2744 nolente
622 2698 665 2745 aut
692 2695 819 2757 ignorante
837 2694 926 2743 marito
952 2696 977 2744 et
994 2693 1143 2744 circensibus
1167 2694 1249 2757 ludia,
1270 2694 1373 2745 thaahis
1400 2698 1444 2745 aut

332 2770 520 2835 amphitheatris
538 2773 675 2823 interfuerit
693 2773 725 2823 ad
743 2771 912 2837 spectandum.

408 2853 456 2901 Pro
475 2865 560 2903 uxore.
576 2855 683 2903 Uxorem
702 2856 785 2903 autem
805 2853 895 2903 marito
913 2852 1042 2916 repudium
1055 2852 1151 2903 mittem
1163 2866 1247 2917 puae:
1264 2862 1285 2904 ι.
1298 2853 1324 2903 si
1337 2853 1442 2904 maritus

330 2933 418 2982 conus
437 2932 566 2996 imperium
584 2934 720 2997 conspiret,
741 2937 785 2983 aut
804 2932 994 2998 conspirationis
1011 2934 1116 2984 aliorum
1134 2933 1248 2985 conscius
1268 2933 1371 2998 imperio
1391 2947 1441 2985 nou

333 3010 434 3062 revelet

409 3098 433 3143 t.
449 3091 475 3142 Si
494 3091 560 3142 vitae
579 3093 664 3144 uxoris
682 3095 726 3144 aut
746 3093 798 3157 ipse
812 3093 942 3146 insidiatus
963 3094 1011 3155 tlt,
1032 3094 1076 3143 ant
1090 3092 1238 3145 insidiarum
1258 3092 1290 3143 ab
1308 3092 1366 3144 aiih
1384 3105 1442 3144 eou-

331 3170 398 3222 tcius
416 3184 466 3222 non
487 3173 578 3223 revelet
596 3174 682 3236 uxori,
693 3187 773 3239 neque
790 3175 888 3227 studeat
908 3175 1044 3227 secundnm
1065 3175 1143 3239 legem
1162 3174 1258 3225 ulcisci.

409 3260 432 3304 t,
450 3253 477 3304 Si
494 3254 578 3304 uxoris
595 3255 701 3306 castitati
719 3255 849 3307 insidiatus
868 3257 913 3319 ait,
931 3268 1035 3320 eamque
1054 3255 1111 3307 aliis
1132 3253 1325 3320 prostituendam
1345 3254 1442 3305 tradere

335 3332 473 3385 tentaverit

411 3419 435 3467 t.
451 3415 477 3466 si
495 3428 549 3467 earu
568 3416 600 3466 de
617 3416 739 3468 adulterio
757 3417 797 3467 rh
815 3416 984 3479 assumserit,
998 3415 1101 3480 probare
1120 3417 1201 3466 autem
1220 3428 1269 3466 non
1288 3414 1405 3479 potuerit.

411 3504 435 3549 a.
451 3496 518 3548 Sila
542 3498 583 3548 vei
602 3499 627 3548 in
645 3499 719 3549 domo
735 3511 780 3549 sua
799 3497 839 3547 vel
857 3501 1000 3549 ethaeum
1015 3495 1064 3546 aila
1083 3496 1185 3547 muliare
1205 3494 1345 3559 cohabitet,
1370 3498 1443 3559 atque

333 3576 475 3629 admonitus
490 3592 540 3629 non
558 3577 667 3629 doeisut.
1102 3622 1104 3627 .

408 3659 512 3721 Reliqua
520 3659 621 3710 interius
628 3659 749 3710 dabimus.
762 3660 808 3709 Hic
818 3672 891 3723 porro
900 3657 1037 3710 Matthaeus
1045 3657 1161 3708 Biastaris
1170 3655 1320 3717 nonachus,
1328 3654 1371 3719 qui
1379 3656 1444 3705 circa

334 3754 375 3791 au.
391 3748 459 3793 1³³5.
471 3741 556 3791 lloruit
564 3741 589 3791 iu
598 3741 641 3792 cit.
649 3754 690 3804 op.
703 3753 753 3791 uon
764 3752 870 3790 ιιιιιιι
883 3738 957 3789 modo
966 3774 974 3798 ,
984 3737 1028 3788 sed
1040 3740 1066 3788 et
1075 3737 1140 3800 leges
1150 3736 1232 3787 retulit
1245 3748 1301 3785 oum
1311 3733 1445 3785 canonibus

333 3822 437 3873 collatas
456 3820 599 3881 iuahniani,
617 3819 705 3870 Leonis
718 3820 852 3882 Sapientis,
862 3817 1015 3869 cumtantini
1024 3817 1281 3881 porphyrogeanetae,
1295 3815 1449 3877 aliorumque

334 3904 518 3967 imperatorum.
535 3903 666 3964 hocopus
687 3913 702 3950 e
720 3899 817 3950 duobus
836 3898 963 3950 codicibus
982 3897 1114 3949 Bodleiano
1132 3900 1158 3948 et
1173 3896 1293 3947 vossiano
1313 3906 1398 3957 praere
1415 3905 1445 3943 ιι

335 3983 411 4034 latina
424 3983 449 4032 to
459 3983 539 4032 iuram
554 3981 657 4044 protulit
678 3980 822 4042 Beveregius
831 3980 858 4030 iu
876 3978 1003 4030 Pandere.
1017 3991 1110 4029 canora.
1122 3980 1183 4028 tom.
1199 3978 1230 4026 ΙΙ.
1247 3976 1341 4040 parti.
1354 3985 1409 4037 pag.
1423 3980 1444 4022 ι.

336 4064 415 4114 Multa
432 4063 486 4114 eius
502 4063 557 4113 ioca
579 4061 719 4112 emendavit
741 4060 877 4111 eutelmins
894 4059 920 4109 in
935 4062 997 4110 Not.
1016 4058 1053 4109 ud
1070 4060 1188 4109 Μοιιιι.
1207 4056 1330 4107 aarum
1347 4065 1444 4117 proce,

336 4143 379 4206 qui
394 4144 476 4194 ίιιιιι
490 4142 607 4193 admonet
624 4141 690 4192 iiaud
710 4154 788 4205 pauca
799 4140 1015 4204 adhaesupercase
1026 4138 1187 4190 emendanda.
1198 4137 1237 4188 ct.
1247 4149 1290 4200 op.
1303 4137 1328 4185 ot
1341 4135 1390 4185 too.
1400 4133 1442 4183 cit.

336 4234 392 4285 cap.
404 4222 470 4272 xlii.
488 4235 512 4285 p.
526 4226 558 4274 ic
571 4234 623 4283 seu.

411 4301 461 4364 (15)
476 4300 547 4366 apud
562 4302 652 4351 christ.
671 4302 767 4364 napum
785 4299 865 4349 schol.
880 4297 912 4349 ad
931 4312 985 4350 ean.
1011 4300 1150 4349 mxliii.
1169 4308 1239 4346 rone.
1257 4294 1368 4346 Troiiani
1381 4296 1444 4357 opp.

335 4381 376 4432 ed.
389 4384 474 4433 venet.
492 4385 560 4433 1724.
573 4383 633 4432 tom.
651 4382 693 4431 ΙΙΙ.
708 4393 762 4445 pag.
781 4387 824 4431 153
834 4394 886 4442 seq.
1239 4414 1241 4418 .
