3234 5084
316 390 385 461 tta
461 410 523 474 un.
544 411 592 463 ιιι.
613 410 701 464 seor.
722 412 1035 473 summotonus.
1050 413 1146 467 mm.
1163 412 1287 467 mur.
1342 430 1346 437 ·

310 557 390 607 esse
415 532 524 631 potuit
547 530 681 621 mulier,
710 558 798 633 quae
822 532 859 607 id
880 532 1017 609 lecisset
1038 533 1129 634 qupd
1153 533 1269 635 alege
1293 535 1432 636 permit·

312 647 461 737 rebatur,
480 648 640 750 quodque
664 664 737 722 erut
755 648 857 749 plane
877 647 1088 746 legitimum?
1105 650 1177 724 lam
1196 675 1277 727 tero
1300 665 1432 743 uonsttu

310 789 352 838 ex
376 764 451 863 lege
474 764 625 839 mosaica
646 762 821 839 mulierem
838 791 900 865 per
918 764 1071 841 libellum
1097 765 1228 866 repudii
1248 765 1430 855 dimissam

310 881 463 981 potuisse
487 881 583 955 alteri
612 882 684 956 viro
704 908 742 957 se
767 908 805 956 se
835 881 985 980 legitime
1013 881 1187 981 copulare:
1220 881 1286 957 hoc
1315 874 1431 982 aperte

309 996 458 1071 ostendit
474 998 611 1072 divinus
624 997 798 1096 legislator
814 998 896 1072 dum
909 999 976 1071 ait:
1000 997 1188 1100 «Cumque
1206 1022 1346 1096 egressu
1366 1001 1430 1094 (re-

310 1113 470 1214 pudiata)
494 1114 635 1189 alterum
664 1118 822 1189 otoritum
851 1113 1031 1191 duxerit.»
1050 1115 1105 1203 Vir
1131 1140 1211 1213 ergo
1236 1114 1321 1189 ulter
1349 1138 1429 1189 vere

308 1229 451 1303 maritus
475 1231 629 1331 adeoque
654 1230 775 1304 mulier
794 1256 874 1306 vere
903 1257 987 1306 uror
1020 1231 1152 1309 censeri
1178 1230 1291 1305 debet.
1325 1228 1428 1305 booe-

309 1342 360 1417 dit
384 1344 476 1443 quod
501 1345 670 1419 secundus
695 1346 796 1419 etiam
822 1345 965 1420 maritus
991 1368 1058 1423 non
1078 1360 1194 1445 posset
1215 1345 1289 1420 sine
1312 1343 1429 1421 libello

309 1460 441 1560 repudii
470 1460 560 1536 banc
583 1488 722 1539 uxorem
749 1462 936 1551 dimittere;
962 1484 1044 1562 ‘ergo
1071 1479 1106 1540 et
1126 1465 1163 1537 'is
1186 1484 1287 1537 verus
1316 1458 1430 1558 legiti-

307 1600 452 1676 musque
468 1577 609 1651 maritus
628 1592 662 1650 et
679 1576 738 1651 illa
757 1601 837 1655 vera
853 1603 894 1653 ao
910 1578 1062 1677 legitima
1081 1605 1167 1653 uror
1183 1576 1424 1657 comebantur.

307 1693 451 1791 Insuper
466 1693 603 1767 levitici
632 1693 719 1766 xxi.
744 1694 854 1769 Moses
884 1694 1059 1795 prohibuit
1089 1720 1132 1769 ne
1166 1693 1241 1771 sive
1275 1715 1430 1777 summus

307 1807 467 1882 sacerdos
494 1807 566 1882 sive
595 1809 697 1882 ceteri
722 1810 915 1886 sacerdotes
943 1809 1158 1885 matrimonio
1182 1835 1221 1884 se
1247 1808 1432 1903 coniunge-

307 1940 381 1999 rent
404 1950 480 1999 oum
504 1924 649 1999 dimissa
673 1926 832 2000 muliere:
857 1952 937 2025 ergo
970 1912 1092 2028 reliqui
1115 1927 1160 2002 de
1184 1924 1309 2028 populo
1335 1937 1430 2024 pote·

309 2056 386 2112 rant
414 2065 488 2113 eam
518 2037 668 2137 legitime
692 2039 817 2115 ducere
837 2044 926 2138 (81).

380 2153 431 2226 dd
450 2153 615 2254 triplicem
632 2181 712 2230 vero
729 2155 946 2257 hypothesim
959 2183 980 2231 a
991 2155 1036 2231 cl.
1053 2172 1189 2237 aucune
1205 2155 1425 2255 propositam,

306 2268 494 2368 respondeo
513 2269 730 2368 pollutionem
742 2285 776 2345 et
788 2271 1071 2347 abominationem
1085 2270 1193 2353 haudss
1203 2271 1313 2349 luisse
1330 2270 1431 2347 sitam

290 2375 365 2458 'aot
391 2384 426 2456 in
454 2386 665 2486 separatione
687 2408 708 2459 a
729 2386 839 2485 primo
860 2388 999 2476 marito,
1026 2368 1147 2469 autin
1172 2387 1386 2487 separatione
1407 2406 1431 2459 e

304 2499 473 2588 secundo,
489 2516 564 2587 aut,
592 2517 629 2573 ut
657 2517 774 2575 auctor
796 2501 986 2591 contendit,
1015 2502 1050 2575 in
1068 2520 1136 2589 eo,
1163 2500 1255 2602 quod
1280 2500 1427 2585 dimissa

305 2614 349 2688 ad
376 2615 543 2689 secundas
577 2615 714 2716 nuptias
745 2615 934 2703 transierit,
962 2615 1023 2690 sed
1051 2615 1088 2687 in
1112 2641 1152 2690 co
1175 2614 1287 2715 (quod
1311 2628 1430 2689 aucun

305 2732 458 2827 omisit),
481 2731 572 2833 quod
591 2731 712 2806 mulier
729 2730 916 2806 asecundo
932 2731 1006 2805 viro
1025 2720 1190 2819 dimissa,
1209 2729 1263 2815 tel
1279 2755 1319 2804 eo
1336 2752 1427 2815 mon·

303 2860 363 2921 tuo
387 2848 508 2921 iterum
526 2848 569 2920 ad
587 2849 733 2947 priorem
749 2847 860 2921 virum
886 2846 1021 2921 rediret.
1044 2848 1135 2933 Haeo
1151 2862 1204 2920 est
1219 2862 1340 2946 quarta
1359 2844 1426 2945 by·

304 2956 458 3061 pothesis
475 2961 651 3051 addenda,
669 2986 737 3039 non
748 2978 861 3037 autem
880 2962 915 3047 in
934 2962 999 3038 boo
1017 2962 1146 3051 reditu,
1163 2961 1281 3045 inhac
1298 2961 1428 3035 instau-

303 3077 434 3151 ratione
458 3077 605 3175 coniugii
640 3079 762 3178 prioris
788 3094 867 3178 post
891 3078 1034 3161 alterum
1057 3077 1253 3175 coniugium
1283 3075 1425 3176 pollutio

303 3207 337 3267 et
354 3191 561 3266 abominatio
578 3193 718 3291 legalis,
738 3210 772 3267 et
789 3194 819 3267 si
837 3182 968 3293 placet,
985 3194 1086 3267 etiam
1102 3180 1329 3266 moralis'tota
1345 3216 1426 3265 con·

303 3308 395 3384 sistit
422 3311 520 3405 (82),
545 3325 644 3409 prout
667 3308 769 3410 paulo
795 3309 907 3384 fusius
933 3335 1010 3385 mor
1039 3308 1257 3383 ostendemus
1282 3332 1425 3407 respon·

301 3425 414 3500 dendo
438 3424 694 3500 difficultatibus
720 3451 809 3525 quae
837 3424 882 3500 ab
907 3424 984 3501 eliis
1009 3426 1144 3501 luerunt
1167 3423 1373 3524 propositae.

375 3543 458 3615 Sunt
474 3541 566 3615 enim
590 3541 649 3641 qui
675 3556 851 3616 autumant
873 3568 934 3642 per
953 3540 1104 3615 libellum
1122 3538 1255 3641 repudii
1275 3537 1425 3613 ablatam

302 3656 440 3757 quidem
466 3656 575 3730 luisse
594 3682 734 3755 pocoom
750 3655 794 3730 ab
819 3657 864 3729 iis
889 3657 948 3757 qui
965 3656 1061 3731 illum
1077 3654 1240 3730 uxoribus
1262 3652 1422 3729 tradidis-

302 3789 398 3862 sent,
426 3799 495 3847 noo
521 3788 633 3847 autem
659 3774 808 3872 culpam,
836 3772 921 3847 adeo
944 3789 982 3847 ut
1014 3785 1190 3872 peccarent
1210 3796 1323 3845 coram
1351 3768 1422 3844 Deo

301 3890 360 3990 qui
388 3890 437 3963 ita
458 3914 497 3962 se
517 3904 688 3986 gererent,
709 3889 788 3963 licet
817 3889 944 3962 nullam
975 3912 1118 3991 menam
1143 3886 1283 3984 legalem
1308 3885 1423 3957 incur·

302 4022 423 4080 rorent.
449 4004 556 4104 ldque
572 4004 735 4104 colligunt
758 4033 799 4080 ex
824 4004 951 4081 Cbristi
975 4003 1089 4079 uerbis
1109 4033 1127 4073 a
1146 4002 1282 4102 Moyses
1299 3998 1344 4075 ud
1361 3997 1423 4074 du·

372 4226 424 4290 (st)
434 4226 473 4278 ct.
485 4229 576 4292 matu,
589 4231 633 4281 Det
643 4228 749 4281 dtoom
759 4227 829 4281 dom
845 4227 874 4280 to
884 4232 1045 4295 tyronem.
1056 4230 1135 4280 Rome
1148 4227 1217 4277 toto.
1228 4221 1353 4275 ertum
1367 4232 1423 4287 epo

301 4320 351 4372 qm
361 4307 646 4453 bii'di'dinidsum
662 4391 687 4442 n
703 4390 756 4444 nn.
766 4389 971 4456 mumius
981 4388 1108 4444 mann
1124 4387 1151 4440 n
1165 4398 1221 4453 αφ.
1233 4383 1380 4439 narone
