3234 5084
376 471 446 523 cnr.
461 472 495 523 ι.
511 473 552 523 ιιι
565 471 674 525 satur.
691 473 821 525 ruennr.
835 473 930 525 utrn.
943 475 1014 525 ιιι.
1030 475 1065 525 ιι.
1213 456 1281 528 lit

173 590 283 667 cunda
299 606 333 664 et
349 589 448 663 tertia
469 589 543 664 vice
568 588 811 689 decipiantur?
826 590 878 664 En
895 616 963 690 quo
985 590 1111 664 ducant
1135 591 1284 668 theoriae

171 706 216 781 ab
240 704 438 780 bominibus
465 731 526 779 seu
552 704 596 779 ab
620 704 724 779 huius
749 705 855 780 seculi
886 706 1096 805 sapientibus
1122 709 1286 807 excogita-

172 834 243 907 tae,
264 834 302 894 ut
324 818 402 894 illas
424 834 596 920 opponant
616 817 780 894 ecclcsiae
800 819 986 894 catholicae
1011 819 1182 897 doctrinae
1207 848 1285 897 san·

170 934 303 1035 ctisque
330 933 520 1036 principiis.

244 1049 363 1148 ltaque
379 1046 471 1120 nulla
488 1044 555 1121 alia
570 1046 627 1120 via
643 1047 812 1147 suppetit,
832 1073 935 1147 quam
946 1065 1016 1124 uta
1029 1050 1285 1149 tenerisnngni·

170 1162 258 1238 culis
281 1163 460 1262 utriusque
477 1188 579 1235 sexus
598 1160 870 1237 adolescentibus
891 1164 1127 1239 sanctissimae
1150 1165 1284 1265 religio-

172 1278 228 1352 nis
248 1277 405 1376 dogmata
429 1303 470 1352 ac
493 1275 714 1351 saluberrima
738 1296 918 1379 praccepta
943 1279 1163 1367 instillentur,
1183 1296 1283 1381 atque

173 1394 208 1465 in
232 1418 347 1468 eorum
365 1392 524 1467 cordibus
541 1391 607 1467 alte
624 1391 825 1490 defigantur.
846 1394 1020 1495 Siquidem
1037 1395 1067 1469 si
1086 1395 1141 1469 his
1158 1420 1196 1470 se
1211 1421 1284 1470 mo·

172 1507 301 1607 rigeros
326 1506 559 1607 praebuerint,
580 1508 672 1581 Deus
689 1507 763 1608 ipse
780 1508 990 1608 providentia
1007 1536 1071 1584 sua
1087 1526 1281 1597 concurret,

172 1640 210 1698 ut
228 1624 359 1699 foedera
381 1622 546 1725 nuptialia
563 1621 726 1724 optimum
745 1625 928 1700 sortiantur
945 1624 1099 1700 effectum
1117 1625 1209 1700 iuxta
1225 1625 1284 1701 illa

171 1738 298 1813 biblica
331 1736 487 1814 oracula:
513 1740 668 1813 «Beatus
693 1738 753 1840 qui
782 1740 913 1816 habitat
936 1766 1012 1816 cum
1037 1740 1177 1815 muliere
1205 1767 1285 1816 sen·

171 1871 246 1931 sata
261 1857 375 1952 (43).»
391 1854 539 1928 Mulieris
563 1853 672 1928 bonae
697 1853 816 1930 beatus
840 1856 913 1943 rir;
943 1882 1102 1931 numerus
1119 1858 1209 1932 enim
1226 1883 1284 1932 an-

170 1996 291 2046 norum
316 1968 408 2045 illius
434 1969 557 2070 duplex
578 1971 693 2066 (44).»
710 1971 792 2044 Pars
817 1970 931 2059 bona,
963 1970 1085 2046 mulier
1107 1972 1220 2061 bona,
1247 1973 1283 2050 ia

171 2098 268 2186 parte
284 2084 472 2159 timentium
487 2084 595 2158 Deum
612 2082 748 2157 dabitur
764 2083 838 2159 viro
856 2110 918 2184 pro
936 2082 1034 2160 lactis
1050 2084 1149 2159 bonis
1166 2087 1280 2181 (lb);»

171 2198 309 2300 aliaque
331 2197 516 2286 eiusmodi,
545 2197 670 2298 quihus
694 2198 887 2298 Scripturas
911 2214 1047 2273 sanctae
1070 2198 1254 2274 abundant.

242 2313 340 2401 Quod
353 2313 384 2389 si
397 2313 568 2412 contingat
579 2313 701 2388 initum
716 2314 913 2412 coniugium
925 2329 1075 2416 optatum
1088 2340 1156 2389 non
1170 2314 1282 2389 sortiri

171 2430 315 2517 exitum,
342 2428 416 2504 sola
439 2428 556 2527 religio
584 2429 638 2503 his
663 2428 763 2502 mulis
793 2429 976 2528 pharmaca
1000 2428 1161 2504 salutaria
1185 2454 1282 2531 prae-

171 2543 287 2632 bebit,
311 2543 511 2643 facilemque
534 2542 651 2618 reddet
674 2542 977 2642 longanimitatem,
998 2543 1212 2644 patientiam,
1232 2541 1281 2616 le·

172 2659 379 2762 nitatemque
396 2660 431 2732 in
448 2659 542 2733 vitiis
563 2656 746 2732 tolerandis
770 2657 896 2758 quihus
923 2657 1079 2731 alteruter
1101 2657 1282 2755 coniugum

171 2775 320 2849 irretitus
345 2774 465 2864 fuerit,
493 2772 600 2848 donec
623 2772 667 2846 ad
691 2772 827 2847 saniora
850 2771 994 2847 consilia
1020 2772 1153 2857 mdeat,
1181 2787 1215 2847 et
1237 2770 1280 2846 ad

171 2888 346 2963 meliorem
369 2890 498 2987 frugem
520 2914 558 2963 se
582 2887 734 2989 recipiat.
756 2886 828 2961 llac
854 2887 983 2962 ratione
1008 2887 1122 2986 plures
1140 2887 1175 2961 in
1192 2888 1283 2963 eius·

172 3003 266 3077 medi
291 3019 378 3078 statu
402 3004 446 3077 ad
471 3003 680 3078 sanctitatem
698 3018 798 3104 atrpue
815 3002 859 3077 ad
877 3002 1064 3089 heroicum,
1084 3019 1122 3076 ut
1141 3018 1279 3091 uocant,

170 3118 307 3194 virtutis
336 3118 477 3216 gradum
510 3133 743 3216 pervenerunt.
772 3116 876 3192 Guius
901 3118 949 3191 rei
974 3117 1070 3191 testis
1100 3133 1152 3193 est
1181 3144 1283 3220 expe·

172 3233 295 3308 rientia
307 3232 342 3305 in
356 3232 515 3330 religione
527 3230 707 3317 catholica,
724 3231 760 3303 in
772 3258 840 3331 qua
852 3231 1022 3304 innumeri
1041 3258 1144 3331 prope
1162 3233 1284 3307 sancti·

171 3347 255 3424 tatis
276 3347 405 3447 apicem
429 3347 494 3421 hoc
520 3346 619 3421 modo
639 3346 834 3443 attigerunt.
853 3345 947 3432 Quae
964 3346 994 3419 si
1011 3346 1211 3420 admiranda
1227 3372 1284 3447 pc-

171 3464 243 3537 tius
269 3488 371 3562 quam
396 3461 559 3536 imitanda
581 3460 777 3549 videantur,
800 3475 984 3562 suppetunt
1007 3460 1108 3535 enam
1132 3459 1285 3559 vulgaria

170 3605 215 3654 ac
236 3577 508 3679 frequentissima
531 3576 682 3677 exempla
707 3576 1034 3665 reconciliationum,
1055 3576 1140 3651 adeo
1155 3592 1193 3651 ut
1208 3592 1285 3676 post

171 3711 425 3792 temporaneum
455 3691 635 3766 divortium
666 3692 701 3764 in
731 3692 871 3789 gratiam
903 3690 1086 3780 redierint,
1114 3707 1148 3765 et
1176 3693 1284 3767 amico

171 3808 309 3884 loedere
332 3810 491 3908 coniuges
511 3808 555 3883 ad
575 3824 713 3882 mortem
739 3833 849 3906 usque
872 3806 1126 3906 perseverarint.
1146 3806 1181 3878 Si
1198 3806 1282 3906 quid

171 3949 256 3999 vero
279 3924 326 3999 sit
349 3926 566 4025 patiendum,
589 3922 684 3997 dolor
702 3922 910 4019 mitigabitur
935 3949 995 4023 spe
1021 3921 1169 3998 melioris
1187 3948 1283 3996 eren·

170 4055 252 4128 tus,
279 4066 388 4139 neque
411 4040 482 4116 ulla
504 4039 689 4116 necessitas
714 4041 803 4136 cogit
828 4038 871 4112 ad
895 4037 1038 4113 divortia
1062 4038 1207 4138 perlecta
1230 4036 1281 4111 la·

250 4258 303 4318 (ιι)
316 4255 383 4306 acu.
394 4258 470 4306 xxv.
485 4264 521 4309 ιι.

250 4334 302 4407 (ιι)
318 4332 379 4383 tntu.
394 4336 480 4385 xxvt.
493 4343 515 4388 t.

247 4413 299 4477 (tt)
315 4412 378 4466 lbld.
394 4426 418 4464 v.
430 4420 453 4465 o.
