3234 5084
295 413 366 484 268
442 435 505 486 uu.
520 434 568 486 ιιι.
590 434 677 486 secr.
698 434 829 486 summ.
852 434 1018 487 nunnus.
1034 435 1131 487 auru.
1147 433 1270 487 causa.

296 551 579 651 intelligendam
621 578 684 627 neo
714 554 805 632 anim
839 570 976 653 propter
1009 552 1241 641 adulterium,
1278 551 1332 626 uel
1366 551 1416 627 si-

297 669 410 742 milem
437 668 585 769 aliquam
612 669 855 769 turpitudinem
882 669 1020 744 libellus
1050 669 1182 770 repudii
1213 667 1415 743 scribendus

296 802 370 872 est,
398 800 432 858 at
457 785 592 883 coniugi
618 785 652 858 in
679 812 800 859 manus
826 785 1032 873 tradendus;
1061 786 1120 859 sed
1147 784 1320 885 quodlibet
1349 784 1417 858 for-

298 901 387 973 sitan
413 916 606 1000 peccatum,
634 900 826 974 foeditatem
849 926 1065 1000 nuncupasse
1087 901 1256 1000 lloysem,
1277 898 1416 999 quodsi

297 1017 416 1091 avire
442 1015 688 1116 deprehensum
715 1015 778 1088 erit
804 1016 839 1088 in
864 1041 987 1103 uxore,
1016 1041 1103 1115 quae
1133 1014 1277 1112 gratiam
1303 1038 1416 1087 eoram

296 1133 369 1207 viro
391 1157 458 1204 noo
483 1131 646 1215 inveniat,
667 1128 801 1203 libellus
821 1130 952 1229 repudii
971 1129 1144 1216 scribitur,
1161 1146 1194 1202 et
1206 1154 1226 1201 e
1238 1127 1300 1202 viri
1316 1127 1416 1202 domo

298 1247 479 1332 emittitur;
505 1246 553 1317 db
579 1247 674 1317 initio
695 1260 803 1317 cutam
826 1272 890 1317 ooo
914 1248 980 1345 fuit
1002 1247 1063 1317 uic.
1081 1246 1164 1318 Tum
1189 1270 1269 1318 vere
1294 1242 1417 1317 deinde

297 1364 452 1436 Servator
476 1379 590 1435 noster
613 1360 878 1461 haudquaquam
905 1361 1065 1435 connubii
1092 1360 1245 1435 solvendi
1281 1374 1417 1459 propter

296 1475 404 1551 ullum
426 1475 518 1549 aliud
540 1475 705 1572 flagitium
731 1475 921 1549 facultatem
947 1475 1153 1563 concedens,
1181 1500 1283 1575 quam
1308 1473 1417 1547 solam

298 1592 550 1666 fornicationem
575 1591 610 1662 in
635 1617 739 1664 uxore
762 1590 1024 1692 deprehensam,
1053 1591 1103 1664 sic
1127 1589 1192 1663 ait:
1220 1590 1334 1661 Omittit
1359 1589 1420 1687 qui

298 1707 459 1782 dimiserit
482 1732 618 1779 acorem
640 1732 754 1791 wem,
782 1722 918 1805 eccepto
943 1707 1170 1806 seminationis
1195 1731 1313 1789 muso,
1335 1704 1419 1803 sctit

298 1850 370 1898 cum
392 1824 566 1897 moecliari.
587 1821 713 1908 Quaeri
739 1838 852 1895 autem
877 1837 985 1923 potest
1009 1849 1053 1895 an
1077 1847 1213 1896 uxorem
1239 1820 1419 1920 repudiare

300 1963 367 2011 non
385 1936 500 2025 liceat,
524 1936 591 2011 nisi
609 1936 644 2008 in
666 1936 832 2011 adulterio
851 1937 1064 2036 deprebensa
1089 1938 1154 2024 sit,
1177 1935 1269 2010 uerbi
1289 1935 1414 2034 gratia,

299 2069 436 2154 propter
457 2052 677 2139 veneficium,
704 2051 757 2125 vel
782 2052 875 2152 quod
903 2052 1063 2127 infantem
1089 2052 1133 2125 ab
1157 2067 1300 2153 utroque
1325 2051 1420 2149 geni-

299 2184 389 2256 tum,
404 2168 478 2242 uiro
494 2193 633 2267 peregre
650 2167 817 2267 profectu,
834 2169 1052 2256 interfecerit,
1067 2168 1120 2242 vel
1133 2168 1177 2242 ob
1190 2166 1291 2241 aliam
1304 2193 1421 2267 quam·

299 2283 382 2358 libet
411 2283 577 2357 caedem:
615 2282 698 2383 quin
727 2299 761 2356 et
790 2282 1008 2386 siladultcrii
1039 2283 1177 2384 quidem
1210 2283 1329 2356 insons
1354 2281 1420 2355 riri

300 2396 437 2471 domum
463 2396 549 2472 clam
575 2397 761 2497 diripuisse
786 2413 820 2470 et
841 2398 1010 2497 expilasse
1031 2396 1266 2472 animadversa
1285 2397 1348 2485 sit,
1370 2421 1421 2471 ro·

300 2513 429 2612 gaverit
453 2512 578 2612 aliquis
604 2539 646 2585 an
672 2514 838 2587 eiusmodi
860 2539 995 2587 uxorem
1021 2539 1061 2586 ex
1085 2538 1194 2611 aequo
1212 2528 1245 2586 et
1261 2512 1350 2587 bono
1368 2538 1422 2587 re-

300 2627 474 2728 pudiabit,
503 2643 618 2727 utpote
641 2644 774 2703 vetante
798 2629 989 2714 Seruatore,
1019 2654 1062 2701 ne
1087 2627 1164 2727 quis
1191 2643 1330 2726 excepta
1354 2626 1422 2701 for·

301 2742 481 2816 nicationis
503 2769 629 2831 causa,
650 2769 788 2817 uxorem
810 2768 906 2816 suam
929 2742 1101 2843 repudiet;
1128 2740 1308 2842 utrobique
1329 2741 1420 2816 enim

301 2854 439 2955 aliquod
466 2872 607 2957 apparet
631 2856 839 2945 absurdum,
863 2856 954 2955 quod
974 2882 1017 2929 an
1036 2882 1152 2930 reuera
1173 2855 1356 2929 absurdum
1375 2855 1422 2930 sit

301 2969 438 3067 ignoro3
463 2984 554 3043 tanta
574 2971 665 3043 enim
684 2970 754 3069 pati
774 2986 808 3043 et
830 2969 971 3045 tolerare
991 2970 1139 3068 flagitia,
1156 2997 1243 3070 quae
1256 2969 1420 3046 adulterio

302 3098 335 3156 et
359 3082 562 3157 scortatione
587 3083 703 3182 peiora
726 3083 856 3157 censeri
881 3101 1028 3184 queant,
1053 3083 1155 3183 plane
1175 3110 1196 3158 a
1217 3084 1346 3159 ratium
1369 3084 1422 3158 vi-

302 3196 438 3273 debitur
453 3224 531 3272 esse
547 3199 712 3287 alienum;
736 3226 870 3275 rursum
892 3216 1008 3275 eontra
1032 3200 1217 3275 Senatorb
1242 3216 1421 3301 praecepta

302 3340 424 3413 agere,
457 3340 556 3389 nemo
581 3316 747 3416 est‘quin
778 3316 918 3418 impium
944 3343 1021 3392 esse
1045 3318 1253 3392 confiteatur.
1270 3316 1317 3390 Ac
1341 3342 1422 3416 pro-

304 3429 387 3502 inde
411 3428 446 3500 in
472 3428 587 3502 animo
611 3456 688 3504 meo
713 3429 749 3503 id
774 3430 932 3532 disputo,
952 3457 1091 3506 curnam
1109 3458 1177 3506 non
1195 3432 1298 3506 dixit:
1319 3431 1421 3506 Nemo

302 3571 455 3631 osorem,
485 3560 620 3644 eccepto
639 3547 866 3646 fornicationis
887 3574 1004 3633 cocao,
1029 3547 1193 3648 repudiet;
1214 3564 1249 3621 at
1269 3548 1335 3623 ait:
1356 3547 1423 3634 Qui

302 3658 465 3732 dimiserit
495 3686 649 3748 morem,
678 3677 814 3761 eccepto
838 3663 1065 3763 [aniantionis
1089 3690 1210 3749 causo,
1242 3665 1326 3763 [ecit
1350 3688 1422 3736 eom

301 3774 483 3860 moecluri3
502 3775 562 3875 qui
581 3774 671 3847 enim
696 3800 835 3850 uxorem
860 3775 1016 3850 adulterii
1042 3776 1180 3850 minime
1204 3802 1296 3850 ream
1322 3800 1423 3875 repu-

303 3886 396 3976 diat,
421 3903 585 3987 quantum
611 3888 793 3977 insecat,
823 3915 941 3963 ansam
961 3889 992 3963 ei
1011 3888 1221 3963 adulterandi
1244 3888 1418 3989 praebere,

302 4001 416 4077 nullus
442 4018 496 4077 est
521 4002 581 4104 qui
608 4002 742 4078 inficias
767 4018 840 4091 eat,
867 4030 945 4076 nam
961 4005 994 4075 si
1008 4005 1134 4077 vivente
1159 4006 1229 4077 viro
1253 4003 1424 4078 vocabitur

303 4115 472 4203 adultero,
497 4121 529 4191 si
550 4118 651 4218 [namt
673 4144 746 4191 cum
768 4119 835 4192 alio
856 4120 943 4202 ciro,
964 4134 998 4191 at
1015 4118 1192 4217 repudiata
1210 4145 1253 4193 ea
1272 4118 1424 4194 occasio·

303 4258 380 4305 nem
404 4231 454 4305 illi
478 4232 537 4308 dat
562 4232 683 4307 iterum
707 4232 879 4321 nubendi,
904 4232 1017 4332 perid
1036 4232 1139 4307 efficit
1164 4259 1247 4307 sune
1269 4249 1307 4308 ut
1330 4230 1424 4307 adul·

304 4363 375 4422 tera
398 4348 464 4435 sit;
492 4364 527 4424 at
551 4375 639 4450 quae
664 4348 700 4423 in
724 4347 889 4424 venalicio
921 4374 1085 4449 oppressa
1109 4363 1181 4438 est,
1208 4346 1260 4424 val
1284 4348 1423 4425 easdem
