3234 5084
362 408 434 479 ιιι
489 430 550 481 ιιι
567 428 616 481 rn.
637 428 724 481 sacr.
745 429 877 481 utrm.
897 430 938 480 ns
962 430 1324 482 mensurnorum.

801 583 1012 641 numeneus
1025 584 1048 640 l.

412 725 455 787 Da
475 727 596 787 varltate
613 725 761 787 doculnae
779 727 940 787 cathollcae
959 728 1040 786 olrca
1059 726 1275 787 dissolutionem
1296 731 1405 788 rineull

504 823 664 902 conlegalls
684 840 735 900 per
754 825 911 884 solemnem
931 824 1079 901 rellglouls
1099 824 1309 900 professionem

755 921 874 982 alterlus
893 923 1061 1000 coniugum.

427 1111 543 1185 Serum
567 1110 624 1183 hie
646 1126 700 1185 est
715 1110 758 1185 de
782 1112 994 1186 matrimonio
1014 1137 1091 1185 uere
1106 1137 1148 1185 ac
1167 1138 1285 1211 presse
1308 1130 1459 1213 sumpto,

355 1225 509 1325 adeoque
532 1226 576 1299 de
599 1251 678 1299 uero
701 1242 735 1299 et
757 1227 896 1325 proprio
920 1242 1142 1313 sacramento,
1170 1253 1247 1300 cum
1270 1244 1388 1326 agatur
1418 1229 1463 1301 de

355 1341 569 1416 matrimonio
593 1340 679 1415 iut'er
702 1340 820 1415 fideles
844 1341 1031 1441 ¹baptizatos
1046 1341 1142 1415 inito.
1163 1342 1268 1442 quue
1289 1343 1333 1416 ad
1349 1344 1463 1417 exclu-

355 1454 502 1529 dendam
525 1453 730 1552 singularem
754 1454 935 1529 llalduuati
964 1454 1180 1542 sententiam,
1208 1455 1299 1554 quod
1332 1456 1463 1530 scilicet

356 1571 444 1644 nu'cri
468 1594 634 1659 meones,
666 1595 708 1644 an
737 1587 913 1670 propterea
941 1586 975 1644 et
1004 1596 1111 1645 canon
1142 1570 1359 1657 tridentinus,
1393 1598 1461 1645 uon

355 1682 536 1784 loquantur
560 1685 628 1758 nisi
652 1684 696 1757 de
719 1684 949 1771 matrimonio,
976 1684 1066 1783 qnod
1091 1710 1205 1757 verum
1230 1685 1363 1784 propria
1392 1711 1460 1760 nou

355 1798 420 1884 sit,
449 1824 510 1873 nec
533 1826 650 1875 verum
680 1808 937 1873 sacramentum.
959 1798 1133 1884 Quomodo
1161 1800 1252 1872 enim
1281 1800 1459 1873 concilium

356 1912 574 1991 tridentinam
599 1913 764 2012 potuisset
785 1911 956 2012 appellare
982 1915 1225 1986 mutrinoniaan
1254 1911 1338 1986 illud
1368 1914 1459 2011 quod

355 2040 463 2103 mmm
481 2038 608 2101 tautum
626 2038 701 2115 est,
716 2027 859 2101 necdum
877 2036 1156 2111 consummatum,
1166 2027 1197 2100 si
1215 2025 1298 2099 illud
1314 2052 1381 2100 non
1398 2026 1461 2100 ha·

355 2140 486 2217 buisset
509 2158 546 2216 nt
568 2168 684 2217 verum
701 2140 968 2230 matrimonium,
986 2168 1171 2241 uerumque
1197 2157 1457 2227 sacramentum,

354 2280 431 2329 cum
455 2270 645 2331 constanter
668 2255 704 2327 in
729 2270 796 2328 tota
822 2253 886 2327 hac
910 2255 1064 2329 sessione
1087 2254 1176 2329 hauc
1198 2280 1314 2328 vocem
1339 2255 1462 2352 iugiter

355 2369 391 2441 in
404 2369 542 2470 pmpria
558 2394 598 2442 ao
615 2368 764 2467 rigoroso
780 2367 1026 2465 significatione
1042 2366 1283 2467 usurpaverit?
1296 2366 1367 2441 Hoc
1379 2380 1461 2442 'vere

353 2482 518 2563 absonum
543 2500 611 2572 est,
633 2500 680 2559 ao
704 2483 734 2559 si
759 2482 863 2557 semel
888 2482 1132 2569 admitteretur,
1159 2486 1215 2555 vix
1238 2507 1304 2557 nou
1329 2498 1462 2557 nutaret

352 2599 510 2674 uniuersa
533 2599 686 2673 eiusdem
710 2598 844 2675 concilii
868 2597 1030 2671 doctriua.

426 2714 528 2789 Hisce
552 2715 749 2814 praemissis
781 2712 899 2791 memte
931 2712 1148 2787 tridentinum
1172 2712 1365 2787 definivisse
1387 2713 1460 2786 dis·

352 2827 437 2905 solvi
462 2828 657 2924 coniugium
682 2842 789 2899 ratum
815 2825 965 2901 fidelium
991 2852 1050 2925 per
1067 2826 1308 2925 professionem
1325 2825 1460 2923 religio-

352 2958 426 3015 sam
451 2957 542 3040 patet
564 2966 606 3015 ex
631 2967 733 3015 seusu
759 2940 963 3014 traditionali
992 2942 1093 3014 totius
1124 2940 1371 3014 ecclesiasticae
1398 2967 1460 3013 an—

352 3054 532 3154 tiquitatis.
562 3054 736 3155 Siquidem
761 3054 819 3129 hic
843 3081 964 3129 seusus
994 3055 1038 3128 ab
1070 3056 1323 3131 immemorabili
1352 3056 1459 3154 uiguit

351 3167 389 3243 in
410 3168 554 3245 ecclesia
578 3169 778 3257 christiana,
806 3186 844 3243 ut
871 3169 1009 3243 maioris
1038 3170 1250 3268 perfectionis
1280 3170 1459 3245 sectandae

350 3281 458 3380 gratia
485 3282 557 3356 sive
581 3282 771 3382 sponsalia,
799 3284 873 3357 sive
888 3282 1098 3357 matrimonia
1115 3298 1185 3357 rata
1205 3283 1455 3370 dirimerentur,

349 3415 389 3472 ut
406 3414 534 3497 pateret
551 3398 662 3473 aditus
679 3397 722 3470 ad
739 3398 880 3472 consilia
897 3398 1087 3495 evangelica
1104 3399 1302 3497 profitenda.
1319 3399 1456 3472 Romani

350 3514 526 3614 pontifices
552 3514 645 3588 filum
671 3513 859 3587 traditionis
885 3513 989 3587 secuti
1007 3514 1143 3588 nonnisi
1167 3515 1326 3588 rationem
1348 3513 1459 3588 deter-

349 3629 584 3716 minaverunt,
616 3644 651 3702 et
680 3628 910 3714 conditiones,
943 3654 1011 3728 quo
1044 3629 1106 3702 rite
1130 3628 1166 3701 id
1196 3629 1308 3716 fieret,
1343 3644 1459 3728 utpote

348 3743 497 3843 supremi
524 3742 558 3814 in
583 3741 726 3816 ecclesia
752 3742 993 3816 moderatores.
1014 3743 1099 3816 Fieri
1128 3743 1219 3817 enim
1249 3759 1393 3842 poterat,
1421 3760 1460 3815 ut

349 3854 476 3933 ιὼιιειιε
501 3854 717 3954 obreperent‚
746 3856 776 3929 si
806 3882 860 3930 res
890 3857 1094 3956 privatorum
1123 3856 1260 3933 arbitrio
1290 3857 1459 3957 relinque-

349 3987 451 4047 retur.
473 3970 626 4045 Cemmm
651 3972 723 4047 suis
749 3972 981 4051 sanctionibus
997 3971 1083 4045 nihil
1101 3972 1177 4045 novi
1199 3972 1322 4046 summi
1346 3973 1459 4071 ponti·

348 4085 430 4161 lices
454 4085 649 4161 intulerunt.

419 4199 516 4274 Hunc
540 4224 772 4276 Veronensum
792 4199 1038 4275 traditionalem
1055 4201 1206 4299 viguisse
1222 4201 1265 4274 ab
1291 4201 1456 4301 antiquis-

349 4312 437 4392 sima
460 4332 583 4405 aetate,
615 4314 713 4391 facile
737 4315 1023 4415 deprehendimus
1048 4344 1087 4391 ex
1117 4318 1177 4390 tot'
1193 4316 1355 4414 exemplis
1386 4315 1455 4388 illis
