3234 5084
294 378 363 449 298
439 399 500 451 urs.
512 398 560 450 ru.
577 396 663 449 sacr.
681 396 813 448 aarum.
829 397 870 447 nu
887 396 1000 448 mures.
1017 395 1111 446 asra.
1129 395 1252 447 euusr.

293 517 421 591 seimus
447 517 482 586 1.
503 514 546 590 ab
570 538 610 588 eo
636 512 818 613 improbari
846 513 937 611 leges
957 512 1091 599 civiles,
1116 538 1204 612 quae
1225 512 1406 587 divortium

293 631 376 704 viris
391 627 630 726 indulgebant3
650 631 683 699 2.
701 654 778 701 eum
806 627 974 702 affirmare
991 628 1127 728 quidem
1142 628 1232 701 licite
1244 654 1345 726 posse
1361 630 1410 703 vi·

295 770 351 818 res
375 744 411 814 in
434 769 539 820 causa
556 741 714 816 adulterii
734 768 855 816 uxores
878 768 959 815 suas
978 743 1116 828 eiicere,
1134 768 1196 815 seu
1212 769 1249 815 se
1274 742 1318 816 ab
1339 743 1409 816 illis

294 881 471 956 separare,
504 855 564 930 sed
592 882 701 956 neque
735 856 792 929 hic
830 881 941 955 neque
969 855 1049 929 alibi
1077 882 1236 956 umquam
1264 857 1410 931 adiicere

296 998 409 1074 posse,
425 970 588 1046 uxoribus
613 969 657 1044 oh
682 972 935 1045 fornicationem
960 971 1135 1059 dimissis,
1156 972 1241 1046 alias
1266 973 1405 1060 ducere;

297 1092 329 1162 3.
351 1088 535 1164 antithesin
560 1086 604 1162 ab
630 1088 705 1188 ipso
732 1087 919 1161 institutam
947 1088 1035 1161 inter
1061 1114 1182 1163 causas
1207 1116 1228 1162 a
1252 1088 1326 1187 lege
1342 1115 1411 1162 mo

296 1205 389 1279 selca
419 1205 612 1302 assignatas
641 1204 685 1277 ad
715 1203 897 1278 divortium
927 1204 1140 1292 laciendum,
1169 1221 1203 1279 et
1227 1206 1362 1279 unicam
1389 1230 1409 1277 a

296 1320 429 1396 Christo
455 1319 689 1407 constitutam,
717 1319 862 1393 coerceri
888 1319 931 1392 ad
959 1346 1084 1394 causas
1111 1320 1323 1395 dimissionis
1349 1346 1410 1394 scu

297 1436 520 1537 separationis
545 1452 659 1510 atero
685 1451 718 1509 et
742 1435 1010 1523 cohabitatione,
1033 1436 1172 1510 minime
1194 1461 1274 1511 vero
1298 1436 1342 1509 ad
1363 1436 1412 1507 di·

297 1552 514 1652 remptionem
537 1550 724 1648 coniugalis
750 1551 877 1625 vinculi
898 1551 1045 1625 extendi.
1069 1552 1199 1625 Exinde
1225 1568 1316 1651 patet
1333 1551 1413 1625 Gne-

297 1659 427 1764 gorium
452 1667 641 1741 clausulam
660 1665 924 1765 exceptionalem
949 1668 1018 1739 nisi
1041 1668 1079 1738 ob
1097 1669 1343 1766 fornicationem
1360 1692 1412 1739 re-

298 1782 417 1857 tulisse
440 1782 483 1855 ad
509 1782 653 1882 priorem
687 1797 833 1881 partem,
862 1807 929 1856 non
961 1798 1072 1856 autem
1097 1782 1140 1856 ed
1169 1783 1407 1882 posteriorem,

297 1916 328 1973 et
352 1902 490 1973 alterum
514 1899 662 1972 decerit.
1141 1919 1142 1922 ’

371 2015 435 2102 Qui
449 2014 603 2115 prornde,
619 2015 767 2089 Leunoio
784 2014 890 2096 duce,
912 2042 941 2090 s.
956 2015 1150 2112 Gregorium
1170 2014 1412 2087 nazianzenum

302 2131 344 2205 ad
358 2155 438 2204 suas
451 2145 563 2230 partes
580 2130 713 2203 trahere
730 2130 963 2217 connituntur,
985 2130 1059 2203 eius
1077 2129 1259 2204 abutuntur
1275 2128 1415 2202 auctori·

301 2263 367 2319 tate
390 2262 424 2320 et
448 2246 600 2319 incautos
629 2244 749 2318 fallunt
773 2247 886 2340 (1119).
907 2246 991 2319 Cum
1010 2246 1100 2318 enim
1126 2244 1200 2344 ipse
1225 2243 1414 2318 absolutam

299 2363 447 2460 coniugii
460 2361 649 2435 firmitatem
670 2377 863 2435 constanter
880 2361 1063 2459 praedicet,
1083 2386 1145 2449 nec
1161 2385 1321 2460 umquam
1340 2373 1416 2458 post

301 2476 492 2551 alterutrius
527 2476 683 2573 coniugis
718 2474 859 2550 adulteri
891 2474 1152 2562 dimissionem,
1189 2473 1240 2548 vel
1269 2473 1417 2545 insinuet

301 2593 437 2693 quidem
463 2618 566 2692 posse
590 2618 712 2667 nouum
735 2592 811 2663 iniri
838 2592 1053 2689 coniugium,
1075 2607 1190 2690 aperte
1210 2605 1324 2664 contra
1341 2588 1416 2661 eius

302 2727 445 2783 mentem
479 2707 625 2796 faciunt,
653 2708 816 2807 quicum
848 2724 886 2780 ut
917 2706 1049 2780 divortii
1088 2723 1264 2807 patronum
1294 2703 1417 2778 vellent

305 2824 491 2897 traducere.
509 2826 682 2897 Praeterea
699 2823 808 2909 addo,
835 2823 970 2896 nonnisi
992 2838 1205 2923 praepostere
1230 2820 1273 2894 ab
1298 2820 1417 2894 adver·

303 2938 402 3011 seriis
425 2936 566 3009 dubium
587 2936 726 3025 moveri,
747 2963 827 3009 num
844 2963 884 3009 ea
905 2936 1080 3010 antithesis
1107 2937 1193 3009 inter
1213 2951 1358 3009 veterem
1385 2948 1418 3006 et

302 3077 420 3125 novam
436 3050 541 3147 legem
555 3053 599 3124 ad
616 3078 737 3125 causas
751 3051 975 3136 dimissionis,
992 3077 1036 3123 an
1049 3078 1128 3124 vero
1141 3050 1183 3123 ad
1201 3076 1322 3124 causas
1340 3075 1417 3146 per·

303 3167 379 3240 lecti
401 3166 535 3240 divortii
555 3168 732 3252 referatur,
756 3193 834 3240 cum
852 3183 965 3240 notum
994 3166 1038 3239 sit
1059 3167 1170 3265 potius
1197 3192 1226 3239 s.
1243 3167 1417 3238 Ductorem

304 3280 447 3379 rigidum
481 3280 563 3354 lorte
589 3281 666 3380 plus
696 3307 804 3381 aequo
837 3307 874 3353 se
907 3279 1105 3380 patefecisse
1133 3280 1167 3353 in
1194 3279 1352 3354 secundis
1385 3294 1418 3352 et

305 3400 411 3473 tertiis
433 3399 561 3497 nuptiis
580 3398 783 3472 successivis
806 3397 1053 3499 permittendis‚
1083 3414 1120 3470 ut
1146 3423 1207 3471 suo
1230 3396 1303 3469 loco
1330 3394 1418 3469 vidi-

305 3542 379 3587 mus
401 3516 514 3609 (110).
544 3514 677 3599 Quanto
700 3513 811 3611 magis
834 3513 946 3613 itaque
963 3511 1142 3585 dicendum
1163 3527 1215 3584 est
1243 3537 1320 3583 eum
1340 3507 1418 3583 alie-

308 3657 387 3702 num
417 3631 552 3702 omnino
578 3631 683 3702 luisse
708 3655 729 3701 a
754 3629 975 3728 permittendo
1001 3627 1067 3700 alio
1092 3627 1259 3724 coniugio,
1287 3626 1418 3700 vivente

377 3873 443 3932 (109)
460 3872 536 3920 Laun
548 3884 589 3934 op.
600 3873 624 3920 et
636 3871 675 3920 loc
687 3871 728 3919 cit.
740 3884 795 3934 pag.
808 3878 863 3921 8³⁰.
876 3872 957 3920 Brsuu
970 3871 1070 3920 Dissert.
1082 3871 1124 3919 cit.
1135 3870 1200 3933 apud
1213 3868 1293 3919 lacobi
1304 3867 1418 3917 Indtsso·

308 3949 429 3999 lnbtltlos
440 3949 628 3999 oincstltmntr.
643 3962 697 4012 pag.
709 3953 747 3998 79.
760 3957 798 3998 80.
811 3949 933 4011 Paqettae
946 3948 1055 4012 theoton.
1068 3953 1201 3999 Ls'ncenrrs
1212 3950 1270 3998 Liar
1283 3951 1420 3999 latacen·

314 4032 351 4076 tra
377 4041 435 4077 vero
454 4027 540 4077 maiori
559 4027 687 4090 prudentia
710 4027 922 4088 sistusseneusis,
936 4027 1087 4090 Gerhsrdus,
1100 4030 1170 4078 Calui
1191 4042 1247 4078 eum
1261 4028 1403 4077 omiserunt.

389 4107 454 4169 (rto)
470 4106 518 4156 Ubi
535 4105 709 4171 descripsimus
725 4108 778 4157 eins
795 4107 869 4156 rerba
885 4119 914 4155 er
935 4107 980 4157 hae
998 4109 1049 4170 ipss
1067 4108 1179 4159 emtione
1195 4108 1419 4174 deprompseram

308 4185 428 4234 disserens
448 4185 479 4235 de
500 4185 623 4248 secundo,
637 4186 711 4237 tertio
726 4190 751 4236 et
770 4190 859 4249 quarto
879 4188 1017 4237 successivo
1036 4189 1150 4251 coniugio
1169 4187 1216 4238 eit:
1231 4188 1362 4237 «Primum
1379 4187 1417 4235 lex

306 4267 356 4326 cst,
367 4265 501 4315 secundum
517 4267 588 4316 venia
600 4271 625 4316 et
639 4266 800 4329 indulgentia,
821 4267 919 4318 tertium
935 4270 1071 4332 turnultus.
1085 4269 1132 4326 Qui
1152 4272 1235 4319 eutem
1256 4268 1320 4317 huuc
1336 4279 1419 4316 urame-

308 4363 361 4399 rurn
373 4349 601 4412 erredttporctnus
611 4349 736 4412 planesel,
748 4351 832 4412 utpote
842 4361 872 4397 ue
884 4348 962 4397 multa
979 4348 1079 4412 quidem
1097 4348 1150 4398 uitii
1169 4347 1279 4410 «sempe
1291 4346 1408 4395 babens.»
