3234 5084
303 457 371 509 cir.
389 456 432 507 rs.
452 457 491 509 nr
504 457 615 508 amec.
634 458 724 509 enarr
738 459 775 509 ar
789 458 864 510 cla.
889 458 1033 511 rameru.
1047 462 1117 511 aar.
1130 463 1153 511 ι.
1232 441 1299 511 toi

181 572 285 649 alesia
302 575 423 663 latina3
444 592 589 649 ceterum
610 578 642 647 l.
672 577 757 651 adeo
782 579 869 677 ipsis
887 604 1085 677 Wsuasum
1104 579 1211 653 luisse
1237 581 1301 655 bac

182 691 216 761 in
241 716 276 763 ra
301 689 430 762 nullum
449 716 488 763 se
505 691 712 789 praesidium
730 692 766 763 in
783 693 966 791 Scripturis
984 719 1024 765 ac
1043 693 1223 767 traditione
1243 695 1300 767 ba-

180 804 279 891 bere,
314 822 352 879 ut
384 832 569 906 numquam
598 807 760 880 eeclesiae
786 833 945 881 romanae
978 808 1111 880 crimini
1143 810 1303 883 verterint

182 922 273 1020 quod
295 923 496 996 contrariam
513 923 699 996 doctrinam
718 938 751 994 et
769 923 898 1021 praxim
916 938 1183 1011 consectaretur;
1206 951 1303 996 num-

182 1062 285 1133 quam
311 1055 487 1136 propterea
521 1041 607 1111 inter
641 1053 688 1111 tot
712 1037 905 1111 schismatis
940 1036 1083 1110 faciendi
1120 1039 1302 1112 recensitas

182 1175 306 1223 causas
332 1151 497 1224 interdum
523 1151 731 1238 levissimas,
753 1152 840 1225 banc
857 1152 899 1224 de
917 1151 1214 1226 indissolubilitate
1232 1179 1303 1225 ma-

184 1265 332 1337 trimonii
357 1264 608 1339 adnumerarint
623 1268 720 1361 (ti);
742 1292 803 1340 nec
830 1264 970 1364 proinde
986 1267 1020 1337 b.
1041 1290 1203 1364 umquam
1225 1291 1303 1339 cum

186 1396 339 1476 ageretur
362 1381 405 1453 de
421 1382 597 1480 utriusque
616 1381 780 1454 ecclesiae
801 1404 885 1479 paee
907 1380 979 1453 sive
996 1378 1060 1452 sub
1077 1379 1248 1478 Stephano
1264 1381 1301 1452 V.

186 1493 259 1566 sire
283 1494 347 1567 sub
372 1494 529 1592 Gregorio
544 1495 586 1567 X.
614 1494 687 1568 sivo
712 1493 847 1567 demum
873 1493 938 1568 sub
957 1492 1108 1591 Eugenio
1135 1493 1186 1564 lv.
1216 1493 1304 1567 inter

185 1608 343 1682 articulos
355 1610 579 1683 dissensionis
591 1611 694 1683 istum
707 1625 1003 1684 commemoratum
1016 1609 1139 1695 luisse;
1158 1611 1191 1679 t.
1206 1608 1304 1682 adeo-

187 1750 253 1822 que
272 1725 549 1799 consuetudinem
567 1725 654 1799 banc
672 1752 749 1798 esse
767 1750 882 1797 revera
894 1723 1085 1796 habendam
1102 1722 1204 1796 veluti
1224 1723 1304 1795 abu·

185 1864 261 1911 sum
286 1839 441 1938 pluribus
466 1840 590 1915 seculis
611 1839 784 1926 inolitum,
805 1863 873 1913 non
892 1864 990 1912 secus
1016 1862 1056 1911 ac
1072 1837 1130 1910 alii
1149 1837 1299 1925 abusus,

184 1956 243 2055 qui
266 1981 369 2054 penes
391 1982 528 2053 graecos
546 1955 699 2031 obtinent
714 1955 758 2030 ob
778 1955 864 2029 alias
884 1980 1006 2028 causas
1026 1955 1144 2044 etiam,
1173 1971 1304 2054 praeter

182 2069 408 2157 adulterium,
428 2070 610 2143 dirimendi
627 2070 783 2168 coniugia
803 2068 916 2169 quoad
939 2068 1133 2155 vinculum3
1163 2067 1198 2139 in
1215 2094 1303 2167 quos

184 2183 315 2257 abusus
326 2210 442 2286 uocem
456 2210 553 2257 suam
566 2185 688 2282 iugiter
708 2210 791 2258 rom.
809 2184 986 2283 pontifices
1003 2183 1192 2256 extulerunt
1208 2208 1304 2279 grae-

183 2299 236 2373 cis
260 2317 468 2399 opponentes
492 2300 721 2398 evangelicam
742 2315 775 2372 et
800 2299 1019 2398 apostolicam
1047 2297 1234 2371 doctrinam
1261 2298 1305 2369 de

184 2414 378 2487 omnimoda
393 2414 594 2488 matrimonii
608 2412 916 2499 indissolubilitate;
928 2437 1038 2511 neque
1048 2437 1128 2484 vero
1140 2437 1303 2510 umquam

184 2532 296 2628 graeci
320 2558 359 2606 se
384 2530 562 2604 defendere
584 2545 778 2630 potuerunt;
803 2527 976 2628 multoque
1000 2527 1113 2600 minus
1137 2541 1305 2600 tentamnt

183 2646 363 2719 eeclesiam
377 2671 548 2719 romanam
566 2645 684 2717 bacin
702 2670 739 2716 re
755 2642 880 2716 erroris
905 2667 1086 2727 accusare;
1108 2666 1242 2740 semper
1258 2657 1304 2713 ta·

186 2787 262 2833 men
288 2763 324 2833 in
348 2788 410 2836 sua
435 2762 525 2835 avita
551 2760 794 2834 consuetudine
818 2757 1002 2856 generatim
1027 2757 1302 2858 perstiterunt,a

184 2901 256 2973 qua
278 2876 417 2950 difficile
441 2877 588 2977 prolecto
611 2893 665 2950 est
688 2900 747 2948 eos
773 2898 931 2948 revocare
959 2874 1050 2969 (31).

262 3054 313 3117 (to)
329 3057 408 3118 stoue
427 3056 469 3106 bic
485 3057 607 3106 anundus
627 3058 665 3106 est
681 3057 747 3106 sam.
770 3054 842 3105 Klein
865 3054 909 3119 qui
930 3053 957 3103 in
974 3052 1017 3103 cli.
1040 3051 1138 3103 dissert
1152 3053 1191 3103 De
1207 3053 1298 3102 matri

188 3138 292 3195 monto,
312 3134 372 3185 dum
392 3135 438 3185 sub
458 3136 498 3185 tit.
520 3134 553 3186 de
570 3135 704 3187 adulterio
722 3135 746 3200 §.
764 3137 840 3186 cvll.
862 3134 990 3199 protltstur
1008 3147 1037 3184 se
1057 3145 1129 3197 agere
1147 3133 1179 3182 de
1197 3131 1301 3183 diswlu-

186 3215 255 3265 tione
273 3216 374 3278 propter
390 3213 539 3265 adulterium
561 3214 587 3264 in
604 3215 708 3267 eeclesia
725 3215 840 3265 orientali
857 3216 953 3264 mamm
971 3213 1110 3274 imbrice,
1132 3212 1247 3276 oetelacit
1268 3214 1303 3262 ta·

188 3307 244 3344 men
263 3295 370 3343 mentem
395 3305 466 3343 suam
485 3293 610 3357 proterens
629 3295 772 3356 argumenta
789 3306 855 3356 quae
873 3292 1017 3344 orlentaletn
1036 3292 1133 3355 praxim
1151 3290 1304 3341 communire

186 3374 310 3424 ridentur.
329 3373 425 3423 Etenim
445 3372 516 3423 iusta
535 3373 614 3436 ipsum
636 3373 697 3423 baec
716 3374 800 3437 praxis
818 3373 935 3424 lundamr
952 3381 975 3424 1.
986 3372 1014 3423 in
1031 3372 1113 3423 verbis
1131 3371 1224 3422 christi
1241 3372 1303 3421 llat-

186 3454 338 3504 tb.x1x.t.
354 3454 379 3503 in
400 3452 483 3503 rerbls
501 3466 522 3503 s.
537 3452 621 3503 Basilii
641 3465 696 3502 can.
709 3454 752 3503 lx.
765 3459 788 3503 a.
802 3453 828 3501 in
846 3465 932 3503 eornm
953 3451 1124 3514 explanatione
1140 3463 1216 3513 qnam
1234 3448 1304 3499 dedit

186 3537 308 3597 zonaras3
330 3533 420 3584 deleme
440 3531 524 3583 subdit
544 3532 950 3596 somersettensium
969 3530 1049 3581 eidem
1068 3530 1150 3581 lavere
1168 3528 1300 3592 origene,

187 3612 352 3677 Epiphanius,
367 3612 491 3674 Asterius,
503 3610 672 3663 lbeodoretns
682 3614 706 3661 et
714 3611 806 3675 pterea
818 3611 884 3671 nlti,·
897 3618 921 3662 t.
937 3610 1001 3661 inter
1015 3610 1105 3661 latium
1121 3607 1224 3660 adducit
1234 3611 1305 3659 liras·

185 3706 270 3757 mani,
287 3694 449 3756 Caletanum,
463 3691 638 3753 catharinam
660 3699 683 3741 s.
702 3691 771 3743 addit
789 3704 889 3755 graecos
908 3705 923 3742 a
941 3690 1075 3742 tridentino
1093 3703 1143 3740 non
1162 3690 1239 3739 luisse
1257 3688 1302 3740 da·

187 3774 299 3834 innatos,
311 3774 336 3822 et
349 3773 493 3835 alleuryo,
512 3770 659 3833 Toumelyo,
675 3770 776 3821 ineuino
788 3773 814 3821 et
823 3771 959 3834 Gamaniga
971 3770 996 3820 id
1006 3769 1133 3821 allirmari.
1144 3771 1173 3818 ln
1184 3767 1303 3831 qulbusa

184 3861 243 3899 vero
266 3850 331 3900 bure
350 3856 475 3901 auctorem
493 3849 629 3912 ablusisse,
642 3849 731 3913 partlm
751 3850 801 3900 iam
813 3849 936 3912 vidimus,
956 3850 1045 3913 partim
1063 3861 1122 3899 vero
1138 3861 1170 3898 er
1189 3846 1301 3898 dicendis

186 3931 317 3981 cantabit.
337 3931 467 3981 nebulam
486 3932 611 3995 praeterea
630 3929 748 3981 adnotare
770 3931 1085 3993 Erasmum,(taietenuur,
1096 3930 1122 3979 ct
1140 3928 1302 3979 cetbarm

188 4011 246 4058 ante
265 4008 452 4061 celebrationem
469 4024 530 4061 sess.
542 4013 629 4060 xlllv.
642 4023 712 4061 cene.
727 4010 856 4061 tridentini
874 4010 1017 4073 sensatam
1035 4012 1164 4060 mum
1181 4020 1209 4058 se
1228 4008 1302 4057 retra·

186 4088 281 4150 ctasse,
298 4089 442 4140 caiemnum
463 4103 521 4140 vero
538 4092 563 4140 et
582 4090 742 4140 catharinam
754 4090 845 4154 scripte
865 4103 910 4140 sua
928 4089 1045 4140 eeclesiae
1055 4088 1187 4139 subiecisse
1199 4085 1301 4137 iudicio.

264 4168 389 4229 (31)le
406 4170 480 4219 sesnel
501 4169 610 4219 diximus
628 4182 771 4232 graecorum
791 4182 917 4220 erroneam
939 4171 965 4220 et
983 4181 1084 4232 pravam
1105 4167 1200 4232 praxim
1218 4166 1243 4215 in
1265 4164 1301 4214 dl·

188 4245 306 4297 timendis
326 4248 446 4309 coniugiis
466 4248 499 4298 ob
520 4249 668 4299 adulterium
690 4250 809 4313 originem
836 4250 908 4300 unice
927 4249 1032 4299 basiare
1058 4263 1087 4298 ex
1110 4247 1206 4310 legibus
1226 4246 1301 4309 impe·

188 4326 297 4377 rialbns.
320 4327 348 4376 ld
369 4340 443 4390 porro
463 4341 529 4379 nunc
548 4329 684 4379 luculenter
701 4331 775 4380 mam
794 4332 892 4380 constat
911 4342 942 4380 ex
961 4329 1009 4392 iis,
1031 4341 1095 4391 quae
1113 4328 1206 4391 egregie
1226 4325 1301 4376 disse·

188 4407 238 4458 ulit
256 4411 285 4458 l).
300 4408 367 4459 Pitra
385 4409 410 4458 iu
431 4410 570 4459 recensione
591 4410 671 4471 operis
688 4422 766 4472 nuper
779 4409 839 4460 editi
859 4411 939 4459 abu.
954 4408 1036 4461 libelli
1048 4408 1166 4473 Areopagi
1181 4404 1300 4472 praeside,
