3234 5084
318 388 1144 443 cunrnnrrrnsnrutn.crn.1nn1ss.mrn.rnr.1.
1236 370 1302 442 2³11

189 506 371 609 Origenem
389 536 447 585 eos
467 511 557 586 solos
576 510 769 598 damnasse,
790 510 866 609 qui,
886 510 1082 584 iudaeorum
1101 536 1209 599 more,
1224 509 1310 586 elias

185 626 229 701 ob
241 652 364 701 causas
381 626 537 725 quamuis
551 626 653 713 leves,
672 625 876 699 dimitterent
888 652 1025 700 uxorem
1039 651 1136 700 suam
1149 624 1192 698 ad
1206 624 1308 700 aliam

185 741 374 816 ducendam
400 756 534 840 praeter
560 742 695 814 unicam
721 740 952 814 fornicationis
975 768 1113 815 causam
1135 769 1155 815 a
1174 741 1310 816 Christo

186 851 392 955 assignatum
408 855 480 952 (48)
491 915 497 926 .
509 855 718 954 Tournelyus
737 881 864 955 anceps
883 856 1015 944 haeret,
1032 882 1072 929 ac
1086 857 1179 930 iuxta
1196 858 1308 957 ipsum

186 967 350 1067 Origenes
364 971 498 1043 videtur
510 970 573 1043 tria
587 970 760 1043 adstruere
770 971 787 1041 l
797 1027 804 1040 .
815 970 927 1042 Licere
940 970 974 1041 in
988 996 1074 1045 nova
1088 970 1160 1068 lege
1172 987 1310 1071 propter

186 1085 387 1170 adulter-ium
410 1086 578 1159 dimittere
599 1111 755 1172 uxorem,
773 1101 872 1184 prout
885 1083 1006 1158 licebat
1019 1086 1054 1157 in
1067 1083 1141 1182 lege
1158 1086 1309 1159 mosaica

186 1193 321 1300 propter
353 1199 570 1288 foeditatem,
601 1200 752 1299 adeoque
782 1225 843 1299 per
868 1198 1001 1299 plenam
1026 1200 1173 1298 coniugii
1200 1200 1308 1274 disso

185 1307 366 1402 lationem
397 1317 431 1390 2.
453 1313 624 1411 ambigere
650 1340 731 1387 num
757 1312 800 1387 ob
826 1312 1026 1386 venalicium
1052 1313 1187 1412 aliaque
1210 1314 1309 1411 flagi-

186 1429 233 1501 tia
252 1428 360 1527 possit
378 1428 413 1499 in
431 1453 518 1500 nova
535 1426 610 1525 lege
626 1452 710 1500 uxor
731 1426 873 1513 dimitti;
895 1426 986 1526 quod
1004 1426 1141 1527 quidem
1166 1426 1307 1500 dubium

187 1541 316 1615 nullum
334 1541 512 1615 habuisset
531 1541 664 1628 locum,
686 1540 716 1613 si
734 1541 809 1640 ipse
827 1540 870 1612 de
888 1540 960 1614 sola
978 1540 1176 1614 dimissione
1196 1540 1308 1640 quoad

185 1673 294 1730 torum
321 1672 355 1730 et
378 1656 622 1731 habitationem
649 1655 779 1730 locutus
806 1673 913 1744 esset;
941 1660 974 1728 3.
995 1656 1133 1743 docere,
1154 1682 1230 1729 eum
1248 1656 1306 1756 qui

187 1789 319 1873 praeter
338 1773 540 1846 adulterium
565 1797 703 1846 uxorem
725 1773 882 1860 dimittit,
906 1771 997 1845 illam
1015 1772 1181 1845 coniicere
1198 1771 1233 1843 in
1250 1797 1308 1844 oc-

185 1890 354 1963 casionem
385 1887 569 1988 peccandi,
597 1903 699 1987 atque
724 1888 849 1961 idcirco
880 1914 1070 1989 supponere
1095 1912 1233 1961 uxorem
1260 1885 1305 1962 oh

186 2002 386 2078 adulterium
403 2003 581 2077 dimissam
600 2029 701 2102 posse
719 2003 814 2076 alteri
833 2003 959 2078 nubere
976 2006 1064 2100 (lt).
1081 2003 1148 2075 rllii
1166 2019 1305 2078 censent

185 2117 363 2217 Origenem
383 2118 519 2192 nomine
538 2118 621 2217 lepis
638 2118 854 2216 significasse
870 2120 1059 2204 consilium,
1077 2117 1222 2219 illosque
1238 2118 1307 2220 epi·

186 2260 307 2334 scopos
342 2233 623 2332 reprehendisse,
652 2233 743 2333 quod
773 2233 858 2308 elias
884 2234 928 2308 ob
953 2260 1094 2322 causas,
1129 2261 1231 2334 quam
1262 2234 1307 2308 oh

186 2349 410 2437 adulterium,
440 2348 657 2448 permiserint
686 2348 872 2449 repudiatis
906 2349 1068 2423 uxoribus
1096 2350 1215 2423 iterum
1243 2377 1306 2424 nu-

186 2462 264 2536 bere
280 2466 368 2562 (bh);
385 2462 477 2564 quod
500 2461 571 2551 alii,
591 2463 710 2564 paucis
729 2463 865 2536 mutatis
889 2462 1022 2551 uerbis,
1044 2480 1197 2564 repetunt
1212 2466 1300 2560 (hl).

256 2577 317 2652 Ast
331 2604 524 2678 perperam3
541 2577 570 2651 si
589 2578 680 2651 enim
694 2576 875 2675 Origenes,
892 2594 929 2650 ut
941 2578 1113 2651 contendit
1125 2579 1299 2666 Erasmus,

185 2694 310 2768 casola
319 2695 474 2769 decausa
487 2693 760 2794 reprehendisset
772 2693 951 2794 episcopos
962 2693 1051 2780 illos,
1064 2694 1153 2793 quod
1164 2694 1208 2767 ob
1219 2693 1306 2769 alias

186 2836 307 2884 causas
332 2827 463 2909 praeter
483 2809 683 2884 adulterium
701 2810 855 2883 dimissis
877 2809 1073 2883 mulieribus
1092 2810 1305 2910 permiserint

187 2923 255 2998 alia
268 2925 352 2999 inire
368 2927 541 3024 coniugia,
565 2952 631 3001 non
652 2926 846 3025 protulisset
858 2925 961 2999 verba
974 2924 1125 3025 Apostoli
1139 2927 1304 3001 aduersus

187 3040 264 3114 illos
288 3056 399 3141 utpote
423 3058 560 3141 agentes
585 3057 698 3114 contro
712 3043 901 3140 Scripturas
928 3043 1046 3141 lepem,
1074 3069 1142 3142 qua
1167 3042 1303 3140 alligata

185 3155 257 3228 viro
281 3155 402 3229 mulier
425 3172 478 3230 est
503 3171 624 3255 quanto
650 3171 786 3256 tempore
802 3157 857 3228 eir
872 3158 1055 3242 eiucvivit,
1085 3184 1125 3231 ac
1151 3156 1303 3232 adultera

184 3270 405 3345 denunciatur
429 3298 516 3373 quae
540 3275 666 3346 vivente
696 3275 767 3345 uiro
794 3273 896 3372 suerit
924 3300 997 3345 cum
1023 3274 1090 3345 olt'o
1122 3275 1206 3345 viro.
1235 3275 1304 3347 Nec

185 3384 302 3475 obest,
331 3388 423 3487 quod
450 3386 615 3486 Origenes
640 3388 774 3461 iudaice
798 3388 872 3461 viro
897 3388 1067 3462 obiicienti
1094 3388 1182 3462 idem
1208 3388 1303 3461 Chri-

186 3516 273 3574 stum
309 3504 532 3603 permisisse,
560 3504 651 3604 quod
682 3504 881 3603 permiserat
905 3505 1061 3604 Moyses,
1091 3505 1303 3604 responderit

185 3615 353 3691 Christum
379 3620 423 3695 ob
448 3618 554 3694 solam
580 3620 855 3708 fornicationem,
879 3620 1018 3720 Moysen
1036 3646 1114 3694 vero
1132 3619 1175 3693 oh
1193 3620 1302 3718 quod-

254 3865 304 3926 llsl
321 3867 348 3915 ln
366 3869 450 3918 annot.
463 3867 525 3918 adl.
539 3868 616 3932 Eplst.
627 3868 739 3919 corinth.
752 3881 805 3932 cap.
818 3871 871 3919 vn.
886 3873 949 3934 opp.
963 3869 1002 3921 ed.
1015 3871 1059 3921 cit.
1076 3871 1135 3920 tom.
1150 3872 1191 3918 Vl.
1204 3882 1229 3932 p.
1241 3877 1295 3920 oen

182 3942 266 4006 Neque
276 3943 307 3994 ab
317 3947 420 3996 Eresmo
430 3946 526 3999 abludit
538 3948 623 4009 calrl,
634 3947 678 4012 qui
689 3947 803 3998 eumdem
818 3950 985 4012 exceptionem
997 3950 1107 4014 adoptat.

255 4025 304 4086 (th)
320 4027 450 4078 Proclcct.
463 4027 574 4093 theclae.
590 4031 627 4078 De
638 4031 755 4078 matrina.
770 4043 825 4094 cap.
838 4033 867 4081 V.
878 4034 937 4081 sect.
950 4035 973 4082 l.
988 4031 1074 4081 Concl.
1087 4044 1138 4095 arg.
1152 4033 1183 4080 ll.

255 4105 304 4166 (so)
319 4108 360 4157 lta
374 4110 739 4173 euct.op.germ.1ucrmonto
754 4109 842 4174 tecum
857 4111 978 4162 etutltum
994 4111 1144 4163 boecrtcor.
1163 4112 1302 4177 indulcen-

183 4185 252 4234 ttunt
269 4184 386 4238 dtoortto
404 4201 466 4240 cunt
483 4193 688 4254 conseptum
704 4193 730 4242 et
751 4191 844 4242 trodte.
858 4192 985 4257 fflmherg.
1000 4200 1067 4245 tata.
1080 4207 1136 4259 paz.
1150 4203 1256 4259 taseqq.

256 4267 306 4329 (st)
322 4268 363 4317 Uti
375 4268 465 4319 socher
475 4270 499 4319 in
509 4284 549 4333 op.
558 4283 633 4334 germ.
643 4271 799 4324 Dcdtuortlo
808 4275 835 4323 tn
845 4274 1220 4337 reontacntltolirts.handshut
1230 4281 1298 4328 taut.

183 4355 236 4405 pug-
253 4352 361 4397 123436,
