3234 5084
334 405 402 479 ιιι
476 427 538 481 us.
554 425 602 478 ιιι.
618 424 706 481 secr.
722 425 853 479 mrem.
870 427 910 476 m
927 426 1041 477 rames.
1057 427 1152 478 narn.
1170 427 1294 479 cause.

331 544 491 642 ιιςίοιιιιιι
503 541 748 651 profitendum,
766 558 825 616 aut
835 557 911 619 voto
923 568 962 615 se
974 541 1216 629 obstrinxisse
1233 569 1320 645 qnae
1333 560 1448 621 tamen

331 658 523 765 necessaria
548 672 682 744 essent,
706 674 743 731 ut
760 657 804 731 ad
827 657 1067 733 catholicorum
1095 684 1235 731 causam
1258 685 1451 737 accommo-

331 774 415 847 dari'
429 772 709 871 allataexsmpla
740 788 888 873 possent.
919 774 1088 847 Deficiunt
1115 773 1263 874 denique
1285 802 1325 847 ex
1350 793 1450 874 parte

331 887 552 965 solemnitatis
577 887 752 985 religiosae
783 889 1026 987 professionis,
1056 914 1143 987 quae
1171 889 1256 962 iuris
1286 890 1449 965 ecelesia-

331 1004 427 1089 stici,
455 1002 608 1102 adeoque
632 1003 772 1079 humani
797 1019 870 1088 est,
899 1003 1093 1102 etquidem
1118 1004 1252 1079 nonnisi
1279 1007 1447 1104 sequiori-

331 1116 546 1195 bus'seculis
566 1118 735 1203 instituta;
760 1144 828 1217 quo
853 1118 890 1191 fit
915 1135 951 1191 ut
978 1119 1086 1193 sancti
1105 1118 1154 1191 illi
1174 1120 1304 1220 antiqui
1322 1120 1387 1197 hac
1400 1122 1447 1195 de

332 1259 437 1307 eausa
450 1232 663 1331 nequiverint
675 1258 738 1307 sua
750 1232 909 1329 coniugia
922 1232 1120 1307 dissolvere.
1129 1232 1342 1334 Quapropter
1352 1263 1451 1311 num·

331 1375 434 1450 quam
453 1346 638 1448 reperimus
656 1348 689 1419 in
710 1347 825 1423 seculo
843 1346 997 1434 relictos,
1018 1350 1150 1423 vivente
1168 1350 1268 1449 priori
1287 1352 1446 1449 coniuge,

330 1489 435 1541 nasas
461 1463 596 1562 nuptias
621 1462 831 1549 celebrasse,
856 1462 949 1561 quod
971 1480 1082 1539 temen
1107 1465 1283 1539 ostendere
1307 1490 1450 1541 necesse

331 1579 434 1666 foret,
455 1594 493 1652 ut
507 1578 560 1652 vis
576 1576 693 1678 aliqua
710 1578 918 1679 probationis
936 1579 1058 1653 exinde
1076 1594 1258 1654 erueretur.
1275 1579 1448 1655 Omnibus

329 1693 432 1790 igitur
456 1693 652 1794 perpensis,
676 1712 786 1794 aequo
806 1721 917 1768 rerum
943 1695 1148 1773 aestimatori
1171 1694 1297 1794 patebit
1312 1694 1446 1769 nullum

330 1811 423 1887 uliud
448 1812 703 1887 fundamentum
728 1827 907 1913 suppetere
931 1812 1107 1887 catholicis
1129 1812 1172 1886 ad
1195 1811 1320 1887 thesim
1345 1838 1445 1886 suam

329 1926 534 2003 fulciendam
556 1942 688 2028 praeter
713 1954 795 2001 rom.
815 1928 1012 2027 pontificum
1029 1928 1182 2014 denen,
1202 1954 1292 2028 quae
1308 1928 1446 2003 nonnisi

331 2042 446 2117 seculo
470 2041 544 2119 Xll.
567 2041 701 2116 tandem
726 2042 816 2116 edita
843 2059 934 2116 sunt.
953 2043 1080 2143 Ecquis
1105 2068 1184 2117 vero
1209 2042 1265 2117 his
1286 2041 1369 2117 fidat
1392 2067 1448 2116 re-
1512 2054 1517 2066 '

328 2156 482 2233 oenh'bus
499 2157 708 2233 documentis
726 2159 770 2230 ad
789 2158 1003 2233 traditionem
1020 2158 1169 2233 divinam
1187 2157 1440 2243 adstruendam,

328 2297 403 2347 cnm
421 2275 620 2372 praesertim
645 2290 853 2372 compertum
875 2274 921 2349 sit
937 2299 977 2347 er
994 2275 1205 2349 decretorum
1230 2275 1369 2348 istorum
1394 2292 1445 2347 te-

328 2413 410 2462 nore
421 2388 600 2487 pontifices
614 2387 690 2463 illos
704 2406 873 2488 permotos
888 2389 995 2464 luisse
1007 2389 1052 2464 ad
1065 2415 1106 2463 ea
1116 2389 1324 2465 conficienda
1335 2414 1448 2462 exem

328 2502 395 2598 plis
419 2515 567 2580 veterum
593 2520 806 2592 sanctorum,
832 2530 938 2604 quae,
961 2504 1011 2580 uti
1028 2521 1200 2581 ostensum
1219 2523 1286 2592 est,
1306 2504 1373 2579 huc
1391 2531 1445 2578 re-

328 2619 406 2695 lerri
430 2634 620 2722 nequeunt,
638 2620 734 2696 etde
751 2619 876 2721 quibus
899 2619 1052 2695 dubitare
1069 2621 1182 2695 adhue
1197 2621 1275 2696 licet
1291 2646 1335 2695 an
1355 2637 1446 2695 recte

326 2761 365 2810 se
388 2737 571 2834 gesserint,
599 2762 676 2812 cum
702 2762 768 2811 non
785 2736 900 2811 omnia
919 2753 1111 2811 sanctorum
1133 2754 1244 2835 gesta,
1270 2753 1307 2812 ut
1326 2752 1444 2810 notum

327 2865 395 2938 est,
420 2868 543 2927 rectam
569 2852 775 2949 agendorum
801 2850 950 2948 regulam
976 2849 1185 2950 praebeant?

398 2967 518 3040 Verum
546 2966 705 3066 pleraque
732 2967 872 3040 istorum
890 2984 1161 3064 argumentorum
1186 2994 1209 3040 a
1224 2967 1324 3042 nobis
1346 2994 1444 3068 prae-

326 3096 489 3178 occupata
506 3096 601 3169 sunt,
617 3098 651 3155 et
662 3081 705 3154 ad
723 3106 764 3155 ea
780 3081 982 3156 disiicienda
992 3083 1077 3158 satis
1089 3100 1142 3157 est
1152 3083 1342 3158 constitutis
1354 3084 1444 3184 prin·

326 3194 432 3296 eipiis¹
453 3196 622 3272 insistere

399 3311 520 3387 Contra
554 3337 688 3388 omnem
716 3315 892 3389 veritatem
924 3314 1109 3388 assumitur
1137 3314 1351 3387 traditionem
1381 3338 1441 3387 no·

326 3444 428 3502 stram
453 3429 622 3503 infirmam
640 3455 681 3504 ac
696 3430 834 3504 labilem
852 3456 947 3517 esse,
969 3456 1073 3530 mum
1090 3456 1164 3503 eam
1181 3428 1348 3531 auspicati
1370 3429 1443 3502 lne-

325 3542 431 3617 rimus
457 3568 478 3616 a
501 3543 672 3642 prioribus
697 3543 861 3619 eeclesiae
890 3544 1034 3632 seculis,
1059 3561 1093 3619 et
1117 3545 1375 3646 protraxerimus
1396 3543 1441 3617 ad

325 3656 475 3731 seculum
505 3685 614 3759 usque
643 3660 718 3731 ΧΠ.
753 3674 787 3733 et
817 3658 978 3759 deinceps
1005 3683 1027 3731 a
1056 3683 1125 3733 sec.
1151 3658 1225 3731 xli.
1256 3685 1366 3759 usque
1398 3657 1442 3732 ad

325 3772 539 3846 tridentinam
565 3773 750 3874 synodum,
771 3800 878 3875 aqna
902 3773 967 3848 hoc
991 3773 1071 3847 fidei
1091 3774 1214 3871 dogma
1238 3773 1373 3848 demum
1391 3799 1444 3848 so-

325 3885 428 3963 lemni
452 3889 586 3964 decreto
613 3905 780 3964 assertum
806 3904 871 3963 est.

397 4003 546 4077 Deficere
572 4028 671 4102 porro
696 4002 875 4103 multiplici
901 4029 942 4076 er
966 4004 1076 4103 eapite
1106 4019 1298 4078 sanctorum
1328 4028 1441 4076 exem·

324 4114 382 4214 pla
396 4116 589 4191 adversarii
614 4116 752 4217 quidem
777 4117 965 4203 affirmant,
987 4131 1041 4191 ast
1057 4143 1124 4190 non
1144 4118 1320 4205 evincunt,
1342 4132 1441 4216 prout

324 4230 540 4331 exipsorum
566 4232 776 4335 inspectione
801 4231 900 4307 lacile
917 4232 1116 4308 ostenditur.

397 4345 444 4419 Ae
463 4346 575 4445 primo
599 4374 667 4421 non
687 4347 851 4422 deliciunt
874 4373 915 4420 ex
933 4363 1027 4446 parte
1042 4348 1251 4423 fundamenti
1269 4345 1433 4421 historici.
