3234 5084
336 408 403 476 tot
503 431 563 479 arn.
585 430 632 478 111.
653 430 739 480 sacr.
760 431 784 479 ι.
806 432 845 480 ns
871 432 965 481 uara.
982 431 1104 481 annun.
1122 431 1267 483 unrrsrs.

334 566 492 633 scantur,
516 574 631 620 verum
656 549 756 621 etiam
783 550 857 648 ipse
876 550 986 648 potius
1009 548 1211 649 pollutorum
1229 550 1444 625 scortationis

334 662 491 736 sordidus
515 661 732 751 subiicietur,
760 664 925 737 eiusmodi
951 663 1106 737 videlicet
1122 665 1278 764 personis
1297 690 1318 737 a
1335 689 1374 757 sp
1391 666 1444 737 in-

333 779 440 851 vicem
462 779 625 879 separatis
653 781 775 873 (88).»
797 778 951 878 ldipsum
978 778 1187 854 confirmavit
1206 780 1273 853 Leo
1294 778 1445 878 philoso

334 894 422 993 phus
447 919 508 967 seu
528 893 669 992 Sapiens
695 892 811 965 Basilii
836 893 926 966 filius
952 893 1088 992 nuptias
1113 893 1351 968 etiamtertias
1369 919 1446 993 poe-

333 1009 386 1082 nis
407 1007 644 1081 ecclesiasticis
666 1005 849 1080 subiiciens
871 1010 960 1103 (89).
1511 1097 1513 1100 y

412 1124 565 1196 Attamen
597 1121 653 1194 hic
686 1120 775 1193 idem
801 1124 866 1194 heo
891 1121 1032 1219 Sapiens
1063 1148 1130 1195 non
1161 1135 1336 1196 contentus
1367 1122 1445 1222 ipse

333 1241 438 1313 tertiis
464 1242 611 1340 nuptiiS,
640 1269 754 1316 verum
780 1260 813 1314 et
833 1257 972 1340 quartas
993 1238 1174 1314 celebravit
1193 1266 1270 1315 cum
1291 1240 1354 1314 Zoe
1374 1240 1444 1313 iam

332 1372 430 1428 antea
455 1354 574 1456 pellice
600 1383 661 1430 sua
688 1384 728 1431 ex
755 1383 823 1457 qua
849 1355 955 1429 filium
981 1372 1213 1454 procreaverat
1245 1381 1345 1455 mem
1374 1354 1444 1429 sibi

333 1472 367 1541 in
390 1472 531 1570 imperio
550 1497 778 1545 successorem
803 1471 1006 1568 designavit.
1029 1470 1123 1556 Quae
1145 1496 1199 1542 res
1221 1469 1445 1545 conturbatio·

332 1612 409 1658 nem
422 1612 487 1660 non
501 1588 674 1659 minimam
686 1587 844 1660 excitavit
854 1594 865 1673 ;‘
878 1612 957 1658 nam
971 1585 1128 1659 Nicolaus
1143 1600 1361 1682 cognomento
1374 1586 1445 1684 lly-

331 1700 436 1773 sticus
466 1701 656 1800 patriarcha
686 1699 1067 1800 constantinopolitanus
1090 1700 1322 1801 imperatorem
1353 1724 1445 1774 com·

330 1813 489 1887 munione
514 1814 681 1912 privavit:
710 1840 814 1913 quum
838 1840 919 1899 vero
943 1814 1124 1912 imperator
1153 1813 1197 1886 ad
1221 1813 1443 1913 apostolicam

330 1929 445 2001 sedem
470 1927 695 2028 appellasset,
725 1930 860 2026 Sergius
892 1928 1202 2028 pontilexnuptias
1222 1929 1341 2003 Leonis
1366 1955 1445 2027 pro-

329 2043 421 2117 bavit
444 2043 661 2118 cohaerenter
682 2044 725 2117 ad
748 2044 963 2117 traditionem
984 2069 1025 2118 ac
1044 2043 1261 2142 disciplinam
1281 2043 1444 2117 ecclesiae

331 2184 497 2232 romanae.
523 2161 610 2233 Hinc
635 2160 816 2258 imperator
840 2159 941 2233 exilio
960 2157 1123 2232 multavit.
1134 2157 1308 2232 Nicolaum
1329 2158 1441 2257 ponti·

330 2272 404 2345 ficis
430 2273 555 2347 iudicio
578 2273 805 2360 obnitentem,
834 2274 1157 2373 contendentemque
1176 2273 1293 2347 divino
1308 2272 1384 2346 iura
1401 2272 1444 2344 il·

329 2387 379 2460 las
405 2389 541 2487 nuptias
565 2389 686 2462 vetitas
712 2415 806 2476 esse,
826 2414 887 2462 nec
911 2415 932 2462 a
956 2414 1041 2462 rom.
1070 2387 1227 2488 pontifice
1247 2387 1442 2487 dispensari
1496 2456 1500 2464 .

328 2504 363 2572 in
388 2503 457 2576 illis
482 2504 645 2601 potuisse.
673 2504 841 2577 Suffectus
864 2503 927 2576 tuit
951 2501 1087 2575 Nicolao
1112 2503 1146 2573 in
1171 2502 1444 2601 constantinopo-

327 2616 432 2691 litana
451 2617 806 2718 sede.Eutymius·qui
820 2617 1012 2717 imperatori
1026 2616 1168 2691 favebat.
1186 2616 1273 2689 Hinc
1290 2616 1444 2690 schisma

326 2732 412 2805 inter
436 2759 575 2829 graecos
600 2750 726 2820 ortum,
753 2734 831 2806 aliis
857 2733 1014 2821 Nicolao,
1035 2732 1113 2806 aliis
1139 2732 1296 2830 Eutymio
1316 2732 1444 2805 adhae-

326 2846 497 2920 rentibus:
527 2849 633 2920 donec
657 2847 901 2921 alternantibus
929 2847 1100 2946 prosperis
1126 2860 1158 2919 et
1183 2844 1337 2919 adversis
1353 2847 1444 2919 casi-

325 2959 408 3045 bus,
438 2987 501 3059 pax
528 2962 611 3034 inita
634 2977 697 3034 est.
731 2964 815 3033 Nam
842 2962 1001 3035 Nicolaus
1027 2960 1160 3034 tandem
1187 2985 1228 3033 oo
1256 2986 1294 3032 se
1319 2960 1444 3059 recepit

325 3092 361 3146 ut
386 3074 545 3147 fateretur
569 3076 703 3148 nonnisi
731 3076 961 3149 ecclesiastico
986 3076 1059 3147 iure
1085 3073 1274 3174 prohibitas
1303 3090 1443 3174 quartas

324 3189 459 3288 nuptias
485 3189 612 3278 fuisse,
633 3192 852 3265 constitutum
873 3207 983 3264 tamen
1002 3189 1109 3264 voluit
1125 3206 1162 3264 ut
1179 3189 1361 3290 disciplina
1379 3216 1442 3289 pro

323 3302 466 3376 ecclesia
487 3328 608 3399 graeca
627 3319 742 3378 contra
759 3304 988 3402 tetragamiam
1007 3305 1196 3377 sanciretur
1212 3319 1246 3376 et
1257 3322 1441 3403 numquam

323 3417 484 3517 deinceps
510 3417 738 3506 relaxaretur,
769 3445 879 3518 neque
910 3418 1095 3518 apostolica
1126 3417 1226 3492 sedes
1259 3418 1339 3492 huic
1363 3445 1442 3493 san-

323 3533 424 3606 ctioni
449 3531 579 3608 obstitit
599 3535 687 3629 (90).

395 3736 446 3797 (aa)
463 3735 517 3786 Lib.
535 3743 557 3785 a.
576 3739 650 3786 luris
665 3739 759 3787 orient.
779 3736 846 3800 apud
861 3737 1004 3788 Arcudium.

394 3816 447 3878 (aa)
463 3817 491 3864 ln
506 3816 609 3865 Novella
624 3823 664 3866 so.

397 3896 447 3956 (ao)
463 3894 584 3957 Epistulas
601 3907 687 3947 omnes
706 3897 800 3948 Nieoiai
823 3897 940 3961 Mystici,
960 3910 1025 3961 quae
1046 3898 1164 3949 hactmus
1180 3898 1205 3948 iu
1216 3897 1365 3950 bibliotheca
1380 3900 1442 3950 rati·

317 3986 379 4022 cana
390 3986 502 4024 sermone
518 3989 605 4038 graeco
616 3975 782 4040 delituerant,
795 3978 891 4041 primus
911 3977 1020 4040 vulgarit
1029 3976 1097 4027 nard.
1110 3977 1190 4029 usius
1201 3978 1228 4028 in
1243 3979 1286 4029 cit.
1302 3978 1442 4043 spicilepio

315 4065 426 4102 romono
447 4056 508 4103 tous.
527 4059 558 4105 x.
571 4058 634 4105 sunt
653 4057 736 4106 antem
747 4056 920 4120 hueepistolae
937 4068 1041 4107 numero
1061 4059 1171 4108 chxlll.
1192 4070 1255 4121 quas
1266 4058 1381 4109 laudatus
1391 4058 1443 4109 adi·

317 4135 357 4181 tor
369 4131 394 4181 in
405 4134 499 4194 septem
518 4134 609 4185 classes
626 4134 760 4186 (inhibuit.
778 4138 847 4193 Quas
866 4134 898 4186 ad
910 4148 963 4186 rein
982 4138 1092 4187 nostram
1114 4136 1272 4199 reseruntur,
1285 4137 1444 4188 continentur

318 4212 344 4260 in
360 4211 433 4261 tertia
451 4212 529 4263 classe
549 4227 579 4264 sc
597 4213 670 4266 datae
684 4218 742 4267 sunt
762 4214 794 4266 ad
810 4229 873 4265 rom.
891 4215 1033 4279 poniificem
1053 4216 1156 4280 eiusque
1177 4216 1295 4268 ecclcsiae
1310 4216 1441 4282 homines,

316 4298 403 4353 nempe
418 4288 450 4339 ad
471 4293 589 4342 loannem
609 4297 640 4344 x.
653 4294 692 4344 sei
713 4295 868 4345 Anmtasiurn
880 4297 924 4346 in.
937 4295 984 4345 Hic
997 4295 1113 4346 nicolaus
1131 4295 1175 4358 qui
1196 4299 1310 4347 absone
1327 4298 1442 4360 sapiente

314 4372 413 4419 erectos
432 4370 479 4419 luit
496 4371 528 4421 ad
550 4374 739 4436 patriarchalem
756 4374 840 4425 sedern
860 4388 900 4425 an.
913 4382 966 4427 aaa.
984 4375 1147 4439 quadriennio
1162 4378 1218 4439 post
1231 4376 1312 4428 Photii
1324 4376 1439 4439 obitura,
