3234 5084
280 453 1116 539 caunensrnsurmnummuurssurrmmeu·
1194 438 1260 511 est

152 577 309 674 coniugio
321 575 461 672 (stetu
473 571 545 646 Hoc
561 598 678 647 revere
693 573 910 647 constitutum
928 574 1072 661 fuisses
1088 573 1198 649 Leone
1209 575 1261 648 lv.

152 692 327 768 confirmet
351 687 580 789 Luitprandus
602 688 637 760 in
661 688 736 762 eius
759 689 830 762 vite
855 717 889 761 n.
905 689 1048 761 xxxvl.
1067 690 1181 786 (teo),

222 805 283 880 Ast
307 805 337 879 si
362 803 515 877 intimius
540 803 681 876 duarum
707 802 911 904 synodorum
944 830 1082 878 mesum
1113 812 1273 904 perseru·'

151 937 269 1006 temur,
286 918 416 992 nullum
429 917 533 989 alium
545 943 624 990 esse
635 914 947 1016 deprehendemus,
966 918 1033 991 nisi
1046 918 1138 1018 quod
1151 932 1263 1006 tremo,

151 1050 290 1136 excepta
302 1059 406 1108 causa
416 1032 662 1119 fornicationis,
674 1033 783 1131 possit
794 1058 931 1107 uxorem
949 1059 1045 1108 suam
1059 1032 1263 1135 relinquere3

151 1150 243 1250 quod
267 1151 297 1223 si
323 1148 458 1236 fecerit,
478 1163 512 1221 et
536 1149 611 1222 siue
635 1173 739 1222 cause
763 1147 992 1222 fornicationis
1017 1174 1152 1223 uxerem
1168 1174 1266 1223 suam

152 1264 324 1365 quispiam
346 1262 533 1350 dimiserit,
558 1258 730 1362 eliamque
755 1262 897 1362 insuper
919 1262 1067 1351 duxerit,
1093 1264 1202 1362 prtori
1222 1265 1268 1336 sit

152 1379 371 1454 restitusodru
387 1381 546 1477 coempto.
567 1378 616 1452 De
633 1403 716 1452 cusu
732 1393 866 1466 autem,
887 1406 955 1480 quo
981 1405 1086 1454 causa
1111 1377 1273 1453 adulterii

155 1520 240 1570 uxor
272 1494 414 1569 dimissu
443 1493 565 1580 fuerit,
593 1492 641 1565 nil
674 1492 877 1567 decernitur.
911 1495 946 1566 Si
971 1494 1145 1595 quidpiam
1177 1495 1270 1569 enim

157 1611 278 1685 fuisset
301 1610 523 1710 dispositum,
544 1608 695 1708 exceptio
711 1609 942 1683 [emicationis
959 1611 1145 1699 effecisset,
1161 1625 1200 1683 ut
1215 1610 1269 1683 iu·'

156 1723 291 1799 berstur
315 1724 453 1825 quidem
482 1722 673 1824 separaris
695 1725 838 1822 coniuge
862 1724 1034 1812 secunda,
1064 1750 1131 1798 non
1155 1740 1268 1799 temen

159 1839 331 1914 iuberetur
354 1839 476 1913 sociari
498 1838 600 1938 priori
625 1838 798 1936 coniugio,
825 1839 914 1915 sicut
938 1839 1010 1928 ille,
1032 1839 1090 1940 qui
1110 1841 1183 1914 sins
1200 1839 1269 1915 for·

157 1953 342 2028 nicationis
368 1952 599 2027 censualium
624 1952 719 2025 duxit
742 1955 855 2049 (281).

227 2067 310 2141 Cum
335 2092 415 2141 rere
440 2066 483 2139 de
506 2065 659 2140 doctrina
682 2081 716 2139 et
740 2067 835 2166 praxi
860 2067 1021 2142 ecelesiae
1037 2091 1195 2144 romense
1212 2067 1270 2142 hic

155 2182 384 2269 disseramus,
412 2181 544 2255 iuverit⁴
562 2207 726 2281 responsa
749 2181 912 2281 Stephani
937 2183 981 2254 ll.
1005 2184 1150 2270 referre,
1182 2209 1271 2284 quus

156 2293 249 2368 haud
266 2295 384 2394 paucis
402 2294 459 2368 hic
476 2293 642 2369 discussis
660 2320 727 2369 non
744 2294 918 2368 minimam
942 2294 1050 2370 lucem
1075 2296 1266 2371 effundunt.

157 2410 222 2483 flio
245 2410 349 2509 igitur
372 2408 540 2509 pontifex,
569 2410 629 2509 qui
653 2409 766 2482 floruit
790 2435 847 2482 eu.
869 2412 952 2483 ret.
974 2438 1050 2511 cap.
1068 2411 1111 2484 ΙΙ.
1128 2413 1267 2486 statuit:

160 2524 327 2624 «Siquis
353 2549 391 2598 sc
416 2524 451 2596 iu
476 2523 633 2621 coniugio
658 2521 882 2623 copulaverit,
911 2539 945 2596 et
967 2525 1026 2598 uni
1051 2552 1167 2599 eorum
1191 2550 1272 2599 con·

156 2638 286 2736 tigerit,
311 2654 349 2712 ut
367 2638 517 2712 debitum
543 2637 682 2712 reddere
706 2662 773 2712 nou
795 2638 922 2738 possit;
942 2663 1009 2713 nou
1027 2639 1124 2713 liceat
1139 2666 1198 2715 eos
1215 2666 1275 2715 se.

158 2776 294 2849 parere:
324 2778 385 2826 uec
410 2778 471 2851 pro
495 2751 563 2825 alia
588 2752 802 2837 infirmitate,
831 2766 969 2852 exceptu
986 2752 1017 2825 si
1035 2751 1201 2828 daemonii
1223 2754 1273 2826 in·

160 2863 321 2952 firmitas,
348 2880 407 2939 aut
430 2865 543 2966 loprae
569 2863 700 2940 macule
725 2866 966 2966 supervenerit.
995 2866 1148 2941 Ceterum
1172 2867 1202 2941 si
1228 2866 1272 2941 ub

159 2976 216 3050 his
241 2978 373 3054 duabus
398 2980 649 3055 infirmitatibus
665 2980 763 3053 liberi
781 2980 906 3055 fuerint
922 2980 1065 3056 invicem
1082 2982 1268 3070 coniuncti,

159 3119 250 3166 unus
274 3092 370 3166 alteri
396 3093 567 3167 seruitium
591 3093 785 3168 exhibeat.»

233 3206 315 3309 Cap.
331 3209 368 3281 V.
394 3209 460 3280 «si
478 3235 561 3283 uxor
577 3235 598 3281 a
612 3210 687 3283 uim
706 3209 882 3310 repudiate
906 3210 1024 3300 fuerit,
1051 3227 1163 3285 utrum
1181 3211 1281 3286 liceat

160 3321 250 3409 rire,
279 3322 337 3396 illa
360 3321 511 3410 virente,
539 3320 639 3395 aliam
666 3322 807 3411 ducere,
835 3325 870 3396 in
904 3325 1046 3423 epistole
1070 3325 1183 3399 domni
1216 3325 1273 3397 ln·

162 3438 305 3512 noeentii
318 3463 428 3539 papas
439 3437 567 3511 directe
582 3437 625 3511 ad
639 3437 863 3537 Exsupcrium
879 3439 1065 3514 tolosanum
1078 3439 1272 3540 episcopum

163 3554 359 3627 continetur.
377 3551 444 3639 Qui
463 3551 702 3626 interveniente
728 3553 886 3652 repudio,
915 3553 973 3627 alii
999 3581 1038 3628 se
1061 3554 1274 3628 matrimonio

162 3665 385 3765 copulamnt,
415 3692 502 3768 quos
528 3665 730 3766 inutraque
756 3683 849 3765 parte
873 3666 1042 3741 adulteros
1068 3694 1144 3742 esse
1169 3669 1274 3741 meni-

164 3779 284 3854 festum
309 3797 385 3869 est3
418 3782 476 3882 qui
502 3807 580 3856 vero
603 3780 657 3855 vel
681 3806 783 3856 uxore
806 3783 957 3869 vivente,
984 3784 1140 3883 quemvis
1164 3782 1275 3858 disso-

165 3894 244 3967 ciati
266 3896 444 3971 uideantur
466 3924 543 3973 esse
566 3924 587 3971 a
612 3896 786 3996 coniugio,
811 3898 854 3971 ed
880 3896 981 3972 aliem
1007 3897 1161 3999 copulem
1186 3897 1276 3972 festi-

239 4061 305 4125 (279)
320 4066 412 4115 Romus
434 4072 501 4118 teet.

238 4143 462 4209 (tumultuandi
476 4146 602 4199 minensis
617 4146 715 4198 diaconi
729 4145 892 4212 opmculum
906 4145 939 4197 ds
953 4148 1016 4197 otttr
1031 4157 1098 4196 rom.
1107 4144 1275 4209 pertusum.

165 4221 305 4287 Mezentius
320 4230 387 4276 teet.
404 4237 458 4289 με.
473 4232 525 4277 tte.
534 4226 577 4277 ubi
587 4224 619 4276 ed
632 4227 752 4290 litterum,
762 4227 791 4277 ut
804 4224 889 4289 aiunt,
898 4224 964 4276 idem
975 4225 1046 4276 refert
1057 4224 1191 4278 decretum.
1202 4223 1277 4276 situ·

165 4314 221 4353 meo
232 4314 294 4366 opus
304 4302 370 4353 istud
382 4316 439 4354 vere
447 4304 592 4370 Luftprsndi
607 4305 657 4368 cst,
673 4305 744 4356 culus
760 4316 849 4356 nornen
866 4304 938 4368 gerit.

236 4382 304 4445 (tet)
317 4383 355 4433 or.
369 4385 455 4434 smort
468 4398 509 4448 op.
520 4386 563 4436 ctt.
574 4397 628 4448 pag.
641 4391 681 4435 te.
