3234 5084
300 448 369 521 212
445 470 507 522 ur.
525 471 573 522 ru.
590 470 677 522 saer.
693 471 824 523 ιιιιιι.
845 472 885 521 nr
903 470 1268 523 mensurarentur.

298 588 416 665 eadem
435 587 555 663 iniisse
572 586 763 663 censendus
781 588 847 674 sit,
868 586 949 687 qnia
973 589 1077 661 omnis
1095 589 1156 687 qui
1174 586 1345 661 dimissam
1360 586 1424 662 du·

299 707 371 790 eit,
399 703 565 777 adulterat
585 706 674 799 (91).

380 818 489 905 Quam
519 818 657 920 quidem
689 819 872 916 genuinam
901 845 940 892 ac
964 845 1156 917 germanam
1181 845 1258 893 esse
1292 818 1419 892 Christi

297 950 443 1009 mentem
461 935 496 1006 in
514 934 579 1006 hoe
595 932 695 1006 effato
714 931 835 1005 melius
858 934 960 1005 etiam
978 933 1164 1006 ostenditur
1180 958 1221 1005 ex
1238 931 1419 1006 abolitione

299 1049 403 1123 libelli
430 1049 562 1148 repudii
588 1074 608 1121 a
632 1049 748 1148 Moyse
773 1048 947 1134 concessi,
976 1048 1072 1121 cuius
1097 1047 1236 1121 allectus
1262 1062 1353 1134 erat,
1383 1063 1420 1121 ut

298 1164 464 1250 vidimus,
482 1162 667 1236 libertatem
685 1161 831 1234 tribuere
849 1161 944 1235 uxori
963 1160 1125 1234 dimissae
1142 1161 1239 1234 alteri
1254 1160 1414 1233 nubendi.

299 1277 375 1350 Hoc
395 1277 497 1373 igitur
523 1274 676 1363 sublato,
697 1275 765 1348 iam
786 1274 879 1347 nulla
896 1289 1044 1348 remanet
1062 1275 1156 1348 uxori
1180 1274 1340 1349 dimissae
1361 1290 1420 1347 aut

300 1392 426 1464 eiectae
451 1405 599 1490 potestas
625 1388 710 1463 alias
736 1389 876 1462 ineundi
908 1389 1061 1489 nuptias3
1089 1405 1123 1461 et
1147 1388 1334 1462 declaratur
1358 1416 1420 1462 an-

299 1522 443 1578 teactum
473 1505 666 1603 coniugium
689 1504 856 1601 integrum
882 1504 993 1603 quoad
1017 1503 1188 1578 vinculum
1208 1503 1418 1590 subsisteret

300 1647 361 1694 nec
379 1620 533 1692 maritum
551 1678 559 1703 ,
580 1618 723 1692 dimissa
736 1644 839 1693 uxore
858 1618 1090 1692 fornicationis
1108 1644 1231 1705 eausa,
1251 1644 1352 1718 posse
1368 1618 1421 1692 al·

176 1722 194 1804 *⁸
300 1752 403 1809 teram
430 1736 572 1821 ducere;
601 1759 711 1833 neque
739 1760 876 1808 uxorem
901 1735 1018 1807 eadem
1043 1734 1086 1807 de
1109 1760 1214 1807 causa
1239 1733 1416 1807 dimissam

300 1877 402 1951 posse
413 1850 509 1924 alteri
523 1848 669 1936 nubere,
690 1849 773 1947 quin
791 1848 966 1923 adulteriis
984 1875 1021 1923 se
1038 1848 1292 1923 commaculent.
1308 1848 1420 1948 Atque

298 1966 383 2040 haec
401 1966 464 2039 luit
482 1964 581 2065 plane
599 1990 653 2038 res
672 1990 778 2049 nova,
799 1989 840 2037 ac
857 1979 956 2037 antea
973 1963 1008 2036 in
1026 1963 1152 2063 populo
1169 1963 1303 2037 iudaice
1320 1964 1420 2036 inau-

298 2083 369 2155 dita
383 2139 390 2169 ,
405 2080 599 2154 omnimoda
615 2080 773 2152 nimirum
791 2079 953 2167 firmitas,
970 2105 1031 2153 seu
1045 2078 1326 2153 indissolubilitas
1342 2104 1420 2152 con·

298 2196 382 2293 iugii
404 2222 425 2269 a
450 2195 585 2268 Christo
611 2194 760 2268 inducta.

373 2315 406 2384 3.
436 2311 627 2385 Necessitas
640 2310 775 2384 demum
789 2326 924 2386 nostrae
937 2310 1222 2410 interpretationis
1239 2309 1419 2384 verborum

298 2425 424 2499 Christi
450 2424 630 2499 efflorescit
655 2450 696 2497 ex
720 2424 963 2511 incommodis,
992 2422 1132 2522 quaein
1150 2423 1418 2498 adversariorum

298 2540 464 2615 sententia
487 2541 663 2614 orirentur.
693 2539 914 2639 Praecipuum
936 2564 1035 2638 porro
1055 2565 1097 2612 ex
1117 2538 1174 2612 his
1197 2539 1419 2614 incommodis

297 2672 369 2743 est,
397 2654 488 2756 quod
513 2654 657 2729 dimissa
680 2652 832 2727 adultera
863 2654 896 2726 in
923 2653 1052 2729 meliori
1079 2668 1171 2728 esset
1199 2652 1418 2744 conditione,

297 2797 399 2871 quam
418 2772 580 2845 innocens
599 2797 703 2856 uror,
724 2794 813 2867 quae
831 2769 915 2843 lorte
932 2768 1016 2842 citra
1032 2768 1165 2868 culpam
1179 2768 1413 2843 dimitteretur.

294 2884 427 2957 Etenim
452 2885 482 2957 si
508 2910 549 2957 ex
573 2908 677 2956 causa
695 2898 822 2955 mutum
842 2881 1071 2957 fornicationis
1089 2909 1151 2956 seu
1169 2881 1325 2955 adulterii
1343 2909 1420 2957 eon-

298 2998 381 3095 iugii
394 2998 566 3072 vinculum
579 2997 663 3072 solvi
683 3012 822 3095 posset;
843 2997 908 3071 hoc
925 3024 993 3072 non
1011 2998 1269 3085 interveniente,
1290 3022 1419 3070 conun-

296 3112 390 3184 hium
406 3110 643 3186 indissolubile
661 3127 881 3210 permaneret.
898 3111 1078 3212 Adeoque,
1100 3114 1128 3186 si
1149 3112 1217 3185 alia
1235 3110 1278 3184 de
1294 3136 1414 3198 causa,

297 3241 542 3328 praeterquam
555 3225 598 3300 ob
612 3225 867 3302 fornicationem
880 3285 888 3315 ,
903 3229 955 3301 vir
967 3253 1105 3302 uxorem
1119 3227 1311 3314 dimitteret,
1332 3225 1418 3299 haec

297 3342 452 3442 nequiret
474 3342 519 3415 ad
540 3367 644 3417 novas
666 3343 810 3417 transire
831 3343 987 3441 nuptias;
1017 3358 1132 3416 contra
1152 3368 1231 3417 vero
1249 3367 1332 3415 uror
1350 3340 1418 3415 lor·

296 3457 425 3532 uicaria
446 3458 516 3532 siva
534 3457 705 3545 adultera,
727 3475 842 3559 posset
858 3457 953 3531 alteri
971 3456 1109 3531 nubere.
1130 3456 1222 3531 llaec
1239 3473 1416 3556 propterea

297 3575 482 3672 praemium
510 3572 647 3647 referret
664 3599 704 3645 ex
722 3600 784 3647 sua
802 3574 971 3673 nequitia,
994 3572 1051 3646 illa
1068 3589 1180 3647 autem
1197 3597 1339 3672 poenam
1357 3571 1417 3645 da-

296 3703 346 3760 ret
370 3686 414 3762 oh
440 3704 607 3761 servatam
634 3688 842 3788 pudicitiam.
881 3688 979 3775 Quod
1004 3715 1105 3789 quam
1136 3687 1322 3762 absurdum
1347 3686 1414 3774 sit,

296 3829 395 3877 nemo
419 3819 470 3877 est
495 3805 554 3903 qui
579 3830 645 3877 nou
669 3805 793 3879 videat.
821 3804 940 3878 ltidem
959 3805 1012 3878 vir
1036 3805 1095 3905 qui
1121 3804 1297 3877 dimissam
1315 3801 1417 3877 adul-.

296 3933 399 3989 teram
419 3916 574 4006 duceret,
595 3945 661 3993 non
678 3919 930 4006 moecharetur,
952 3920 1186 3994 moecharetur
1203 3934 1335 4006 autem,
1355 3918 1415 4018 qui

294 4029 430 4104 ducaret
450 4032 628 4106 dimissam
654 4033 833 4134 pudicam;
862 4031 953 4133 quod
980 4060 1089 4135 aeque
1114 4050 1166 4107 est
1195 4060 1263 4108 uon
1289 4032 1417 4106 medio-

295 4146 394 4219 criter
418 4145 616 4221 absurdum.

367 4260 525 4334 Nonnulli
548 4260 673 4336 vellent
697 4262 762 4337 hoc
788 4265 822 4335 in
848 4290 930 4339 casu
955 4264 1130 4339 mulierem
1157 4261 1332 4337 moecham
1357 4260 1419 4334 de-

371 4409 421 4473 (st)
437 4412 473 4461 tta
489 4411 613 4474 muctare
628 4412 693 4462 hunc
707 4414 803 4464 textura
818 4416 916 4465 erunt
930 4414 1076 4479 aarum
1087 4427 1129 4478 op.
1144 4415 1187 4465 ott.
1200 4412 1224 4476 ς.
1239 4418 1279 4463 et.
