3234 5084
303 458 372 507 cir.
389 457 438 506 ιιι.
450 456 490 505 ns
502 454 614 504 sunsc.
632 454 722 504 ιιιιι
737 453 1017 504 armarentur.
1035 453 1105 503 ur.
1123 453 1158 503 ιι.
1199 518 1209 533 .
1228 430 1291 501 lll

181 575 316 649 stelicae
328 573 502 647 doctrinae
512 572 714 646 contrariam
728 570 887 644 traduxit.
905 572 1055 644 Astcum
1072 571 1183 667 graeci
1201 596 1299 647 num·

179 716 282 789 qnam
303 689 369 761 hac
387 688 430 760 de
447 712 551 761 causa
567 686 745 760 ecclesiam
774 711 943 760 romanam
965 684 1088 759 erroris
1105 683 1295 782 arguerint,

181 804 335 903 propriae
353 800 609 875 consuetudinis
626 799 787 886 contenti,
807 798 932 873 idcirco
949 799 1128 874 concilium
1145 824 1204 873 eos
1217 824 1299 872 aaa

179 919 325 991 themate
355 943 422 991 non
453 915 620 1015 perculit,
644 916 752 1014 {prout
782 915 924 1014 perculit
964 931 1152 989 novatores.
1190 914 1299 1014 Atque

179 1032 300 1106 exinde
323 1033 489 1106 discimus
518 1032 700 1104 discrimen
725 1031 818 1130 quod
843 1029 1020 1105 intercedit
1043 1030 1129 1103 inter
1156 1029 1299 1129 primam

179 1166 212 1221 et
236 1148 421 1221 secundam
449 1147 551 1219 huius
576 1147 718 1219 canonis
744 1146 909 1232 sormam3
938 1144 1029 1246 quod
1055 1143 1183 1219 scilicet
1208 1144 1299 1243 prior

181 1288 246 1335 non
272 1261 381 1335 solum
414 1277 606 1346 novatores,
636 1260 697 1335 sed
721 1285 862 1358 graecos
878 1261 979 1335 etiam
998 1260 1209 1333 anathemate
1226 1285 1299 1357 per·

180 1379 339 1465 emisset,
368 1378 534 1477 posterior
560 1404 639 1452 vero
664 1394 841 1453 novatores
864 1392 992 1451 tantm
1017 1376 1153 1463 affecit,
1180 1376 1297 1450 emam

182 1498 217 1566 in
237 1510 308 1569 tuto
325 1511 542 1594 permanente
558 1495 722 1568 ecclesiae
739 1494 904 1568 doctrina.
924 1494 1043 1566 Mirum
1064 1492 1205 1592 proinde
1222 1517 1299 1566 esse

181 1610 280 1684 debet
303 1610 441 1683 Paulum
464 1611 620 1709 Sarpium
639 1611 779 1710 eiusque
796 1608 946 1683 asseclas
964 1608 1145 1682 discrimen
1162 1607 1228 1681 hoc
1249 1608 1299 1680 in·

185 1741 235 1797 ter
259 1740 436 1823 utrumque
460 1724 599 1798 canonis
619 1724 791 1823 exemplar
815 1750 882 1798 nnn
908 1723 1048 1798 vidisse.

252 1839 346 1924 Quae
358 1865 435 1913 cum
448 1840 496 1912 ita
513 1840 602 1927 sint,
619 1855 711 1938 patet
728 1865 794 1912 non
813 1838 922 1913 solum
938 1864 1100 1913 canonem
1118 1838 1209 1912 hunc
1221 1864 1297 1913 esse

178 1954 431 2051 dogmaticum,
463 1970 629 2054 quatenus
661 1953 933 2027 infallibilitatem
956 1952 1121 2028 ecclesiae
1146 1953 1297 2028 docentis

178 2068 346 2156 adstruit,
367 2069 427 2142 sed
445 2084 616 2168 praeterea
640 2070 740 2143 otiam
762 2068 987 2167 dogmaticum
1008 2093 1106 2155 esse,
1130 2085 1296 2168 quatenus

179 2210 240 2282 pro
260 2183 391 2258 obiecto
416 2183 517 2258 habet
539 2184 723 2259 doctrinam
749 2184 977 2282 evangelicam
1002 2183 1292 2286 atapostclicam.

253 2299 463 2399 Quapropter
486 2327 507 2373 a
531 2325 610 2373 vero
631 2298 796 2375 abludunt
813 2314 978 2400 quotquot
996 2327 1035 2373 ex
1053 2326 1141 2375 nora
1156 2300 1296 2375 canoms

180 2415 327 2488 lor-maa
354 2414 544 2490 tridentinis
570 2414 723 2514 patribus
748 2414 908 2514 adoptata
929 2414 1112 2489 intulerunt
1131 2430 1190 2489 aut
1213 2414 1295 2489 inle-

180 2547 258 2603 mnt
281 2555 441 2605 canonem
467 2531 557 2604 hunc
573 2530 643 2603 Vll.
660 2556 751 2605 mere
768 2529 1021 2630 disciplinamm
1043 2553 1137 2616 esse,
1156 2530 1295 2603 minime

179 2670 257 2718 vero
280 2646 503 2742 dogmaticum
522 2672 562 2720 ac
578 2643 809 2719 doctrinalem.
831 2645 881 2717 dd
899 2645 987 2718 hanc
1004 2644 1202 2718 sententiam
1220 2658 1297 2745 post

182 2758 319 2832 Paulum
343 2761 520 2859 Sarpium,
554 2761 743 2845 launoius,
768 2760 894 2860 aliique
919 2759 1119 2834 recentiores
1137 2759 1295 2833 neoterici

181 2871 297 2945 maiori
315 2890 374 2947 aut
389 2875 509 2948 minori
524 2878 706 2950 temeritate
724 2901 785 2975 pro
804 2876 932 2950 ratione
949 2875 1084 2949 diversa
1101 2900 1203 2976 quam
1215 2900 1296 2950 con-

182 2989 300 3061 sectati
325 3009 405 3063 sunt
427 2992 462 3062 in
487 2991 552 3066 hoc
575 3018 704 3067 canone
723 2991 963 3093 expendendo,
992 3008 1219 3067 accesserunt.

254 3104 391 3203 Sarpius
407 3104 544 3204 quidem
562 3132 638 3179 cum
656 3106 828 3181 retulisset
845 3106 1026 3181 nonnullos
1041 3122 1153 3206 patres
1166 3106 1202 3178 in
1215 3132 1296 3181 con·

180 3219 282 3292 traria
307 3218 415 3293 luisse
434 3222 618 3307 sententia,
642 3221 765 3294 adiecit
781 3222 913 3321 concipi
934 3248 1071 3321 prorsus
1089 3248 1156 3296 non
1174 3246 1292 3320 posse,

180 3360 325 3434 quanam
351 3334 478 3409 ratione
494 3333 637 3408 ecclesia
654 3335 835 3409 anathema
853 3336 975 3409 minari
994 3336 1139 3436 potuerit
1155 3335 1224 3420 iis,
1235 3334 1294 3435 qui

180 3451 290 3548 ipsius
315 3451 501 3524 doctrinam
526 3452 648 3523 erroris
675 3450 900 3537 insimulant,
928 3451 1012 3551 quin
1037 3450 1139 3524 simul
1163 3449 1296 3548 opinio·

182 3592 257 3639 nem
282 3566 362 3640 huic
386 3566 549 3640 ecclesiae
568 3566 741 3641 doctrinae
765 3566 940 3641 adversam
966 3584 1004 3639 ut
1023 3591 1195 3640 erroneam
1216 3590 1296 3639 con·

181 3680 372 3767 damnaret;
389 3680 479 3780 quod
493 3705 568 3752 cum
582 3679 805 3754 ecclesianos
820 3681 949 3765 lecerit,
966 3679 1026 3753 sed
1048 3678 1294 3754 observantiam

182 3821 377 3891 graecorum
396 3795 484 3869 ultro
496 3795 772 3883 dissimulaverit,
788 3796 917 3896 absque
937 3795 1159 3870 haesitatione
1181 3811 1296 3869 tenen

181 3909 261 3982 dum
287 3910 473 3998 concludit,
506 3938 634 3987 canone
663 3912 842 3986 tridentino
871 3937 1084 4012 nequaquam
1109 3909 1293 3984 doctrinam

179 4024 352 4096 enunciari
369 4027 457 4120 (33).
475 4027 634 4126 Apostata
647 4027 872 4128 Courayerius
887 4026 1046 4101 historiae
1058 4024 1208 4101 eiusdem
1221 4024 1295 4097 Sar-

180 4138 228 4236 pii
254 4138 288 4210 in
309 4139 464 4236 gallicam
482 4142 630 4241 linguam
649 4143 830 4218 translator
845 4159 879 4217 et
896 4142 1082 4243 postillator
1099 4141 1163 4217 sub
1181 4142 1294 4242 specie

179 4252 358 4327 solutionis
381 4256 555 4331 cuiusdam
573 4258 705 4331 dandae
724 4257 767 4331 ad
790 4258 878 4330 hanc
897 4256 1128 4331 difficultatem
1150 4258 1294 4331 allirma-

254 4406 304 4467 (tt)
321 4404 390 4469 Apud
408 4407 500 4458 Pallas.
513 4407 560 4459 loc.
574 4410 617 4459 cit.
