3234 5084
310 400 378 470 288
454 421 516 471 ιιι.
531 420 582 470 ιιι.
599 418 686 470 srcr.
703 419 834 470 ιιιιιιι.
852 419 893 470 ιιι
908 419 1020 470 moras.
1037 419 1132 472 ιιιιι.
1150 419 1272 470 crusr.

306 540 567 641 pronunciatum
583 556 652 626 est,
673 565 741 612 non
763 537 864 612 licere
882 564 902 611 a
919 541 1131 614 matrimonio
1146 540 1334 628 discedere,
1356 539 1423 615 nisi

304 655 349 730 ob
370 654 635 728 fornicationem.
655 653 871 727 Consuetudo
884 668 996 727 autem
1015 681 1081 727 non
1099 655 1146 726 ita
1163 682 1201 727 se
1218 656 1338 744 habet,
1364 656 1426 730 sed

303 772 347 844 de
361 769 558 842 mulieribus
576 769 712 868 quidem
727 770 831 842 multa
850 784 1003 841 accurate
1016 769 1186 841 observari
1204 770 1428 870 deprehendi·

307 912 400 969 mus,
417 911 493 957 cum
511 883 691 982 Apostolus
705 883 844 982 quidem
862 883 969 969 dicat,
991 883 1076 980 quod
1093 886 1152 980 qui
1165 884 1317 957 adhaeret
1330 913 1427 957 mere-

310 1002 405 1083 trici,
422 1001 459 1097 fit
480 1026 580 1070 eoum
598 1023 723 1096 corpus.
754 999 913 1072 Ieremias
934 1026 1012 1071 vero
1033 999 1166 1096 quodsi
1188 1002 1289 1099 suerit
1308 1003 1427 1074 mulier

306 1142 381 1188 cum
394 1117 460 1187 alio
472 1117 560 1199 ot'ro,
581 1143 644 1186 eoo
656 1129 833 1186 revertetur
844 1114 888 1185 cd
900 1117 1008 1186 cirum
1019 1141 1134 1198 saum,
1150 1115 1206 1186 sed
1215 1117 1345 1212 polluta
1352 1118 1427 1215 pol·

308 1231 437 1302 luetur:
461 1247 495 1303 et
516 1217 653 1303 iterum:
684 1229 751 1315 Qui
772 1229 867 1308 labet
892 1230 1091 1315 adulteram,
1114 1230 1234 1302 stultus
1251 1246 1297 1303 cat
1314 1247 1345 1303 ct
1361 1234 1424 1303 ἰηι-

307 1346 399 1443 pius.
425 1344 639 1418 Consuetudo
665 1362 776 1416 autem
801 1344 900 1417 etiam
926 1344 1096 1418 adulteros
1113 1344 1203 1418 vires
1220 1360 1253 1419 et
1268 1346 1302 1417 in
1325 1344 1429 1419 fomi-

306 1460 496 1533 oationibus
522 1475 720 1547 versantes,
749 1458 842 1531 iubet
867 1486 888 1532 a
912 1459 1111 1533 mulieribus
1137 1461 1286 1536 retineri.
1315 1461 1427 1547 Quare

307 1601 395 1673 quae
416 1601 485 1646 una
505 1599 582 1646 cum
600 1574 673 1647 uiro
690 1572 834 1647 dimisso
852 1573 998 1660 habitat,
1015 1575 1130 1648 nescio
1147 1601 1189 1647 an
1208 1576 1315 1676 possit
1331 1574 1429 1649 adul-

308 1704 379 1762 tera
401 1688 579 1788 appellari.
608 1688 740 1762 Crimen
766 1689 857 1761 enirn
883 1689 940 1762 hic
964 1689 1097 1786 attingit
1121 1689 1313 1779 mulierem,
1341 1716 1429 1791 quae

308 1804 417 1877 virum
442 1804 591 1891 dimisit3
620 1830 767 1903 quanam
792 1803 835 1877 de
859 1830 962 1877 causa
986 1832 1007 1877 a
1032 1805 1187 1901 coniugio
1216 1806 1423 1880 discesserit.

310 1921 386 1994 Sive
412 1921 503 1992 enim
529 1946 691 2020 percussa
719 1920 837 2019 plagas
863 1946 928 1992 non
952 1919 1058 2008 ferat,
1088 1921 1173 1994 ferre
1199 1922 1424 2009 secluserat,

306 2060 450 2133 quamn
475 2035 618 2132 coniuge
640 2034 810 2133 separari:
842 2034 913 2108 sive
939 2034 1098 2107 damnum
1125 2035 1160 2107 in
1186 2037 1339 2135 pecuniis
1361 2062 1427 2110 non

306 2149 406 2236 ferat,
430 2176 472 2224 ne
494 2148 578 2222 haec
603 2150 742 2248 quidem
768 2149 857 2222 iusta
879 2150 1077 2223 excusatio:
1109 2152 1162 2223 sin
1189 2168 1319 2237 autem,
1348 2179 1430 2252 quo

307 2263 399 2336 niam
427 2264 501 2363 ipse
526 2265 610 2338 vivit
635 2264 669 2336 in
689 2264 924 2350 fornicatione,
949 2291 1016 2338 non
1034 2264 1199 2339 habemus
1217 2267 1305 2339 hanc
1327 2268 1361 2338 in
1378 2292 1430 2340 ec

305 2379 496 2456 clesiastica
522 2381 768 2456 consuetudine
796 2380 1089 2470 observationem,
1118 2381 1284 2457 imovero
1310 2381 1353 2454 nb
1377 2387 1431 2454 in-

306 2496 396 2569 fideli
428 2497 501 2571 viro
536 2524 603 2571 non
637 2498 731 2571 iussa
763 2515 816 2571 cst
841 2498 962 2571 mulier
996 2499 1169 2596 separari,
1206 2498 1266 2571 sed
1293 2513 1429 2598 propter

303 2630 458 2688 eventum
485 2614 647 2687 incertum
669 2641 852 2687 remanere.
870 2613 959 2700 Quid
977 2616 1063 2685 enim
1087 2616 1151 2686 scis
1171 2615 1289 2687 mulier
1314 2641 1358 2686 on
1379 2617 1429 2687 ci-

305 2755 380 2800 rum
392 2730 521 2801 solvam
535 2732 582 2801 sis
595 2730 755 2829 factura?
774 2727 902 2814 Quare,
919 2754 1007 2828 quae
1023 2727 1177 2826 reliquit,
1194 2742 1246 2801 est
1258 2727 1425 2816 adultera,

306 2843 336 2916 si
356 2844 399 2915 ad
417 2844 521 2916 alium
535 2843 644 2916 uirum
663 2843 824 2916 accessit:
847 2843 905 2941 qui
924 2859 1035 2915 autem
1056 2842 1192 2916 relictus
1211 2856 1280 2931 est,
1302 2844 1427 2942 dignus

305 2975 358 3031 est
385 2959 504 3044 venia,
534 2975 567 3031 et
591 2985 679 3058 quoe
700 2985 769 3031 una
793 2984 871 3031 cum
895 2985 935 3031 eo
962 2957 1110 3045 habitat,
1140 2985 1206 3032 non
1224 2959 1429 3034 condemna-

305 3090 370 3146 tur.
394 3073 460 3146 Sed
478 3074 509 3145 si
526 3073 599 3161 vir,
619 3073 679 3172 qui
697 3074 740 3146 ab
756 3100 861 3147 uxore
877 3074 1053 3160 discessit,
1076 3076 1219 3149 accessit
1236 3075 1279 3149 ad
1298 3075 1421 3162 aliam,

305 3202 357 3260 est
379 3203 413 3261 et
436 3188 511 3287 ipse
535 3187 686 3275 adulter,
707 3188 789 3288 quia
808 3188 887 3261 facit
907 3205 945 3261 ut
965 3190 1039 3289 ipsa
1056 3189 1256 3263 adulterium
1275 3191 1423 3264 mmmit

305 3318 373 3391 tat,
402 3318 434 3377 ot
458 3328 545 3403 qnae
573 3330 642 3376 una
669 3330 744 3376 cum
771 3303 847 3403 ipso
872 3302 1019 3391 habitat,
1053 3320 1105 3379 est
1136 3305 1306 3392 adultera,
1343 3306 1427 3405 quia

306 3417 452 3492 alienum
474 3419 583 3493 virum
608 3418 652 3491 ad
678 3445 716 3492 se
741 3418 936 3492 traduxit.»

388 3536 425 3606 ln
452 3534 698 3635 epistolarem
725 3534 767 3605 ll.
804 3534 966 3608 canonica
996 3537 1091 3630 (92),
1119 3561 1194 3609 can.
1225 3537 1311 3607 xxi.
1342 3535 1426 3608 haec

306 3648 430 3723 habet:
462 3650 529 3721 «Si
554 3649 605 3722 vir
629 3676 696 3722 una
725 3676 801 3723 oum
827 3676 929 3723 uxore
955 3649 1134 3737 habitans,
1167 3667 1284 3752 postea
1308 3650 1423 3724 matri-

302 3782 415 3855 monio
440 3809 506 3855 non
532 3798 727 3868 contentus,
749 3783 783 3854 in
803 3782 1055 3856 fornicationem
1079 3783 1254 3872 inciderit;
1281 3784 1423 3858 fornica·

304 3913 409 3971 torem
434 3925 511 3971 eum
539 3898 749 3979 iudicamus,
781 3898 961 3996 ipsumque
985 3899 1119 3996 longius
1147 3900 1362 4001 producimus
1388 3900 1423 3971 in

305 4012 475 4114 impositis
500 4014 634 4113 poenis:
665 4012 725 4086 sed
751 4028 861 4085 tamen
881 4039 1043 4086 canonem
1065 4041 1132 4088 non
1153 4014 1338 4102 habemnS,
1360 4014 1420 4113 qui

304 4153 384 4200 eum
399 4129 554 4202 adulterii
569 4128 699 4202 crimini
718 4128 894 4215 subiiciat,
917 4129 946 4201 si
965 4129 1000 4200 in
1019 4128 1161 4204 solutam
1178 4129 1424 4203 amatrimonio

307 4260 477 4343 peccatum
492 4245 708 4319 commissum
728 4245 786 4318 sit:
809 4260 983 4344 propterea
1001 4245 1091 4345 quod
1113 4246 1264 4322 adultera
1278 4244 1420 4346 quidem,

378 4395 428 4456 (or)
446 4395 494 4445 cn.
510 4394 569 4445 erit.
582 4395 652 4457 epist.
664 4397 770 4444 cxcix.
