3234 5084
309 412 380 483 284
452 434 514 482 ιιι.
530 432 578 482 ιιι.
593 430 681 484 sacr.
692 431 828 484 ‚ruram
846 433 886 482 nr
903 432 1015 484 mnas.
1032 433 1128 484 urna.
1147 433 1273 486 caarsr.

306 551 493 653 legitimam
517 548 726 624 dissolvendi
752 549 1088 648 vinculiconiugalis
1114 552 1306 651 praebuerit
1326 557 1420 652 (81);

223 737 233 752 χ
309 668 343 738 3.
366 664 504 738 Addunt
531 679 702 764 praeterea
725 664 893 738 secundas
925 666 1059 766 nuptias
1086 682 1164 767 post
1189 668 1426 745 dimissionem

307 797 493 855 contractas
519 810 594 856 can.
628 787 683 856 lx.
715 786 850 860 illicitas
877 788 1032 886 quidem,
1062 803 1115 860 ast
1133 813 1200 860 non
1226 788 1339 861 irritas
1364 789 1426 862 de-

307 898 397 969 cerni
417 900 510 992 (82);
530 901 562 970 d.
583 900 612 971 si
632 900 714 972 haec
731 901 936 973 inhaesisset
950 901 1101 999 patribus
1120 901 1331 976 illiberitanis
1349 930 1425 976 sen·

307 1014 411 1085 tentia
428 1014 470 1085 de
487 1014 610 1086 vinculi
630 1017 861 1115 perpetuitate,
878 1017 1058 1089 iussissent
1073 1017 1219 1115 prolecto
1233 1017 1419 1104 mulierem,

307 1129 351 1201 de
374 1155 442 1228 qua
460 1147 511 1202 est
529 1157 657 1216 sermo,
685 1133 727 1203 ad
753 1134 898 1232 priorem
916 1133 1071 1205 maritum
1098 1134 1217 1206 reverti
1236 1191 1243 1221 ,
1265 1134 1355 1231 quod
1374 1151 1424 1206 ta-

307 1269 384 1315 men
410 1244 547 1317 minime
571 1244 733 1318 lecerunt.

335 1399 341 1406 ·
378 1358 496 1432 Verum
510 1360 654 1459 primum
673 1360 771 1434 facile
788 1362 943 1450 diluitur,
965 1363 995 1435 si
1009 1364 1093 1437 ratio
1111 1362 1274 1437 habeatur
1286 1364 1420 1448 aetatis,

306 1499 373 1571 qua
397 1472 482 1546 baec
506 1475 685 1548 constituta
711 1492 810 1564 sunt,
830 1478 916 1548 xlx.
942 1478 1071 1551 scilicet
1087 1504 1175 1552 anno
1196 1478 1328 1577 imperii
1346 1477 1425 1551 Dio-

306 1586 457 1676 cletiuni;
486 1590 553 1662 iam
578 1617 657 1664 vero
682 1589 739 1664 hie
764 1592 945 1690 imperator
968 1592 1043 1689 lege
1067 1591 1146 1666 data
1170 1618 1226 1665 an.
1257 1595 1340 1664 tta.
1370 1592 1424 1666 di-

305 1704 421 1777 vortiis
441 1704 539 1777 valde
564 1705 690 1778 laverat
714 1706 925 1780 constituens
944 1705 987 1778 ad
1010 1706 1191 1782 'divortium
1208 1705 1359 1803 legitime
1375 1705 1423 1778 la·

305 1819 641 1895 ciendumsulficere
665 1823 696 1893 si
715 1822 845 1893 libellus
865 1821 997 1918 repudii
1012 1848 1073 1918 per
1097 1823 1264 1898 mulierem
1279 1824 1421 1919 scriptus

307 1935 372 2018 ait,
401 1934 533 2007 etiamsi
560 1934 708 2008 nondum
730 1936 850 2008 marito
875 1934 1036 2021 traditus,
1062 1936 1128 2007 imo
1149 1935 1280 2008 etiamsi
1307 1934 1364 2008 ille
1389 1934 1425 2008 id

309 2048 513 2145 ignoraverit
528 2051 617 2144 (83).
633 2049 674 2121 Ut
689 2049 828 2146 proinde
843 2048 923 2120 huie
936 2048 1020 2145 legi,
1037 2074 1126 2148 quae
1138 2047 1293 2122 licentiae
1310 2047 1425 2121 mulie

307 2190 381 2236 rum
397 2181 430 2237 et
450 2162 612 2237 abusibus
635 2164 838 2238 latissimum
856 2163 1028 2261 aperiebat
1040 2190 1213 2262 campum,
1230 2163 1424 2238 illiberitani

306 2280 480 2379 praesules
504 2306 579 2353 sese
604 2291 812 2379 opponerent
832 2279 897 2352 hos
923 2291 1067 2352 canones
1094 2295 1299 2366 statuerunt,
1330 2278 1423 2352 nulla

304 2395 452 2468 virorum
477 2397 602 2469 iniecta
626 2396 807 2470 mentione.
834 2395 987 2468 Ceterum
1009 2395 1163 2490 ignorare
1187 2407 1255 2466 non
1273 2409 1426 2492 poterant

306 2510 512 2586 sanctissimi
547 2510 720 2610 praesules
753 2510 894 2610 aequale
924 2510 977 2582 ius
1004 2510 1040 2580 in
1063 2509 1220 2606 coniugio
1249 2524 1316 2581 tam
1341 2508 1423 2582 viris

305 2653 407 2726 quam
442 2626 602 2700 uxoribus
634 2642 844 2726 competere,
875 2640 912 2697 ut
937 2639 1068 2702 constat
1094 2649 1134 2695 ex
1159 2625 1260 2696 Marc.
1289 2623 1331 2695 ll.
1362 2625 1421 2696 11.

304 2744 384 2815 Luc.
413 2743 496 2814 XVl.
526 2745 584 2814 18.
613 2768 654 2814 ac
680 2744 715 2813 1.
739 2741 815 2814 Cor.
835 2741 905 2811 Vll.
931 2742 990 2812 10.
1014 2754 1047 2812 et
1063 2738 1345 2839 quemadmodum
1364 2764 1425 2838 po-

306 2873 378 2930 stea
403 2857 539 2956 scripsit
564 2884 595 2930 s.
620 2856 788 2930 Basilius:
821 2885 838 2924 «
850 2855 965 2953 Aequa
982 2854 1065 2928 viris
1082 2871 1116 2927 et
1132 2854 1331 2930 mulieribus
1349 2879 1425 2926 con·

305 2972 397 3046 uenit
409 2971 597 3044 secundum
610 2971 795 3044 sententiae
807 2970 1125 3068 consequutionem,
1142 2969 1232 3069 quod
1245 2996 1266 3042 a
1277 2969 1420 3042 Domino

309 3086 558 3185 pronuntiatum
577 3102 629 3159 est
650 3089 739 3181 (tt).
759 3116 776 3156 n

378 3199 434 3272 Sic
451 3198 590 3274 alterum
607 3199 798 3299 exploditur
811 3213 827 3287 ,'
840 3226 916 3276 cum
935 3213 1052 3274 eontra
1069 3199 1116 3272 rei
1134 3198 1306 3272 vemtutem
1323 3222 1421 3272 assu-

305 3330 416 3390 matur
428 3315 517 3415 quod
531 3314 656 3390 salsum
668 3331 736 3404 est,
760 3315 1047 3392 sirennrnina'tim
1060 3313 1173 3413 quoad
1190 3337 1336 3386 canones
1354 3311 1423 3384 illi-

305 3429 495 3519 beritanos,
528 3430 628 3530 quasi
654 3456 775 3529 nempe
800 3430 932 3506 faveant
955 3429 1117 3516 divortio,
1147 3429 1219 3504 sive
1238 3427 1422 3524 generatim

305 3547 417 3648 quoad
451 3545 612 3620 ecclesiae
641 3541 882 3645 disciplinam,
911 3544 1001 3646 quod
1032 3544 1191 3616 nimirum
1221 3542 1423 3616 adulterium

303 3688 414 3761 usque
438 3663 481 3735 ad
503 3662 674 3735 saeculum
699 3677 831 3735 sextum
856 3660 1019 3734 eeclesiae
1048 3685 1186 3734 causam
1211 3658 1346 3733 divortii
1373 3657 1424 3731 la-

304 3776 415 3850 ciendi
441 3776 642 3877 praebuerit.
673 3777 745 3850 Hoc
771 3802 847 3849 cum
873 3775 1014 3848 historia
1040 3789 1179 3874 pugnat.

375 3993 425 4055 (at)
441 3993 483 4043 ott
497 3993 644 4045 Subututtu
657 3993 819 4058 tubtueensts
834 3993 860 4043 in
880 3993 1013 4044 rraustr.
1025 4004 1122 4042 recem.
1138 3989 1282 4054 thectoeteu
1300 3995 1370 4040 teat.

377 4072 428 4136 (su)
442 4071 509 4122 tbtd.
527 4080 581 4124 aar.
596 4086 652 4137 pag.
670 4080 708 4125 se.

375 4151 425 4213 (st)
440 4152 496 4204 Lib.
510 4155 540 4202 V.
551 4154 590 4203 ut.
607 4158 643 4204 17.
656 4156 692 4204 De
712 4152 829 4217 repudiis
845 4154 871 4201 et
891 4149 988 4201 tudtcto
1001 4153 1049 4201 etc.
1062 4152 1091 4200 c.
1107 4153 1135 4200 L,
1147 4156 1171 4199 o.
1188 4148 1275 4199 «Licet
1287 4145 1381 4210 repudii
1395 4146 1423 4195 li·

305 4231 384 4281 bellus
404 4244 454 4281 non
473 4231 548 4282 tuerit
569 4232 692 4294 traditus,
719 4233 759 4282 vet
779 4231 892 4293 cognitus
912 4229 1015 4292 manto,
1035 4228 1179 4282 dissolvitur
1203 4225 1397 4279 nutrimentum.
1412 4244 1425 4268 ν

303 4313 359 4366 Dat.
376 4319 412 4361 tt.
424 4310 474 4361 kal.
489 4314 541 4362 lau.
555 4312 712 4363 Nicomedlae
729 4314 778 4362 cc.
796 4323 837 4361 aa.
857 4316 910 4362 293.

377 4392 426 4454 (at)
444 4392 520 4456 epist.
536 4394 711 4444 ctxttxvttt.
723 4405 783 4468 ¹rara
800 4394 842 4442 lx.
856 4390 895 4443 ed.
911 4393 988 4442 Maur.
1001 4393 1061 4442 tom.
1077 4394 1120 4442 ut.
1134 4403 1188 4455 pag.
1202 4393 1256 4440 υἷι.
