3234 5084
323 407 396 494 tlt
436 391 438 396 ’
467 429 530 497 trs.
551 428 600 495 pr.¹
614 426 702 481 seer.
721 427 854 489 arreni.
877 426 917 481 os
942 425 1054 477 mnes.
1076 425 1173 493 aare.
1193 424 1319 477 mater.

325 546 425 637 idern
443 546 499 619 die
523 546 565 621 de
590 559 753 644 potestate
779 570 862 631 rum,
885 542 1054 642 pontilicis
1078 541 1113 613 in
1137 542 1369 643 dispensando
1395 546 1440 620 ab

324 661 571 767 impedimentis
600 658 835 735 dirimentibus
856 660 1020 758 praeviis,
1046 654 1144 731 ouius
1168 658 1333 735 facultatis
1358 680 1441 741 ante

186 772 191 793 '
324 777 552 867 imponentium
581 777 642 851 lll.
673 776 732 850 vix'
763 777 912 878 suppetit
942 774 1091 848 solemne
1123 773 1263 875 aliquod
1294 777 1432 851 laetum.

326 898 359 967 3.
377 893 441 980 Qui
462 892 547 966 haee
566 890 731 967 obiiciunt
748 916 815 965 non
832 889 1009 965 advertunt
1032 889 1185 962 eamdem
1206 889 1433 965 difficultatem

324 1008 448 1083 moueri
466 1031 567 1106 posse
583 1003 745 1081 adversus
758 1026 1006 1104 quemeumque
1023 1001 1233 1105 pontifioem,
1255 1005 1314 1103 qui
1328 1006 1434 1102 primo

326 1120 616 1222 eliquataeultate
633 1119 699 1195 sibi
712 1118 849 1218 propria
860 1144 944 1195 usus
957 1118 1072 1205 luerit,
1089 1143 1165 1191 oum
1180 1143 1314 1217 semper
1326 1120 1434 1219 excipi

325 1253 455 1339 poenal,
485 1254 564 1323 ante
579 1236 681 1311 talem
700 1234 896 1309 nominatim
915 1233 1124 1334 pontificem,
1146 1235 1315 1309 neminem
1338 1263 1439 1311 usum

324 1382 363 1437 ea
389 1370 553 1455 potestate
576 1353 696 1429 fuisse.
713 1351 816 1438 ¹Quod
842 1351 989 1449 prolecto
1014 1349 1178 1425 absonum
1199 1367 1263 1425 est.

397 1469 494 1556 Quod
511 1490 589 1553 vero
615 1468 733 1542 attinet
755 1466 799 1541 ad
824 1465 965 1540 altarum
989 1481 1223 1564 argumentum
1244 1469 1438 1566 negativum

325 1584 367 1669 de
391 1583 525 1659 silentio
549 1581 755 1669 traditionis,
775 1579 885 1679 magis
903 1578 1015 1657 adhue
1032 1595 1138 1654 natat.
1158 1581 1332 1681 Siquidem
1348 1583 1438 1657 ridi-

324 1726 399 1773 mus
426 1725 466 1772 ex
488 1697 667 1772 Benedicta
689 1696 773 1768 xlv.
795 1695 883 1769 hane
907 1710 1103 1796 potestatem
1130 1713 1284 1772 onustare
1307 1726 1351 1773 err
1373 1715 1439 1773 tra-

323 1812 569 1887 etiamtiam
602 1828 712 1889 autem
738 1826 847 1910 potest
871 1809 985 1887 inesse
1007 1835 1048 1883 ao
1071 1811 1186 1909 rigare
1209 1812 1244 1884 in
1272 1813 1429 1901 ecelesia,

323 1929 407 2028 quin
433 1924 478 2001 de
502 1928 578 2027 ipsa
602 1942 733 2003 onustat
756 1953 816 2027 per
841 1925 1079 2013 instrumenta,
1106 1926 1231 2026 quibus
1262 1928 1358 2003 nohis
1379 1957 1439 2029 pa—

323 2036 440 2131 tefieris
454 2042 555 2129 solat,
582 2058 622 2115 ut
644 2041 728 2115 alias
754 2040 1006 2126 adnotavimus3
1035 2067 1111 2115 cum
1136 2041 1204 2116 duo
1234 2043 1339 2133 haee,
1372 2061 1438 2120 tra·

322 2158 462 2232 ditionis
491 2158 629 2243 seilicet
643 2157 820 2232 existentia
844 2157 880 2229 in
905 2155 1068 2245 aeclesia,
1097 2172 1130 2231 et
1152 2158 1304 2233 eiusdem
1335 2162 1436 2236 tradi·

324 2274 426 2359 tionis
461 2273 659 2348 documenta
690 2299 750 2372 per
774 2298 863 2372 quae
893 2273 1123 2369 dignoscitur,
1155 2273 1255 2348 valde
1282 2275 1370 2352 inter
1399 2304 1438 2353 se

323 2388 540 2488 diserepent;
578 2404 677 2487 prout
706 2387 871 2484 contingit
902 2387 936 2459 in
970 2384 1126 2485 pluribus
1157 2387 1234 2462 aliis
1264 2389 1438 2468 doetrinae

323 2503 509 2583 catholiam
526 2503 706 2603 capitibus.
934 2592 937 2597 ,

292 2628 294 2691 ἶ
331 2670 347 2703 ,.
391 2619 542 2703 ,Tertium
560 2633 806 2717 argumentum,
827 2618 919 2719 quud
937 2635 989 2693 est
1004 2617 1124 2719 Sylvii,
1146 2619 1238 2694 iuxta
1256 2646 1356 2720 quem
1378 2648 1439 2722 po,-

322 2750 447 2822 testas,
468 2753 561 2833 quaet
574 2733 710 2834 profluit
726 2751 785 2806 aut
801 2738 972 2808 exercet&
990 2733 1182 2809 immediate
1198 2763 1220 2808 a
1236 2736 1331 2810 llom.
1348 2737 1438 2811 Pon-

321 2840 427 2935 afim,
445 2849 579 2923 etiamsi
606 2849 636 2922 is
662 2876 685 2921 a
707 2848 842 2923 Christo
859 2875 933 2922 eam
951 2849 1135 2949 acceperit,
1156 2876 1223 2923 nou
1241 2866 1351 2949 potest
1365 2851 1436 2925 dici

320 2961 447 3049 dirim,
468 2964 528 3047 sed
547 2962 655 3037 solum
681 2962 830 3037 humana
855 2979 914 3037 aut
936 2962 1184 3052 ecelesiastica,
1212 2965 1297 3040 adeo
1321 2982 1358 3041 ut
1379 2993 1437 3040 ea-

319 3077 396 3159 dem
423 3103 489 3151 non
516 3077 626 3176 possit
650 3076 841 3176 dispensari
861 3078 895 3151 in
914 3104 955 3152 eo
972 3079 1064 3179 quad
1080 3078 1217 3155 divinae
1232 3098 1285 3157 θεῖ
1300 3082 1437 3155 institu-

320 3191 441 3279 tinnia,
461 3190 585 3267 salsum
603 3207 656 3266 est
667 3207 701 3265 θῖ
712 3191 890 3268 absonum.
905 3193 1041 3269 Falsum
1055 3195 1205 3295 quidem,
1221 3196 1302 3296 quia
1312 3196 1436 3273 exinde

319 3321 516 3407 sequeretur
541 3328 606 3381 non
632 3332 735 3407 posse
759 3308 938 3393 eeclesiam
967 3326 1105 3410 accepta
1118 3337 1150 3383 a
1176 3309 1309 3388 Christo
1341 3328 1433 3412 pote-

319 3434 407 3507 state
430 3419 527 3519 plura
551 3422 772 3510 constituere,
798 3448 888 3522 quae
911 3440 1087 3498 versentur
1105 3425 1196 3499 eitra
1212 3452 1253 3501 ea
1268 3450 1357 3527 quae
1380 3426 1433 3498 di·

318 3535 447 3611 vinitus
470 3541 550 3621 sript
578 3537 749 3624 instituta;
774 3564 827 3610 ex.
853 3565 905 3635 gr.
929 3556 966 3612 ut
998 3540 1033 3612 in
1064 3566 1100 3615 re
1128 3541 1171 3615 de
1200 3569 1269 3642 qua
1299 3543 1432 3641 agimus

318 3649 513 3737 sistamus,
527 3665 723 3750 sequeretur
747 3651 924 3725 ecelesiam
951 3654 1154 3731 constituere
1172 3682 1239 3731 non
1256 3682 1376 3757 possa,
1396 3675 1434 3735 ut

318 3764 485 3864 pluravel
502 3766 663 3865 pauciora
679 3767 917 3868 impedimenta
933 3768 1095 3843 dirimant
1107 3772 1319 3847 matrimonia
1335 3800 1433 3873 prae-

317 3897 369 3963 ter
392 3900 434 3955 aa
458 3908 546 3981 quae
571 3882 607 3959 in
632 3882 778 3957 Levitieo
804 3882 986 3971 habentur,
1014 3885 1093 3967 item
1118 3886 1225 3985 legem
1245 3888 1431 3965 caelibatus

316 4022 378 4095 pro
402 3996 552 4086 olorinis,
580 3999 717 4098 aliaque
741 3999 925 4086 eiusmodi;
947 4001 1039 4100 quod
1058 4019 1168 4077 amen
1190 4003 1431 4083 catholicorum

316 4134 414 4191 neme
438 4113 553 4199 dicere
576 4136 690 4200 ausus:
705 4130 769 4190 est.
791 4114 927 4197 Falsum
952 4133 1125 4216 praeterea
1139 4135 1173 4192 at
1190 4118 1356 4195 absonum
1380 4138 1433 4197 θεῖ

316 4225 381 4301 hoo
397 4228 619 4328 principium,
640 4231 739 4333 quasi
759 4258 879 4332 nempe
895 4231 977 4304 dum
994 4233 1131 4307 divinus
1144 4233 1316 4332 legislator
1331 4234 1432 4309 Chri·

316 4358 389 4418 stus
414 4344 579 4425 Dominus
606 4346 852 4444 amplissimam
870 4346 1010 4421 eontulit
1026 4364 1224 4447 potestatem
1248 4350 1292 4423 ad
1314 4377 1355 4426 ea
1376 4348 1432 4425 de
