3234 5084
341 484 411 536 cir.
432 484 468 536 rr.
483 484 523 536 or
541 483 718 537 retiarius
735 482 933 537 successui.
954 484 1025 536 aar.
1042 485 1066 535 1.
1216 462 1262 535 'l'l

216 602 307 678 Talis
324 596 456 702 'iugiter
483 604 548 677 luit
570 602 733 679 eeclesiae
758 604 920 703 spiritus,
949 629 1037 704 quaa
1067 603 1133 678 etsi
1167 628 1262 677 sum·

144 744 279 821 mopere
303 718 381 792 illos
406 718 712 807 commendaverit,
740 719 799 819 qui
825 720 991 793 eastitatis
1016 744 1130 793 amore
1154 718 1190 790 in
1213 719 1264 794 ri-

143 835 273 909 duitate
298 851 554 934 permanerent,
575 828 687 908 mmen
704 861 762 908 eos
781 861 966 935 numquam
991 835 1182 934 reprobavit
1202 835 1262 933 qui

143 976 184 1024 ex
208 949 367 1049 propriae
383 948 592 1021 infirmitatis
608 948 836 1049 experimento
853 963 911 1022 aut
927 948 994 1022 alia
1011 948 1054 1023 dc
1070 975 1175 1023 causa
1191 947 1263 1023 rel·

141 1063 221 1137 lent'
238 1089 277 1136 se
303 1062 424 1135 iterum
450 1062 662 1136 matrimonio
687 1062 903 1159 coniungere.

213 1176 321 1250 Cuius
347 1176 544 1249 assertionis
560 1174 681 1250 uadem
703 1176 823 1250 damus
842 1178 1038 1275 scriptorem
1060 1177 1262 1277 antiquissi-

140 1319 253 1379 mum,
275 1291 434 1365 llermam
459 1290 569 1363 virum
595 1290 833 1389 apostolicum,
863 1291 922 1390 qui
948 1307 1061 1391 aperte
1086 1290 1262 1390 profitetur

102 1400 107 1409 ’
140 1432 220 1480 eum
245 1406 305 1506 qui
331 1405 453 1477 iterum
477 1403 582 1476 nubat
607 1428 673 1476 non
703 1429 843 1504 paccare
869 1404 1006 1478 dicens:
1031 1404 1137 1491 «Qui
1164 1406 1263 1478 nubit

143 1524 158 1616 (
168 1536 246 1620 post
267 1519 505 1613 viduitatem).
519 1575 526 1588 .
543 1543 631 1591 .non
648 1533 767 1616 peceat
783 1520 832 1614 (8)
850 1547 857 1590 ε
878 1518 967 1593 »sic
983 1519 1086 1592 etiam
1107 1519 1262 1592 Clemens

139 1634 238 1707 Alex.
258 1632 394 1708 scribit:
413 1630 622 1731 «Apostolus
649 1647 784 1734 propter
799 1634 1091 1734 intemperantiam
1108 1650 1142 1708 et
1157 1635 1262 1708 ustio·

140 1775 243 1835 uem,
260 1772 302 1821 ex
318 1745 420 1821 venia
436 1745 621 1818 secundum
640 1746 796 1820 coneedit
816 1747 1086 1822 matrimonium:
1107 1750 1192 1822 nam'
1203 1747 1262 1822 bic

141 1889 285 1966 quoquc
300 1889 365 1936 oon
377 1876 492 1960 pwcot
515 1861 654 1961 quidam
678 1887 720 1934 cx
740 1876 957 1951 testamento,
979 1889 1047 1937 non
1064 1879 1116 1937 est
1131 1863 1222 1936 enim
1240 1889 1262 1937 a

140 1980 218 2078 lege
241 1976 456 2079 prohibitus3
484 2001 552 2049 uon
577 1974 696 2075 implet
724 1990 839 2049 autem
862 2002 1030 2050 summam
1055 1977 1147 2050 illam
1171 1978 1264 2052 ritae

136 2095 391 2194 perfectionem,
416 2116 505 2191 quaa
529 2090 640 2187 egitur
661 2116 702 2163 ax
732 2089 905 2187 euangelio
931 2093 1020 2186 (9).»
1047 2091 1157 2164 Etiam
1178 2090 1257 2166 Ori·

139 2236 271 2308 genes,
292 2207 448 2308 momnis
471 2205 631 2279 secundis
657 2205 786 2305 nuptiis
816 2232 854 2280 se
879 2232 1034 2280 aversum
1056 2207 1255 2306 patefaciat,

142 2340 295 2398 attamen
319 2320 460 2395 minime
477 2346 536 2393 eas
554 2318 707 2394 absolute
724 2319 882 2409 damnat,
901 2320 969 2394 imo
986 2318 1096 2394 solum
1119 2320 1261 2395 feliciter

139 2438 310 2536 deceptam
326 2461 403 2509 eum
421 2451 554 2523 censet,
575 2436 635 2535 qui
657 2436 735 2509 idco
752 2434 796 2508 ab
813 2435 975 2509 iterandis
991 2436 1120 2536 nuptiis
1139 2463 1177 2510 se
1201 2435 1262 2509 ab·

142 2553 268 2641 stimet,
290 2552 382 2652 quod
408 2576 466 2625 cas
492 2551 702 2625 damnabiles
726 2551 978 2625 existimaverit.
1003 2551 1127 2626 Scribit
1146 2552 1257 2626 enim:

142 2668 266 2740 «Sunt
289 2665 368 2754 alii,
392 2665 451 2765 qui
481 2665 525 2739 ad
550 2665 717 2740 secundas
742 2665 919 2740 convolare
948 2668 1086 2767 nuptias
1117 2666 1254 2754 nolunt,

144 2782 240 2883 quod
275 2806 334 2855 eas
367 2780 580 2855 damnabiles
603 2783 831 2883 putent...ei
856 2809 944 2882 quae
975 2782 1094 2856 unicas
1122 2782 1261 2881 nuptias
1366 2770 1369 2775 ⁸

140 2896 325 2984 contraxit,
353 2896 496 2970 arbitror
519 2895 766 2971 conducibilius
785 2922 864 2972 esse
884 2898 993 2997 decipi
1011 2914 1044 2973 et
1062 2912 1182 2998 putare
1205 2897 1258 2969 bi·

138 3012 291 3111 gamiam
311 3011 551 3100 damnandam,
572 3028 605 3087 et
621 3013 739 3113 peanis
758 3014 905 3088 aeternis
927 3039 1005 3088 esse
1025 3013 1258 3101 afficiendam,

139 3145 179 3203 ut
205 3128 285 3228 ipsa
309 3128 510 3202 asecundis
536 3128 664 3227 nuptiis
690 3127 858 3203 abstineat
881 3144 915 3203 ct
942 3130 1078 3229 puritati
1104 3128 1258 3216 studeat,

140 3270 245 3343 paam
269 3245 321 3316 rei
334 3246 503 3317 amitalem
522 3268 695 3342 opeoseere
714 3259 745 3315 et
764 3243 922 3344 bipmnem
934 3245 1007 3344 ficri
1021 3247 1135 3341 (11).»
1157 3244 1264 3341 Igitur

140 3359 239 3433 iuxta
258 3358 306 3432 rai
322 3359 494 3433 veritatem
512 3359 682 3433 secundae
699 3360 838 3459 nuptiae
854 3359 1048 3458 illegitimae
1072 3384 1140 3434 non
1159 3373 1258 3446 suut,

140 3501 207 3549 nee
231 3489 349 3575 peccat
372 3475 432 3575 qui
456 3500 515 3550 aas
542 3474 622 3563 init,
646 3472 793 3573 Origene
818 3489 965 3550 auctore.

218 3705 256 3770 (a)
272 3708 302 3757 la
317 3708 428 3759 Pastore
442 3707 486 3759 lib.
504 3710 537 3759 ll.
554 3707 664 3759 mmm
682 3710 726 3762 iv.
737 3722 762 3760 n.
776 3714 799 3761 1.
817 3710 888 3761 cuius
899 3709 974 3761 raba
984 3708 1098 3774 superias
1113 3708 1207 3772 integra
1217 3706 1259 3758 de·

143 3786 239 3837 dimus.
252 3788 334 3851 Atque
348 3786 389 3837 hie
408 3789 447 3839 eet
465 3788 534 3839 locas
553 3787 586 3839 ad
605 3801 679 3853 qoem
701 3789 784 3839 allusit
804 3788 972 3841 Tertullianus
989 3789 1138 3840 montanista
1157 3789 1201 3841 lib.
1224 3795 1263 3843 De

139 3866 278 3931 pstdtrttto
292 3880 314 3917 c.
329 3871 361 3917 x.
378 3881 435 3918 oum
455 3868 579 3920 mribcret:
596 3869 668 3920 «ssd
684 3869 796 3920 cederem
815 3870 871 3933 tibi,
887 3871 908 3920 si
926 3871 1045 3935 scriptura
1067 3871 1184 3935 Pastoris,
1198 3886 1263 3937 qaae
1297 3936 1301 3945 Ι

144 3947 201 3997 sola
214 3948 330 3999 moechos
345 3950 425 4012 emat,
436 3949 521 4000 divino
532 3951 693 4002 instrumento
710 3950 840 4003 meruisset
858 3951 952 4014 incidi,
968 3952 989 4002 si
1004 3964 1054 4002 noo
1072 3951 1104 4002 ab
1121 3953 1189 4003 omni
1205 3967 1263 4004 coa·

145 4026 206 4077 cillo
227 4026 388 4078 malarum
406 4028 480 4079 1111111
497 4031 635 4080 vestrarum
650 4030 714 4081 inter
731 4031 871 4095 apocrypha
888 4032 913 4082 et
932 4031 993 4082 ialsa
1008 4030 1178 4094 iudicaretur,
1193 4031 1262 4084 adul·

143 4109 200 4157 tara
210 4109 237 4159 at
247 4106 310 4171 ipss,
319 4108 415 4159 atinde
427 4113 530 4173 patrem
540 4110 673 4174 sociorum
684 4123 699 4160 a
713 4113 797 4175 quaet
811 4111 873 4162 alias
884 4111 1016 4163 initiaris.»
1027 4114 1120 4176 ltempe
1131 4113 1264 4176 psychicus

144 4186 173 4236 id
182 4188 375 4254 mathatias,
384 4189 427 4253 qul
439 4190 508 4240 iaxta
517 4190 696 4241 Tertullianum
707 4191 882 4242 manunimem
890 4205 920 4242 ex
933 4192 997 4243 libro
1008 4192 1117 4243 Pmtorls
1127 4191 1178 4244 duo
1188 4192 1262 4245 (111σῆ

142 4266 280 4318 mandam
297 4268 472 4332 pocnltsnttsm
490 4270 516 4320 et
536 4269 656 4322 mandes
676 4270 784 4335 nuptias.

216 4348 253 4411 (11)
268 4346 323 4399 Lib.
337 4349 383 4399 iil.
395 4350 512 4399 suomet
524 4348 585 4399 edit
597 4349 724 4414 sylbnrgl,
736 4348 807 4400 Pstis
819 4354 887 4402 itti.
899 4362 955 4414 pag.
968 4353 1024 4403 iti.

217 4427 270 4491 (tt)
284 4428 376 4479 ilomil.
389 4429 475 4480 xcix.
490 4420 516 4480 ti
525 4430 612 4481 isram.
624 4443 648 4481 n.
662 4433 684 4480 t.
696 4430 767 4481 stile
783 4430 807 4480 la
827 4430 888 4491 Rae,
907 4431 970 4480 tons.
985 4436 1020 4483 11.
1032 4443 1057 4495 p.
1070 4437 1178 4494 mssa.
