3234 5084
306 402 374 473 216
450 423 511 475 un.
532 422 581 475 ιιι.
603 421 690 474 sacr.
712 422 900 499 misaam
918 420 1282 473 adsentiremus.

302 545 395 645 pedit
421 544 598 617 nubere.»
637 542 727 617 llaec
754 559 866 617 autem
892 541 1069 616 admiratio
1093 541 1221 614 nullum
1254 540 1423 641 potuisset
1460 530 1464 535 ⁴

301 660 412 733 locum
437 658 587 747 habere,
617 658 646 732 si
673 657 828 732 Christus
853 658 889 729 in
915 673 1005 731 textu
1031 656 1189 731 Matthaei
1216 655 1421 731 declarasset

301 776 494 872 coniugium
520 775 566 846 ita
590 800 651 873 per
675 772 930 848 fornicationem
953 772 1118 861 dissolvi,
1139 787 1177 845 ut
1192 771 1365 845 dimittens
1381 796 1422 844 ac

301 890 445 963 dimissa
464 907 603 989 possent
617 890 661 962 ad
685 916 788 963 novas
816 889 952 989 nuptias
973 889 1129 962 transire.
1158 887 1331 987 Siquidem
1356 887 1422 961 hoc

253 1064 255 1067 v
302 1007 337 1077 in
356 1033 435 1080 casu
456 1005 542 1076 nihil
566 1005 643 1078 novi
666 1004 822 1078 Christus
849 1003 1037 1091 intulisset,
1057 1003 1150 1104 quod
1167 1019 1338 1103 receptum
1354 1030 1421 1078 non

302 1138 393 1195 esset
416 1148 520 1221 peaes
548 1120 705 1207 iudaeos,
731 1121 760 1195 si
786 1120 936 1222 excipias
962 1120 1123 1193 maiorem
1150 1118 1345 1193 facilitatem
1362 1145 1422 1193 no-

301 1262 363 1310 vas
388 1235 525 1308 ineundi
547 1235 683 1334 nuptias
709 1235 767 1308 illo
787 1236 822 1306 in
842 1262 945 1323 casu,
972 1236 1006 1307 in
1028 1262 1096 1334 quo
1121 1235 1213 1308 iuxta
1238 1236 1422 1309 mosaicam

301 1350 409 1449 legem
434 1348 577 1423 adulteri
603 1365 709 1423 morte
736 1349 904 1449 plectendi
927 1367 1053 1424 essent.
1082 1350 1235 1424 Attamen
1262 1349 1422 1450 discipuli

303 1467 415 1539 mirati
442 1482 538 1553 sunt,
564 1493 604 1541 eo
624 1467 716 1567 quod
734 1493 858 1540 norum
876 1467 959 1566 quid
986 1467 1148 1541 hactenus
1175 1468 1363 1541 inauditum
1381 1467 1425 1539 ri·

302 1580 403 1678 gidae
423 1581 611 1654 severitatis
634 1579 792 1655 Christus
816 1579 1004 1680 protulerit.
1022 1581 1176 1655 Christus
1194 1598 1305 1656 autem
1322 1580 1424 1654 disci·

303 1695 400 1796 pulos
418 1693 462 1768 ab
479 1696 544 1770 hac
559 1696 737 1770 verborum
755 1722 893 1769 suorum
917 1695 1138 1794 intelligentia
1154 1722 1220 1771 non
1238 1697 1338 1771 modo
1355 1721 1424 1770 aon

303 1810 469 1901 removit,
496 1810 557 1884 sed
582 1812 684 1884 etiam
714 1812 924 1887 confirmarit
953 1813 1166 1912 respondens·
1190 1810 1283 1887 illis:
1318 1813 1424 1886 «Non

303 1951 420 2001 omnes
446 1927 586 2026 capiunt
608 1927 748 1999 verbum
781 1926 892 2014 istud,
926 1927 987 2002 sed
1016 1927 1142 2028 quibus
1171 1926 1288 2001 datum
1316 1943 1420 2000 est.»

303 2041 394 2126 Quid
408 2066 507 2141 porro
525 2041 664 2115 difficile
681 2042 853 2116 intellectu
869 2042 1011 2130 fuisset,
1034 2044 1065 2114 si
1082 2042 1239 2116 Christus
1254 2043 1425 2117 docuisset

303 2172 443 2256 propter
464 2157 716 2231 fornicationem
743 2184 804 2231 seu
826 2159 1049 2242 adulterium,
1080 2158 1327 2233 matrimonium
1352 2158 1427 2232 dis-

303 2270 388 2346 solvi
414 2298 491 2344 cum
512 2271 669 2346 facultate
687 2271 826 2346 alteram
844 2271 1019 2348 ducendi?
1035 2274 1119 2346 Nam
1136 2275 1171 2347 id
1188 2299 1305 2348 omnes
1323 2290 1423 2348 antea

193 2473 202 2492 θ
302 2411 371 2461 non
396 2386 506 2461 solum
530 2387 783 2486 intelligebant,
812 2390 872 2463 sed
891 2406 924 2463 et
941 2389 977 2461 in
995 2390 1126 2489 praxim
1151 2389 1364 2463 deducebant
1379 2389 1423 2464 ob

301 2501 401 2600 longe
419 2502 560 2577 leviores
577 2529 710 2577 causas.
732 2504 888 2578 Christus
901 2531 980 2579 vero
997 2530 1039 2576 cx
1059 2503 1302 2603 discipulorum
1318 2503 1428 2577 admi·

301 2618 430 2692 ratione
454 2634 571 2692 nactus
596 2636 649 2693 est
672 2620 883 2694 occasionem
904 2636 942 2693 ut
966 2619 1157 2720 discipulos
1177 2645 1258 2695 suos
1279 2618 1322 2693 ad
1347 2645 1425 2693 cae-

302 2732 443 2808 libatum
468 2735 736 2833 amplectendum
764 2734 966 2809 hortaretur.

376 2848 419 2921 llt
437 2849 550 2921 omnia
568 2849 708 2949 proinde
733 2850 937 2925 cohaereant
953 2852 987 2923 in
1006 2851 1075 2925 hac
1089 2851 1215 2924 Christi
1234 2852 1418 2940 sententia,

302 2963 482 3036 dicendum
500 2966 637 3037 omnino
658 2981 733 3052 est,
754 2966 926 3039 Christum
944 2966 1003 3041 his
1017 2967 1129 3041 verbis
1147 2968 1283 3041 unicam
1301 2966 1422 3041 dimis-

302 3077 410 3150 sionis
435 3104 572 3151 causam
597 3078 814 3154 intrinsecam
836 3081 965 3155 scilicet
988 3097 1022 3155 et
1047 3098 1268 3182 perpetuam,
1296 3097 1334 3155 ut
1357 3107 1422 3155 suo

302 3191 376 3266 loco
400 3192 637 3282 ostendemus,
666 3195 883 3269 constituisse
906 3196 940 3267 in
967 3196 1040 3271 solo
1061 3197 1291 3271 fornicationis
1315 3222 1419 3284 casu;

302 3324 337 3382 et
357 3308 494 3408 quidem
513 3308 576 3396 ita,
599 3325 637 3382 ut
659 3311 760 3383 etiam
783 3311 818 3382 in
844 3311 912 3385 hoc
934 3338 1035 3397 casu,
1058 3338 1119 3412 per
1142 3311 1359 3386 abolitionem
1383 3311 1423 3384 li·

302 3422 382 3497 belli
408 3424 539 3525 repudii
561 3451 582 3498 a
603 3426 695 3499 Mose
720 3427 895 3516 concessi,
921 3453 987 3502 non
1006 3428 1106 3502 liceat
1124 3455 1247 3502 mrum
1272 3443 1350 3528 post
1373 3427 1425 3499 di·

301 3538 498 3614 missionem
523 3539 609 3613 inire
637 3540 852 3640 coniugium
885 3541 1038 3641 adeoque
1064 3542 1252 3616 clausulam
1281 3542 1326 3615 de
1352 3568 1421 3641 qua

302 3653 435 3752 agimus
456 3656 524 3726 arei
540 3655 579 3727 oh
604 3657 865 3754 fornicationem,
892 3656 935 3729 ad
961 3656 1069 3731 solam
1091 3658 1208 3731 referri
1228 3656 1420 3731 facultatem

303 3767 521 3843 dimittendae
551 3769 747 3860 adulterae,
780 3792 849 3845 non
879 3789 992 3846 autem
1020 3773 1063 3846 ad
1091 3772 1283 3847 facultatem
1315 3796 1424 3846 novae

302 3881 477 3958 ducendae
498 3886 627 3960 uxoris,
661 3886 727 3960 Seu
748 3888 839 3986 quod
865 3872 955 3960 idem
975 3903 1048 3977 est,
1076 3888 1233 3962 Christus
1256 3888 1291 3959 in
1317 3886 1422 3987 priori

303 3996 519 4073 hemistichio
545 3999 675 4073 locutus
699 4017 752 4074 est
774 4001 818 4074 de
841 4004 1054 4102 separatione
1070 4004 1184 4102 quoad
1202 4021 1331 4090 torum,
1353 4028 1422 4077 non

303 4128 414 4185 autem
428 4114 540 4212 quoad
552 4114 741 4202 vinculum
754 4116 904 4215 alioquin
922 4118 1000 4216 ipse
1009 4119 1235 4219 patrocinatus
1248 4133 1338 4192 esset
1351 4145 1424 4191 mu-

303 4225 377 4300 lieri
399 4228 590 4317 adulterae,
606 4231 736 4331 quippe
760 4231 814 4303 cui
835 4230 1026 4305 facultatem
1046 4233 1180 4306 lecisset
1197 4234 1232 4306 in
1250 4248 1421 4334 posterum

303 4340 432 4432 libere,
458 4361 493 4419 et
516 4344 550 4417 in
579 4371 658 4423 uero
682 4345 839 4444 coniugio
864 4373 940 4423 cum
966 4346 1118 4423 adultero
1144 4374 1361 4448 permanere,
1388 4347 1420 4420 si
