3234 5084
284 457 353 506 mr.
367 453 413 504 ιιι.
427 449 467 502 ιι
485 453 581 504 sensu
595 452 685 503 rmn.
702 451 764 503 ern.
782 449 893 503 rueres.
911 450 1005 500 nrrr.
1024 451 1093 501 ιιι.
1106 451 1141 500 ιι.
1207 430 1271 500 stt

675 669 713 767 p.
744 671 770 741 1.

293 888 329 935 De
347 884 502 935 documentis
522 883 595 934 certis
615 897 660 947 pro
679 881 896 934 indinotutittute
912 883 1003 933 vinculi
1019 883 1153 946 coniugalis
1240 955 1242 959 ι

549 977 564 1012 n
579 964 664 1013 secuto
677 965 720 1013 Vi.
739 963 764 1018 et
776 960 899 1025 deinceps.

246 1148 373 1245 Agmen
396 1148 536 1222 istorum
565 1148 668 1220 ducet
691 1171 769 1221 ren.
797 1146 898 1219 Dede.
929 1146 962 1220 is
991 1146 1025 1216 in
1052 1170 1217 1220 commen.
1251 1149 1294 1219 in

169 1267 204 1336 1.
225 1264 301 1337 Cor.
322 1263 392 1334 Vll.
421 1289 592 1364 exponens
614 1262 697 1335 itud
722 1261 895 1360 Apostoli:
925 1261 974 1333 Iis
998 1264 1058 1360 qui
1079 1265 1287 1334 matrimonio

169 1381 273 1452 iuncti
296 1394 371 1450 sunt
396 1394 460 1452 etc.
489 1379 537 1451 its
562 1378 700 1452 scribit:
726 1379 870 1451 «Potest
886 1377 958 1450 fieri
978 1393 1016 1450 ut
1035 1382 1154 1473 (uxor)
1175 1377 1287 1452 disce-

168 1494 228 1566 det
250 1519 290 1566 es
315 1518 416 1567 censs
440 1519 509 1593 que
534 1494 699 1568 Dominus
726 1492 897 1593 permisit.
915 1550 922 1564 .
940 1550 946 1564 .
962 1549 969 1563 .
987 1492 1077 1593 quod
1100 1519 1203 1567 cause
1223 1493 1291 1568 for-

171 1611 347 1685 nicationis
359 1611 580 1712 permittitur,
597 1625 731 1684 msnset
743 1611 817 1685 sine
831 1636 952 1698 uxore,
974 1624 1031 1683 sut
1050 1610 1286 1684 reconcilietur

170 1724 309 1799 uxorii.
325 1783 332 1796 .
349 1784 376 1797 ..
395 1725 484 1812 Quis
508 1740 542 1800 et
563 1726 621 1827 qui
639 1724 740 1814 dicit,
767 1751 835 1799 non
860 1724 939 1798 ficet
964 1724 1133 1798 dimittere
1151 1749 1286 1798 uxorem

171 1840 237 1915 nisi
262 1865 367 1915 ceusu
392 1839 647 1928 fornicationis,
685 1840 775 1939 cogit
799 1840 942 1914 retinere
966 1866 1102 1914 uxorem
1128 1842 1158 1912 si
1184 1866 1289 1912 censa

169 1955 398 2030 fornicationis
425 1982 491 2030 non
518 1955 628 2028 fuerit.
650 1956 684 2027 Si
704 1970 814 2028 nutem
842 1953 960 2040 fuerit,
982 1981 1049 2028 non
1067 1949 1156 2051 cogit
1172 1953 1288 2026 dimit-

169 2087 257 2159 tere,
287 2070 347 2146 esd
375 2071 555 2171 permittit,
584 2071 673 2144 sicut
696 2071 833 2144 dicitnr.
855 2072 927 2144 Non
950 2070 1051 2144 liceat
1073 2069 1204 2142 mulieri
1232 2098 1290 2143 nu-

168 2186 247 2260 bere
264 2187 381 2275 alteri,
399 2187 466 2260 nisi
479 2187 551 2263 viro
568 2200 709 2261 mortno.
728 2187 858 2260 Siente
875 2186 939 2260 riri
957 2202 1095 2259 mortem
1115 2186 1285 2284 nupserit,

169 2329 225 2376 reu
250 2319 313 2378 est.
343 2302 377 2375 si
404 2319 481 2402 post
505 2303 569 2376 riri
593 2317 732 2376 mortem
756 2302 926 2400 nupserit,
957 2325 1023 2374 non
1045 2315 1096 2374 est
1118 2327 1186 2373 res.
1218 2303 1290 2374 Non

169 2418 259 2491 enim
284 2418 378 2493 insse
402 2435 454 2492 est
479 2417 627 2504 nubere,
656 2418 716 2491 sed
742 2416 920 2517 permissu.
950 2416 1116 2489 Dominus
1142 2442 1222 2513 ergo
1247 2417 1290 2489 sd

171 2530 254 2604 iliud
279 2532 567 2622 confirmandum,
596 2547 636 2606 ut
657 2557 724 2606 non
742 2529 841 2606 facile
857 2557 942 2605 uxor
958 2521 1162 2619 dimittetur,
1184 2531 1291 2634 solem

172 2647 307 2720 ouussm
334 2649 563 2723 fornicationis
587 2647 738 2746 excepit,
768 2639 898 2721 ceteras
918 2671 998 2719 vero
1023 2647 1199 2719 universes
1226 2671 1292 2720 mo

171 2760 306 2850 iestiss,
332 2763 470 2862 siquae
493 2764 578 2837 forte
601 2763 787 2849 extiterint,
814 2762 907 2835 iubet
928 2788 989 2861 pro
1014 2761 1080 2835 fide
1100 2759 1289 2858 coniugali,

172 2891 207 2949 et
230 2901 291 2975 pro
315 2878 467 2951 castitate
492 2877 620 2953 fortiter
637 2877 819 2964 sustineri,
839 2894 872 2950 et
894 2877 1071 2952 moechum
1089 2877 1173 2950 dicit
1188 2876 1291 2950 etism

172 2991 301 3079 virum,
330 2991 387 3092 qni
412 3020 485 3067 eom
511 2995 642 3068 duxerit
659 3020 749 3095 quse
773 2993 883 3069 solute
904 3010 956 3069 est
977 3022 997 3068 a
1015 2994 1100 3067 viro.
1121 2993 1225 3066 Cuius
1243 2994 1291 3067 rei

174 3105 298 3179 Paulus
332 3107 504 3205 spostolus
532 3109 712 3182 terminum
738 3108 898 3182 ostendit.
924 3109 1011 3195 Quia
1029 3108 1156 3182 tamdiu
1178 3108 1294 3182 obser·

171 3222 319 3296 rendum
337 3222 438 3296 dicit:
467 3224 630 3322 quamdiu
647 3225 699 3296 vir
715 3225 790 3298 eius
806 3225 901 3298 vivit.
924 3223 985 3297 ttto
1008 3243 1119 3298 eutem
1138 3241 1289 3311 mortun,

172 3337 230 3410 dut
254 3336 403 3410 nubendi
429 3337 611 3411 licentiam.
640 3340 736 3411 Hunc
757 3340 848 3412 enim
869 3341 969 3414 etism
988 3340 1138 3438 regulam
1157 3340 1230 3438 ipse
1249 3356 1293 3413 te

174 3454 266 3536 nuit,
295 3469 329 3527 et
353 3455 388 3527 in
418 3479 459 3527 es
485 3480 551 3526 non
582 3481 678 3527 suum
710 3455 909 3540 consilinm,
939 3457 1027 3528 sicut
1056 3456 1089 3526 in
1121 3454 1293 3528 nonnuliis

173 3568 330 3654 monitis,
358 3569 419 3643 sed
445 3584 658 3670 praeceptum
683 3569 817 3642 Domini
845 3569 992 3643 iubentis
1016 3569 1187 3657 ostendit,
1217 3596 1292 3644 cum

173 3682 246 3754 sit:
273 3682 335 3756 Dis
359 3699 467 3757 nutem
485 3695 574 3781 ‘quae
602 3698 722 3781 nuptae
747 3699 824 3755 sunt
844 3686 1012 3783 moscipio
1036 3711 1100 3756 non
1124 3711 1205 3783 eqo,
1238 3685 1295 3757 sed
1384 3693 1388 3705 '

174 3795 345 3884 Dominus,
375 3800 544 3872 mulierem
567 3823 590 3871 o
612 3801 684 3871 viro
709 3824 773 3871 non
797 3798 979 3885 discedere;
1008 3799 1093 3898 quod
1117 3802 1150 3872 si
1174 3800 1295 3872 disces-

172 3911 270 3994 serit,
296 3938 424 3986 monere
448 3916 640 4013 innuptum,
669 3928 727 3986 aut
751 3916 823 3986 viro
840 3940 898 3986 suo
924 3916 1156 4000 reconciliari,
1187 3931 1217 3986 et
1241 3918 1296 3986 cir

173 4050 308 4097 uxorem
327 4054 391 4098 non
407 4027 563 4101 dimittat.
592 4028 699 4103 Credo
721 4028 825 4104 simili
852 4028 976 4116 forme,
997 4044 1034 4104 ut
1056 4030 1086 4103 si
1103 4029 1290 4117 dimiserit,

175 4164 244 4211 non
269 4138 371 4213 ducet
391 4140 513 4230 aliem,
542 4161 601 4218 aut
626 4143 857 4219 reconcilietur
877 4146 987 4219 uxori.
1017 4145 1104 4218 Fieri
1126 4145 1216 4218 enim
1234 4171 1292 4245 po

175 4268 240 4327 test
256 4270 295 4327 ut
311 4253 456 4330 dimittet
475 4284 611 4333 uxorem
625 4285 730 4334 censs
742 4258 992 4347 fornicationis,
1014 4287 1115 4361 quem
1131 4260 1295 4334 Dominus

175 4384 347 4471 exceptum
375 4396 451 4445 esse
475 4371 589 4446 voluit.
620 4374 690 4447 lum
711 4400 790 4448 vero
812 4374 841 4447 si
869 4400 931 4448 nec
956 4373 1003 4446 itti
1030 4374 1156 4448 nubere
1181 4402 1296 4450 conce
