3234 5084
322 447 392 520 248
479 468 542 519 ιιι.
557 467 605 518 ιιι.
621 464 708 517 sacr.
726 464 859 515 inmun.
875 463 916 515 na
930 462 1044 515 umas.
1061 462 1158 515 ιιιιι.
1176 462 1300 515 csusr.

322 586 508 663 adversarii
534 601 686 673 tuentur,
716 581 802 656 nibil
831 598 884 657 est
909 580 1158 681 supplendum
1189 596 1298 655 textus
1327 579 1440 657 clarus

322 718 391 791 est,
407 717 440 776 et
456 701 609 776 doctrine
626 715 841 799 patronorum
857 696 993 772 divortii
1011 694 1112 795 plane
1128 695 1172 770 ab
1190 696 1315 770 Herma
1330 696 1441 771 exclu-

321 816 426 891 ditur.

394 931 566 1006 Somnium
583 929 730 1031 denique
747 947 816 1019 est,
838 930 996 1003 Hermam
1014 926 1123 1003 solum
1141 926 1184 1000 ad
1201 927 1440 1028 poenitentiam

322 1074 387 1122 sua
403 1062 514 1121 aetate
530 1061 697 1145 receptam
719 1045 890 1133 alludere,
910 1060 944 1118 et
961 1070 1027 1118 nnn
1046 1042 1160 1142 potius
1185 1041 1348 1142 implicite
1372 1041 1441 1116 sal-

323 1179 390 1236 tem
407 1163 452 1235 ad
471 1161 676 1261 Scriptorum
697 1187 898 1262 provocare,
921 1159 1019 1232 cuius
1036 1158 1138 1233 verba
1162 1156 1324 1232 describit
1341 1173 1440 1256 prout

323 1276 482 1375 leguntur
505 1277 597 1374 apud
617 1277 786 1364 Marcum,
814 1277 937 1349 Lucam
955 1290 988 1348 et
1005 1273 1157 1349 Paulum.
1178 1272 1321 1346 Hermas
1339 1271 1440 1368 igitur

326 1390 414 1464 nihil
446 1389 538 1464 aliud
569 1389 673 1478 dicit,
701 1391 767 1465 uisi
792 1389 940 1491 quodsi
966 1389 1107 1463 maritus
1131 1387 1174 1463 ob
1200 1386 1357 1461 adulterii
1382 1387 1441 1460 ssa·

324 1506 445 1605 gitium
464 1503 556 1578 illam
573 1504 685 1605 quoad
704 1520 814 1580 torum
832 1504 1181 1606 cohabitationemque
1200 1502 1378 1589 dimiserit,
1400 1500 1441 1574 il-

323 1621 461 1722 lamque
480 1619 534 1694 sui
560 1620 712 1696 oriminis
739 1620 962 1723 poenituerit,
986 1621 1127 1696 maritus
1147 1645 1222 1694 eam
1241 1620 1277 1692 in
1297 1617 1440 1718 gratiam

325 1737 446 1808 iterum
474 1735 627 1836 recipiat.

825 1924 863 2022 p.
893 1924 938 1996 ιι.

768 2122 946 2173 Dealnettuc
961 2123 996 2172 Μ.

394 2299 443 2371 Ει
467 2314 584 2375 sancto
610 2299 740 2374 {ustiuc
764 2299 834 2376 duo
857 2312 1040 2400 suppetunt
1059 2323 1121 2399 prc
1142 2280 1443 2374 indissolubilitetc

323 2413 495 2511 coniugii,
520 2414 620 2489 etiam
639 2414 674 2486 in
693 2440 776 2489 casu
800 2413 977 2503 adulterii,
997 2412 1200 2489 testimonia.
1223 2412 1371 2488 Alterum
1388 2441 1441 2490 oc-

323 2529 428 2604 currit
453 2529 488 2601 iu
512 2527 677 2628 Apologia
702 2529 730 2601 1.
752 2557 788 2603 u.
807 2531 875 2603 XV.
895 2529 955 2603 ubi
982 2556 1012 2604 s.
1029 2545 1156 2630 martyr
1179 2526 1297 2603 voleus
1314 2528 1440 2606 Christi

320 2644 508 2719 doctrinam
533 2644 654 2718 afferre
675 2645 764 2719 circa
788 2647 988 2733 castitatem,
1009 2644 1073 2718 bas
1090 2644 1249 2719 exscribit
1270 2670 1311 2719 ex
1330 2644 1441 2719 Evau-

321 2759 411 2856 gelio
441 2760 636 2835 sententias.
666 2789 683 2829 α
706 2759 772 2846 Qui
799 2760 983 2861 inspexerit
1015 2760 1189 2833 mulierem
1214 2759 1257 2831 ad
1282 2759 1440 2860 concupi·

320 2872 483 2946 scendum
511 2901 605 2962 eam,
635 2877 703 2947 iam
729 2874 925 2949 moechatus
951 2891 1002 2949 est
1028 2875 1064 2946 iu
1088 2873 1189 2949 corde
1208 2874 1299 2973 apud
1317 2875 1435 2948 Deum:

321 3004 355 3062 et
369 3018 388 3058 o
399 2988 429 3062 si
449 2987 568 3063 oculus
586 3005 663 3063 tuus
681 2991 797 3064 dexter
814 2989 1022 3065 scandalizat
1038 3005 1083 3079 te,
1100 3015 1180 3063 crue
1192 3016 1284 3077 aum,
1305 2989 1441 3088 expedit

320 3103 411 3177 enim
426 3103 486 3177 tibi
505 3131 610 3178 uuum
624 3105 758 3179 oculum
778 3107 958 3181 habentem
980 3106 1112 3204 ingredi
1125 3107 1162 3179 in
1174 3132 1314 3204 reguum
1332 3104 1440 3180 ccele-

321 3246 410 3310 rum,
428 3220 656 3322 potiusquam
671 3248 747 3295 cum
760 3222 894 3298 duobus
907 3223 994 3297 mitti
1008 3224 1045 3294 iu
1058 3223 1170 3321 ignem
1182 3220 1442 3296 aeteruumssit

322 3364 340 3405 a
360 3335 428 3421 Qoi
446 3335 538 3408 ducit
560 3337 768 3437 repudiatam
784 3339 826 3412 ab
844 3339 945 3411 altero
966 3340 1058 3422 ciro,
1079 3334 1441 3410 mocoronolteinde

319 3449 457 3525 subdit:
483 3452 814 3539 «Quemadmodum
841 3453 941 3533 etiam
967 3454 1012 3542 ii,
1039 3453 1098 3554 qui
1125 3450 1266 3549 exlege
1292 3450 1442 3525 bumana

319 3564 446 3666 duplex
472 3567 722 3643 matrimonium
748 3569 886 3658 ineunt,
912 3568 1013 3643 itaet
1037 3567 1098 3668 qui
1123 3565 1298 3641 mulierem
1324 3565 1441 3666 adspi-

320 3680 414 3756 ciunt
431 3681 475 3756 ad
492 3683 801 3786 concupiscendum
818 3710 914 3773 eam,
936 3699 1129 3783 peccatores
1151 3697 1231 3756 suut
1256 3681 1346 3781 apud
1372 3681 1442 3756 bia·

318 3795 462 3895 gistrum
488 3815 652 3873 nostrum.
670 3800 743 3874 Non
765 3799 856 3872 enim
882 3798 912 3872 is
937 3797 1046 3873 solum
1073 3796 1117 3870 ab
1142 3822 1183 3870 eo
1207 3795 1358 3885 eiicitur‚
1379 3795 1439 3895 qui

319 3937 356 3985 re
373 3926 407 3985 et
423 3928 502 3987 actu
518 3913 731 4003 moechatur,
748 3913 923 3988 sedetiam
938 3916 996 4016 qui
1011 3914 1180 3990 moechari
1199 3915 1289 4002 vult3
1310 3915 1442 4015 qnippe

319 4052 395 4100 cum
404 4028 475 4102 Deo
490 4054 557 4103 uon
572 4028 660 4105 sacta
672 4029 801 4119 solum,
818 4030 992 4106 sedetiam
1006 4031 1152 4130 cogitata
1169 4046 1306 4130 puteant
1322 4031 1438 4127 (23).»

392 4143 442 4217 Ex
459 4169 528 4244 quo
545 4144 734 4220 testimonio
752 4144 919 4221 habemus
938 4149 972 4220 1.
986 4146 1078 4248 quod
1092 4173 1122 4221 a.
1133 4161 1262 4247 martyr
1274 4172 1315 4220 ex
1327 4146 1441 4220 Evau-

319 4255 407 4353 gelio
437 4258 583 4358 proferat
612 4261 842 4337 auctoritatem
868 4261 1000 4366 absque
1030 4262 1184 4339 clausula
1214 4260 1438 4362 exceptionuii

391 4408 441 4474 (²3)
460 4412 496 4462 Ex
511 4423 574 4463 vm.
588 4413 683 4463 Maron

898 4518 918 4553 Ι.
