3234 5084
315 401 363 478 tt
498 422 562 477 uu.
578 423 628 477 ru.
646 421 734 476 sacr.
750 423 774 475 1.
791 424 832 476 m
850 423 946 477 ιιιι.
963 421 1248 475 unumunurm.

312 544 403 621 facto
427 569 503 618 cum
529 543 633 644 priori
650 568 773 633 uxore,
793 541 979 644 etquidem
998 540 1165 641 legitimo,
1184 556 1223 615 ut
1240 540 1316 642 ipae
1332 552 1433 617 autn-

314 657 450 747 nabot,
469 656 608 733 alteram
633 655 794 746 duxerat3
816 672 915 759 prout
932 658 1060 758 passim
1078 657 1117 730 lit
1132 656 1225 756 apud
1242 672 1433 758 protestan-

315 793 387 863 tes,
408 789 442 849 et
458 773 745 875 peneaguberniu
762 773 822 848 illa
838 775 874 847 in
891 773 1016 875 quibus
1042 771 1195 847 obtinent
1217 772 1435 849 matrimonia

312 917 408 967 mere
425 890 540 966 ciuilia
556 918 617 991 per
633 891 742 991 legem
760 892 910 966 sancita:
931 917 1042 991 neque
1057 896 1169 964 tamen
1187 888 1337 990 pontifex
1354 915 1436 990 pae—

312 1034 376 1082 aus
401 1023 455 1081 est
478 1006 694 1081 waldradam
719 1034 856 1083 uxorem
881 1008 1009 1082 vocari.
1342 1012 1344 1016 ’

390 1123 501 1211 Quum
525 1149 605 1198 uero
630 1123 698 1197 duo
723 1123 807 1198 haec
824 1123 913 1199 lacta
929 1123 983 1197 vel
1000 1122 1073 1198 sola
1091 1122 1159 1196 sint
1175 1121 1229 1196 vel
1246 1121 1434 1221 praecipua

315 1239 459 1328 saltem,
492 1265 581 1339 quae
606 1238 642 1311 in
668 1240 816 1314 levorem
847 1238 1061 1340 polygamiae
1092 1237 1314 1313 simultaneee
1346 1239 1435 1311 inter

315 1354 520 1431 christianos
541 1354 655 1428 ullerri
672 1355 923 1443 consueverint,
943 1354 1012 1428 alia
1029 1354 1169 1428 minoris
1187 1353 1347 1428 momenti
1365 1379 1434 1427 uon

316 1495 524 1571 persequar,
552 1486 726 1570 quaeant
750 1471 792 1544 ad
818 1496 889 1544 rem
913 1496 982 1544 oon
1013 1469 1160 1558 laniunt,
1192 1485 1252 1543 ant
1280 1467 1437 1543 fabulosa

315 1585 455 1661 omnino
472 1599 552 1659 aunt
574 1588 689 1683 (188),
706 1611 769 1660 nec
789 1584 913 1660 aeriam
935 1584 1209 1686 disquisitionem
1234 1599 1433 1683 exposcunt.

316 1702 430 1776 liceat
453 1726 533 1800 ergo
558 1699 760 1776 concludere
782 1702 945 1776 unitatem
961 1702 1010 1775 ita
1026 1706 1103 1776 ease
1119 1700 1295 1776 christiani
1320 1700 1438 1775 matri·

316 1816 422 1891 monii
435 1816 672 1917 proprietatem
685 1830 723 1891 ut
736 1816 931 1918 polygamiu
947 1816 1150 1892 simultanea
1168 1842 1307 1917 prorsus
1323 1814 1437 1893 exelu-

318 1930 430 2006 datur.

752 2088 918 2149 CAPUT
938 2089 996 2147 11.

645 2262 685 2311 ot
710 2261 888 2313 rotruffla
913 2261 1110 2313 SUGGESSIVA.

750 2421 960 2480 narremus
978 2422 1003 2479 1.

474 2576 620 2638 Eccleelm
640 2576 774 2637 doctrlna
788 2593 824 2637 oc
837 2575 991 2654 dlsotpltna
1004 2578 1082 2637 clrca
1096 2575 1254 2655 blgamtam
1268 2622 1277 2657 ,

508 2692 559 2737 seu
568 2676 708 2736 secundus
721 2677 850 2754 nuptias,
865 2679 1020 2753 exponitur
1031 2683 1060 2736 et
1074 2676 1250 2741 vindicatur.
1313 2680 1316 2685 “

395 2841 433 2913 ln
459 2839 524 2916 hoc
548 2856 743 2939 argumento
761 2838 1047 2940 operaepretium
1064 2856 1118 2913 eat
1134 2839 1253 2915 sedulo
1274 2840 1441 2918 ecclesiae

319 2954 509 3029 doctrinam
526 2981 547 3028 a
564 2954 746 3055 disciplina
772 2979 965 3041 amoenare,
985 2980 1074 3055 quae
1099 2955 1245 3031 diversis
1270 2958 1439 3034 accubas

321 3070 468 3145 obtinuit
494 3071 530 3145 iu
553 3070 698 3145 ecclesia
722 3070 796 3146 sive
822 3096 941 3169 graeca
966 3070 1039 3145 aive
1063 3069 1181 3145 latina.

394 3184 555 3261 Doctrina
574 3185 740 3261 catholica
756 3212 891 3287 semper
907 3187 993 3262 haec
1009 3186 1091 3275 luit,
1111 3185 1243 3262 ualidos
1260 3188 1441 3289 licitusque

321 3325 401 3376 ease
417 3300 586 3376 secundae
604 3318 638 3376 et
654 3300 831 3377 ulteriores
849 3302 998 3401 nuptias.
1019 3302 1143 3376 Contra
1158 3328 1238 3378 uero
1255 3329 1322 3377 nou
1340 3305 1441 3404 pauci

324 3414 485 3491 haeretici
510 3417 719 3517 antiquiores
745 3418 913 3493 secundas
938 3419 1093 3519 nuptiae,
1113 3419 1218 3494 multo
1233 3445 1313 3494 uero
1330 3421 1442 3519 magia

322 3531 522 3621 ulteriores,
550 3533 708 3609 defuncto
734 3533 845 3634 priore
869 3536 1029 3634 coniuge,
1049 3551 1223 3635 tamquam
1247 3533 1384 3610 illicitae
1401 3561 1443 3611 ac

324 3649 418 3724 nullo
439 3650 541 3725 modo
562 3648 718 3725 ferendae
743 3651 996 3751 improbarunt,
1017 3668 1051 3726 et
1075 3651 1218 3725 execrati
1236 3668 1328 3726 aunt.
1344 3652 1444 3728 lluuc

324 3788 472 3838 errorem
498 3764 562 3839 sub
587 3765 763 3840 cuiusdam
788 3767 1005 3866 perfectionis
1030 3766 1166 3840 obtentu
1194 3766 1338 3866 professi
1363 3782 1444 3841 sunt

322 3881 567 3970 montanistae3
596 3882 693 3957 cuius
719 3882 767 3956 rei
792 3900 1045 3957 monumentum
1064 3899 1155 3958 extat
1171 3883 1388 3958 ineluctabile
1404 3882 1443 3957 in

323 3994 426 4070 variis
451 3995 646 4071 Tertulliani
672 3996 786 4087 libris,
813 3997 1011 4098 praesertim
1037 4024 1116 4073 varo
1141 3998 1178 4071 in
1204 3998 1289 4074 libro
1306 4000 1355 4071 Do
1371 4026 1440 4072 mo-
1534 4065 1541 4082 ,

323 4112 488 4210 ιιοφιιιιιιά.
505 4112 796 4199 Quemadmodum
821 4140 901 4190 vero
926 4115 961 4188 in
986 4115 1064 4189 aliis
1089 4113 1259 4192 erroribus
1286 4115 1441 4191 nicetio

324 4393 349 4445 d
363 4285 1440 4445 horreat)cuiusmodimntcmaum,quaearo.uouuorneur.arnuumop.

405 4431 411 4444 .
422 4406 446 4446 cr
459 4432 465 4445 .
