3234 5084
325 409 394 483 m
444 430 506 483 nn.
527 428 575 482 nr.
596 430 683 483 seor:
703 432 834 482 snmus.
856 433 895 483 ns
911 432 1025 485 rnnns.
1046 433 1142 485 sssn.
1159 433 1282 488 enum.

395 549 506 622 Tertio
531 574 598 623 non
622 548 783 622 deficiunt
800 576 842 623 ox
860 566 954 648 porte
972 546 1193 626 solemnitatis
1212 552 1438 653 protessionis

323 663 519 762 religiosae,
544 663 607 737 etsi
634 658 830 737 solemnitas
858 664 987 738 formali
1014 692 1117 740 sensu
1142 688 1278 767 suseptn
1297 670 1440 769 sequio⁴

322 775 417 850 ribus
449 790 577 849 tuntum
613 776 737 851 seculis
762 778 804 850 sd
835 778 963 852 abusus
996 780 1186 866 tollendos,
1216 798 1273 856 sut
1300 808 1439 882 proees-

322 893 450 966 vendos
476 891 611 965 inducta
632 893 697 979 sit;
722 893 889 992 professio
914 893 1071 991 religioso
1095 895 1207 995 quoad
1231 920 1327 969 susm
1352 895 1437 968 sub-

324 1008 480 1081 stantiam
513 1034 695 1107 numquam
723 1033 789 1114 non
822 1008 966 1082 obtinuit
990 1010 1024 1080 in
1050 1009 1176 1082 Christi
1202 1008 1367 1095 ecelesia,
1391 1037 1434 1083 ex

323 1148 391 1223 qno
414 1146 534 1222 nempe
559 1122 753 1220 evangelion
777 1123 921 1197 oonsilio
937 1124 981 1196 sb
1001 1123 1195 1198 hominibus
1219 1125 1436 1223 perfeetionis

324 1233 486 1310 studiosis
514 1236 649 1309 fuerunt
671 1237 707 1308 in
733 1237 862 1335 proxim
891 1235 1036 1311 deduota
1052 1238 1141 1333 (73).
1158 1238 1242 1312 Cum
1263 1265 1343 1313 uero
1368 1264 1438 1312 non

323 1350 443 1424 modus
467 1349 673 1450 profitendae
696 1349 910 1448 evangelicus
934 1351 1168 1451 perfeetionis,
1194 1353 1255 1426 sed
1281 1380 1334 1427 res
1358 1353 1439 1452 ipsa

324 1466 386 1552 sit,
414 1489 522 1565 quse,
549 1465 598 1536 ita
621 1464 755 1538 Christo
779 1464 928 1548 volente,
951 1466 1146 1563 coniugium
1172 1483 1281 1539 retum
1298 1465 1440 1540 dirimat

324 1580 388 1653 sub
413 1578 576 1653 eooiesiae
600 1578 800 1664 directione,
831 1606 950 1678 purum
978 1580 1095 1667 refert,
1123 1582 1212 1681 quod
1235 1581 1354 1654 modus
1372 1582 1441 1655 isto

324 1695 512 1793 antiquitus
540 1719 607 1766 non
636 1693 831 1766 obtinuerit.
860 1694 923 1766 Hie
952 1694 1102 1768 defectus
1131 1720 1198 1768 non
1231 1693 1439 1793 impediebat

324 1810 504 1910 quominus
535 1807 701 1907 professio
731 1808 892 1905 religiose
915 1834 956 1880 ex
986 1834 1025 1881 se
1050 1808 1142 1882 huno
1165 1808 1363 1908 produceret
1387 1811 1438 1884 ei-

324 1924 459 1998 seotum.
469 1923 546 1995 Dixi
559 1922 620 1994 sub
632 1923 783 1995 ecelesiae
801 1924 994 2008 directione,
1011 1951 1089 1997 num
1103 1924 1211 2024 ipsius
1225 1941 1297 1997 erut
1312 1931 1438 2024 expeu-

325 2039 422 2127 dere,
442 2055 554 2113 utrum
572 2064 688 2112 omnes
706 2038 916 2113 conditiones
941 2057 1192 2127 concurrerent,
1217 2066 1305 2139 quse
1327 2040 1438 2139 requi-

325 2170 444 2229 runtur
461 2155 505 2229 sd
522 2154 633 2229 valide
650 2180 690 2226 no
706 2154 797 2228 lioite
821 2154 1016 2252 coniugium
1041 2154 1309 2229 dissolvendum.
1327 2157 1437 2252 Longe

323 2270 543 2345 verisimilius
567 2284 619 2344 est
643 2285 779 2343 sanctos
803 2283 862 2341 ent
887 2286 1022 2343 sanetas
1048 2270 1091 2342 ab
1123 2270 1273 2371 episcopi
1303 2288 1362 2343 sut
1387 2297 1440 2343 ss·

325 2384 470 2459 cerdotis
485 2384 528 2457 nd
547 2384 582 2456 id
601 2383 771 2457 constituti
787 2399 871 2456 nutu
890 2382 925 2455 in
944 2383 1159 2482 perfectionis
1178 2385 1349 2483 proposito
1365 2411 1441 2459 ser·

325 2500 456 2587 vendo,
489 2514 522 2571 et
550 2514 677 2598 partem
710 2498 827 2571 etiem,
847 2496 997 2571 relietum
1026 2498 1063 2569 in
1096 2498 1193 2572 novis
1227 2498 1439 2574 celebrandis

325 2616 453 2716 nuptiis
478 2614 622 2687 directos
646 2613 766 2686 fnisse.
792 2614 859 2685 Neo
881 2614 971 2686 enim
993 2614 1059 2687 ists
1080 2614 1283 2713 privumrum
1299 2614 1441 2689 arbitrio

325 2730 526 2804 dimittenda
554 2744 644 2802 sunt.

397 2845 536 2919 Romani
555 2870 654 2943 porro
670 2844 862 2943 pontifices,
879 2845 928 2917 uti
945 2844 1013 2918 inm
1031 2846 1239 2930 monuimus,
1256 2845 1342 2918 nihil
1360 2846 1440 2920 non

325 2959 510 3032 intulerunt
525 2958 669 3030 deoretis
687 2958 781 3045 suis,
807 2958 868 3031 sed
886 2983 926 3032 eu
947 2977 1131 3033 sanxerunt
1146 2986 1236 3060 quae
1251 2960 1441 3059 antiquitus

326 3073 454 3148 iamdiu
479 3073 514 3144 in
540 3098 606 3146 usu
628 3088 743 3158 erunt,
764 3098 804 3145 ee
825 3071 931 3146 dubia
954 3100 1081 3173 queso
1097 3074 1269 3148 nonnuliis
1296 3075 1441 3149 exeitutn

326 3205 408 3263 sunt
423 3188 594 3261 traditioni
612 3187 747 3261 divione
765 3187 870 3260 innixi
888 3187 1128 3276 dissolverunt,
1143 3208 1181 3262 ut
1192 3216 1234 3263 ex
1245 3190 1439 3265 eorumdem

327 3305 536 3381 decretorum
568 3303 680 3378 verbis
711 3303 926 3376 manifestum
951 3320 1014 3377 est.
1040 3303 1074 3376 Si
1103 3330 1170 3404 qun
1194 3306 1440 3404 Scripturas-um

327 3421 427 3495 effeto
443 3420 569 3520 opponi
589 3417 806 3506 videbuntur,
822 3444 863 3492 eu
876 3417 1082 3517 interpretati
1096 3436 1191 3507 sunt,
1207 3435 1320 3520 etque
1337 3447 1440 3495 sensu

398 3657 448 3719 (7³)
463 3657 501 3706 ct.
514 3658 603 3707 sueres
614 3658 652 3707 De
663 3656 800 3720 rettotons,
817 3658 878 3708 tom.
892 3660 934 3707 111.
949 3656 991 3707 lib.
1004 3656 1047 3706 111.
1058 3669 1111 3721 esp.
1124 3663 1147 3706 2.
1158 3655 1200 3705 ubi
1213 3654 1323 3719 apposite
1335 3653 1444 3705 enimto-

327 3737 400 3787 vertit
410 3757 422 3781 n
431 3735 499 3787 eliud
509 3749 561 3787 esse
571 3735 639 3799 loqui
650 3736 756 3789 desisto
772 3737 884 3801 religioso
896 3751 958 3801 puro
971 3750 1001 3787 se
1016 3736 1097 3796 nudo,
1111 3736 1192 3798 quoad
1208 3749 1236 3785 es
1252 3748 1316 3799 quse
1330 3734 1442 3784 subsun-

326 3816 395 3866 tintis
411 3818 484 3877 sunt;
501 3815 570 3865 sltud
583 3828 642 3865 vero
661 3828 714 3866 esse
732 3815 800 3878 loqui
820 3816 851 3866 de
868 3816 913 3866 llio
932 3818 960 3865 ut
981 3815 1143 3865 determinato
1158 3814 1189 3865 sd
1207 3819 1299 3865 cenum
1316 3814 1442 3877 regulam,

326 3907 370 3947 seu
390 3897 483 3945 eertum
507 3893 606 3943 vivendi
629 3892 745 3956 modurn,
768 3893 805 3944 vel
827 3893 893 3958 quod
912 3893 1013 3958 perinde
1031 3894 1082 3955 est,
1100 3896 1129 3943 ut
1143 3892 1234 3943 tutibus
1252 3891 1444 3943 eireummtiis

326 3973 467 4024 rendum.»
476 3974 531 4030 Qus
544 3972 702 4022 distinetione
715 3973 865 4036 oonstttuts,
885 3974 992 4023 affirmet
1008 3975 1099 4023 nsum
1118 3971 1243 4035 refigionis
1255 3970 1390 4022 seeundum
1403 3983 1442 4032 te,

324 4054 350 4102 st
364 4053 448 4116 quoad
466 4051 627 4102 substantium
647 4050 679 4101 ab
697 4051 751 4114 ipso
771 4051 870 4101 christo
891 4051 997 4102 Domino
1013 4051 1153 4101 immediate
1169 4050 1288 4101 trudimur
1306 4052 1332 4099 et
1346 4049 1442 4099 insuu-

326 4136 380 4183 turn
390 4132 478 4195 tuisse,
488 4134 563 4196 utque
574 4132 608 4182 tto
618 4130 668 4181 diei
682 4145 753 4195 posse
768 4132 800 4182 ds
818 4132 872 4182 iure
892 4145 946 4183 esse
962 4132 1047 4182 divino
1066 4144 1116 4181 non
1134 4130 1311 4195 pressipleme
1328 4128 1371 4180 ssd
1384 4141 1441 4179 eos·

326 4213 428 4263 solente.
449 4216 518 4271 Qose
536 4212 637 4276 quidem
657 4211 746 4263 deinde
760 4213 785 4263 et
800 4211 929 4264 oouflrrnst
943 4212 1089 4263 sumontnte
1111 4211 1311 4275 gnuuimorum
1332 4209 1440 4260 virosum

326 4292 517 4355 ostentionem,
541 4295 567 4343 et
587 4292 703 4344 eeclesias
721 4295 818 4356 pstrum
833 4329 841 4352 ,
858 4294 932 4356 stone
950 4291 1062 4355 pluribus
1081 4290 1216 4342 ntiontbns
1233 4289 1326 4342 nouit
1337 4292 1440 4340 suer-

328 4375 366 4423 rst
377 4372 402 4421 in
413 4372 488 4422 totius
498 4373 587 4437 sopitis
597 4370 711 4422 decursu.
