3234 5084
327 444 1195 510 cunvuosotssuaramn,uouuousorrmornv.
1250 431 1319 501 533

206 562 391 637 linitionem
404 562 417 650 ‚'
434 563 574 637 alterum
596 590 658 663 per
682 564 810 663 praxim
825 568 945 639 'suam
974 566 1137 652 Quamvis
1154 596 1233 644 vero
1252 595 1324 643 ma·

206 678 398 752 trimonium
426 693 533 751 ratum
559 678 712 753 absolute
737 695 840 780 atque
856 680 900 753 ab
920 681 1101 757 intrinseco
1126 710 1187 759 sou
1205 700 1324 760 natura

204 818 267 867 sua
291 793 530 868 indissolubile
554 796 599 869 sit
622 821 662 868 ao
687 795 754 869 dioi
781 794 923 883 debeat,
953 797 1037 872 solvi
1062 815 1173 873 tamon
1199 800 1241 873 ab
1266 827 1324 875 ex·

204 908 371 996 trinseoo‚
388 935 449 982 seu
460 907 575 984 diuina
588 909 784 983 auctoritate
797 925 923 1009 potest,
941 928 1041 1010 prout
1053 914 1242 1011 expositum
1255 931 1318 990 ast.

278 1293 344 1368 Sed
369 1320 457 1394 quae
474 1293 518 1368 de
535 1294 737 1368 matrimonii
755 1294 932 1369 christiani
951 1296 1210 1396 proprietatibus
1230 1298 1324 1373 tertio

206 1407 269 1483 boo
289 1407 375 1482 libro
400 1434 463 1484 neo
487 1434 554 1483 nou
578 1435 666 1509 quae
691 1409 726 1481 in
752 1408 853 1484 totius
878 1411 992 1510 operis
1010 1411 1156 1485 decursu
1173 1412 1324 1512 sumpsi-

205 1550 282 1597 mus
311 1524 551 1624 disquirenda,
584 1525 652 1598 iam
683 1525 767 1598 satis
798 1551 968 1625 superque
992 1526 1180 1625 disceptata
1202 1552 1243 1600 ao
1270 1525 1324 1599 di-

206 1656 344 1738 sputata
372 1667 433 1739 pro
463 1640 609 1729 nostris,
646 1639 764 1740 quales
796 1667 857 1714 eae
886 1640 1019 1714 tandem
1050 1667 1194 1744 eumque
1224 1641 1319 1729 sint,

205 1753 335 1828 viribus
360 1754 528 1829 videntur.
552 1754 773 1855 Scopulosum
798 1755 946 1855 prolecto
972 1755 1130 1856 pelagus,
1151 1782 1191 1829 ao
1218 1755 1321 1829 multa

207 1870 290 1970 syrti
311 1869 535 1970 periculosum
552 1871 799 1968 navigavimus.
822 1870 933 1958 Quare
949 1896 990 1945 eo
1014 1869 1112 1946 nobis
1131 1869 1323 1944 laetandum

205 1985 336 2084 magis,
359 2012 426 2086 quo
451 1985 584 2059 felicius
609 1985 652 2059 ad
678 2004 810 2088 portum
836 1986 969 2088 appulsi
994 2012 1125 2061 sumus.
1155 1986 1197 2059 At
1214 1987 1324 2086 potui·

205 2128 282 2175 mus
304 2101 489 2202 aliquando
507 2127 567 2201 pro
584 2102 752 2175 humanae
771 2102 1011 2176 imbecillitatis
1029 2102 1241 2189 conditione,
1263 2129 1323 2176 ou·

207 2217 262 2290 ius
283 2242 349 2291 non
375 2234 428 2291 est
450 2217 565 2291 omnia
588 2243 724 2306 cavere,
753 2236 813 2291 aut
836 2217 952 2319 aliquo
977 2217 1062 2292 lorte
1086 2217 1236 2305 illidere,
1266 2235 1325 2293 aut

205 2349 334 2407 areoto
358 2333 582 2430 navigationis
606 2359 707 2406 cursu
733 2332 921 2434 paullulum
945 2332 1112 2407 deerrare.
1142 2333 1232 2419 Quid
1258 2332 1324 2405 ni?

207 2447 363 2523 Hominis
388 2465 441 2523 est
461 2474 564 2548 possa
589 2447 672 2521 salli.
700 2449 821 2522 Verum
845 2448 909 2522 etsi
935 2475 988 2522 mo
1013 2449 1116 2523 errori
1142 2447 1323 2523 obnoxium

206 2565 386 2664 profitear,
409 2582 556 2639 attamen
581 2582 615 2638 et
638 2591 708 2638 uua
732 2591 828 2650 sum,
855 2563 968 2665 qualis
998 2565 1109 2639 omnis
1133 2563 1322 2638 catholicus

207 2679 384 2778 theologus
402 2706 479 2755 esse
505 2680 623 2766 debet,
652 2680 980 2780 obsequentissimus
1005 2695 1142 2752 sanetae
1167 2704 1324 2752 romanae

208 2795 372 2870 ecelesiae
388 2796 598 2898 discipulus,
627 2822 667 2869 ac
692 2795 965 2870 studiosissimus
991 2795 1065 2868 eius
1090 2792 1323 2868 observantiae

210 2910 314 2984 filius.
336 2912 448 2998 Quare
473 2912 503 2985 si
529 2911 610 3012 quid
637 2910 721 2983 mibi
744 2911 828 2985 lorte
849 2909 1024 2996 insolenti,
1044 2926 1102 2983 aut
1119 2909 1320 3009 imprudenti

209 3026 295 3099 inter
315 3025 530 3100 scribendum
556 3026 599 3100 de
624 3027 822 3128 quaestione
842 3042 910 3101 tam
931 3025 1083 3113 difficili,
1104 3041 1239 3125 tamquo
1263 3050 1323 3123 per

211 3157 362 3242 tempora
381 3142 547 3238 exagitata
564 3141 742 3229 exciderit,
770 3141 862 3241 quod
879 3141 930 3214 vel
949 3157 1159 3214 tranversum
1184 3139 1321 3239 quidem

124 3325 128 3332 .
208 3281 356 3353 unguem
382 3284 403 3330 a
426 3257 567 3331 veritate
590 3257 759 3346 discedat,
781 3258 848 3331 iam
874 3283 964 3330 nuno
982 3257 1058 3329 heic
1075 3256 1247 3357 profiteor,
1268 3281 1322 3329 ma

209 3371 294 3444 illud
320 3388 491 3472 tamquam
521 3373 684 3447 indictum
703 3431 711 3461 ‚
731 3390 790 3447 aut
815 3387 1028 3446 retractatum
1053 3371 1191 3445 omnino
1219 3369 1317 3445 velle.

208 3487 319 3560 Unum
353 3487 443 3561 enim
475 3488 578 3562 animi
609 3488 723 3562 nostri·
746 3486 971 3574 desiderium,
1005 3487 1108 3559 immo
1139 3485 1318 3583 voluptas,

209 3630 344 3704 sempor
357 3620 391 3677 et
403 3603 466 3676 luit
478 3620 594 3690 otest,
616 3630 655 3678 ac
670 3629 767 3703 porro
792 3629 969 3702 speramus
988 3600 1085 3676 allai
1100 3601 1142 3676 Ο.
1163 3602 1207 3672 Μ.
1223 3600 1322 3674 boni-

210 3735 286 3796 tata.
294 3734 331 3794 ut
354 3720 397 3793 ad
417 3734 555 3793 mortem
573 3746 682 3819 usque
699 3719 743 3792 sit
760 3721 909 3791 veritatis
927 3719 1102 3791 catholicoe
1122 3718 1316 3815 triumphos.

639 4037 902 4151 <sagmata
