3234 5084
305 458 598 512 cucullatorum
617 457 708 507 nnio.
730 457 1159 508 crn.rno1ss.rurn.inr.r.
1231 435 1296 505 291

182 578 400 679 quaestione,
422 601 510 674 qnae
535 590 614 647 tunc
634 575 794 673 temporis
820 574 967 647 nondum
996 590 1068 648 erat
1092 573 1221 674 liquido
1248 576 1301 646 di-

183 709 335 792 sceptata
361 693 481 787 (illu
507 688 573 761 Alii
598 714 677 764 vero
703 688 738 760 id
760 688 973 775 inficiantur,
1007 704 1109 787 atque
1134 704 1171 761 ut
1201 688 1300 761 nobis

182 810 333 894 videtur,
363 806 461 904 longe
485 804 720 880 verisimilius.

256 925 294 995 ln
321 922 409 996 hanc
433 937 544 994 autom
570 920 769 994 sententiam
795 918 996 992 adducimur
1023 921 1058 992 1.
1079 946 1120 992 ex
1145 945 1184 993 eo
1210 921 1302 1019 quod

183 1065 254 1114 non
270 1038 424 1111 videatur
441 1035 614 1136 probabile
631 1060 729 1122 eum,
750 1033 809 1133 qui
827 1033 916 1107 clare
934 1032 1019 1107 adeo
1040 1033 1076 1105 in
1097 1034 1215 1107 eodem
1231 1059 1304 1107 ora·

184 1153 288 1227 tionis
312 1167 466 1226 contextu
492 1150 666 1249 professus
684 1165 738 1223 est
761 1146 918 1249 aequalia
942 1147 1017 1221 iura
1042 1147 1154 1221 inesse
1172 1149 1254 1222 viris
1270 1165 1304 1222 et

184 1266 384 1341 mulieribus
413 1267 448 1337 in
480 1263 691 1339 matrimonio
725 1264 818 1336 iuxta
849 1262 1058 1361 evangelium
1092 1288 1152 1337 seu
1177 1263 1301 1337 Christi

186 1383 297 1483 ipsius
310 1380 424 1470 rerba,
439 1380 563 1455 deinde
577 1380 718 1481 probare
732 1378 883 1454 voluisse
895 1377 1185 1467 cousuetudinem,
1202 1406 1302 1479 quam

186 1498 232 1572 ab
244 1495 417 1595 euangelio
433 1496 646 1596 discrepare,
667 1495 735 1568 imo
752 1509 878 1568 etcum
895 1495 971 1594 ipso
989 1521 1140 1595 pugnare
1157 1495 1299 1581 latetur3

188 1614 223 1687 2.
251 1639 291 1686 ex
310 1638 350 1686 eo
368 1611 459 1711 quod
477 1626 591 1712 aperte
604 1610 803 1684 contrariam
818 1610 942 1709 pariter
953 1608 1140 1683 doctrinam
1163 1636 1194 1683 s.
1210 1611 1306 1683 Pater

186 1727 359 1829 professus
381 1726 480 1799 luerit
504 1726 539 1798 in
565 1726 647 1824 lleg.
669 1723 865 1812 lxxiiii,
887 1750 1007 1825 nempe
1024 1724 1095 1799 lore
1111 1725 1301 1812 adulteros,

186 1842 265 1941 qui,
292 1840 436 1914 dimisso
460 1839 618 1913 alterutro
643 1839 807 1937 coniuge,
836 1864 943 1939 eoque
968 1839 1119 1926 vivente,
1149 1838 1191 1912 ad
1218 1838 1305 1913 elias

186 1956 320 2057 nuptias
346 1956 548 2043 transirent,
570 1953 663 2030 nullo
688 1955 888 2054 interposito
914 1953 1016 2054 plane
1039 1954 1237 2028 discrimine
1254 1956 1308 2026 in-

187 2090 236 2147 ter
258 2074 368 2148 virum
393 2089 427 2147 et
450 2071 648 2159 muliercm;
687 2071 885 2146 incredibile
910 2096 1012 2171 porro
1037 2071 1170 2144 videtur
1194 2071 1305 2171 ipsum

185 2187 229 2262 ab
253 2187 319 2263 hoc
345 2187 511 2288 principio
529 2186 685 2260 recedere
701 2186 871 2275 voluisse,
900 2203 938 2262 ut
963 2186 1199 2261 consuetudini
1217 2186 1308 2260 lare-

186 2320 257 2390 ret3
287 2306 321 2376 3.
346 2329 388 2377 ex
413 2327 454 2376 eo
479 2300 569 2402 quod
591 2326 659 2375 non
682 2300 840 2401 loquatur
864 2327 894 2374 s.
919 2301 1069 2375 Basilius
1095 2300 1138 2374 de
1166 2326 1308 2375 consue-

189 2418 306 2490 tudine
326 2419 561 2502 ecclcsiostico,
584 2418 644 2492 sed
661 2416 705 2490 de
721 2443 784 2489 aru
807 2419 951 2517 sorensi,
973 2417 1065 2490 iuxta
1086 2418 1178 2514 leges
1200 2417 1308 2490 editas

187 2531 438 2607 aConstantioo
456 2533 516 2620 M„
537 2533 663 2632 quibus
686 2532 764 2605 licet
780 2531 838 2605 hic
863 2532 1045 2630 imperator
1062 2532 1116 2606 ius
1135 2558 1308 2607 romanum

188 2643 253 2717 hac
271 2644 306 2716 in
323 2672 359 2718 re
375 2672 442 2719 non
462 2672 582 2746 parum
608 2644 813 2733 emendarit,
835 2661 981 2719 attamen
1000 2647 1033 2719 in
1052 2672 1157 2720 causa
1175 2647 1308 2721 divortii

187 2758 302 2833 adhuc
326 2761 402 2858 plus
427 2762 509 2836 lavit
531 2762 616 2836 viris
640 2788 743 2861 quem
777 2762 975 2835 mulieribus
1009 2764 1099 2858 (98).
1136 2764 1207 2837 lam
1231 2788 1310 2837 vero

188 2901 220 2949 s.
249 2874 410 2947 Basilium
435 2875 527 2975 leges
553 2877 721 2951 eiusmodi
748 2877 917 2951 humanas
936 2877 1153 2952 adversantes
1171 2877 1237 2976 legi
1262 2877 1310 2950 di·

188 2987 290 3061 vinae
316 2989 452 3063 minime
476 2991 639 3090 probasse
664 2990 873 3090 exploratum
893 3007 958 3066 est.
983 2992 1081 3079 Quod
1099 2993 1129 3067 si
1147 2992 1242 3066 visus
1258 3009 1311 3066 est

187 3101 425 3201 quadantenus
450 3103 531 3177 huic
558 3104 794 3179 consuetudini
818 3106 954 3193 lavere,
989 3108 1156 3205 veniaque
1189 3108 1310 3204 dignos

188 3242 327 3291 censere
349 3217 459 3306 viros,
481 3219 539 3319 qui
564 3219 608 3293 ab
629 3245 732 3296 uxore
755 3221 861 3294 relicti
887 3247 993 3294 novos
1020 3222 1137 3295 ineunt
1153 3223 1307 3321 nuptias,

190 3331 295 3431 repeti
315 3332 350 3404 id
372 3332 472 3407 debet
496 3360 536 3407 ex
562 3335 750 3410 rationibus
776 3337 1034 3433 congruentiae,
1059 3334 1183 3436 quibus
1208 3333 1311 3408 coho-

190 3463 322 3521 nestare
348 3447 462 3550 aliquo
476 3449 588 3525 'modo
618 3451 714 3525 nisus
745 3466 798 3524 est
822 3451 1101 3525 consuetudinem
1131 3477 1191 3549 per
1218 3450 1311 3547 leges

190 3562 305 3638 civiles
331 3564 515 3641 inductam.
544 3567 632 3641 Sane
652 3566 785 3665 gravior
802 3583 858 3641 est
874 3567 910 3640 in
927 3569 1002 3666 pari
1025 3593 1106 3642 casu
1124 3566 1226 3664 culpa
1242 3591 1312 3639 mu·

264 3772 314 3835 (oi)
329 3775 389 3824 inc.
406 3772 448 3824 eit.
1120 3797 1123 3804 ·

259 3852 311 3913 (aa)
326 3851 371 3901 Ed.
393 3853 520 3905 Macrinus
535 3854 561 3904 in
572 3855 631 3905 noto
646 3853 678 3904 ad
694 3867 749 3905 oon.
762 3858 804 3905 ix.
819 3855 879 3905 lracc
895 3854 983 3906 habe:
1004 3855 1144 3919 «sequitur
1161 3855 1185 3903 in
1206 3854 1253 3903 hoo
1272 3867 1311 3904 oa·

190 3941 254 3980 none
273 3930 378 3981 Basilius
396 3945 510 3983 romanos
528 3933 606 3995 leges,
627 3945 691 3996 quas
712 3936 796 3984 umen
816 3933 908 3985 latetur
928 3947 986 3985 cum
1008 3934 1138 3998 evangelio
1160 3933 1241 3983 minus
1257 3946 1312 3982 eon

188 4009 288 4061 satira
304 4012 353 4061 Lex
367 4012 523 4063 &martini
543 4012 612 4063 iubet
631 4016 660 4064 tu
680 4014 792 4079 repudio
808 4014 938 4066 mittendo
955 4027 973 4065 a
982 4013 1106 4078 foemina
1122 4013 1187 4065 hoco
1199 4011 1257 4061 soto
1267 4014 1315 4061 cri·

188 4091 264 4140 mua
282 4093 401 4155 ioquin,
422 4095 447 4143 st
469 4091 651 4155 Mmtddarn,
676 4094 720 4145 vet
741 4093 1025 4156 medicamentarium,
1049 4087 1092 4144 cel
1114 4091 1315 4156 sepulchrorum

189 4169 374 4221 cantaturo
386 4174 518 4224 moritum
537 4185 618 4224 raum
636 4186 692 4225 esra
708 4173 872 4239 probauerit.
895 4175 928 4225 it
945 4174 1032 4225 eedem
1055 4174 1108 4237 iege
1125 4174 1185 4222 viris
1202 4171 1314 4222 conwoi-

190 4251 245 4312 tor,
266 4250 296 4301 ut
313 4250 439 4303 adulteras
456 4265 546 4304 uxores
568 4252 702 4305 dimittam.
716 4273 730 4299 r»
746 4257 811 4306 sono
825 4254 939 4319 nuspiam
956 4256 1054 4305 conant
1071 4252 1192 4305 eiusmodi
1213 4265 1313 4303 consue·

186 4327 315 4393 tudinem,
329 4329 361 4380 de
371 4344 422 4394 qua
435 4331 477 4384 hic
488 4334 525 4383 est
537 4345 635 4397 sermo,
652 4334 680 4383 lo
695 4333 799 4385 ecclesia
813 4333 929 4399 riguisse.
944 4333 1046 4399 iiuiiom
1059 4333 1234 4384 documentum
1247 4330 1314 4382 iliius

190 4408 277 4462 acuta
290 4410 322 4462 de
337 4411 458 4464 &asmodi
475 4413 653 4467 consuetudine
664 4414 780 4479 mandit.
1196 4493 1217 4534 s
