3234 5084
334 394 403 463 toi
509 417 569 467 un.
592 418 638 468 ru.
660 418 745 468 saer.
769 420 791 468 r.
813 420 1102 472 enarradarum.
1121 422 1264 474 uariata.

331 532 467 633 quidem
482 532 647 605 interdum
662 550 755 607 muna
773 552 809 608 ut
828 536 904 635 ipse
920 536 1084 636 loquitur,
1104 556 1137 612 et
1148 555 1311 639 quaterna
1323 541 1440 615 eoniu-

331 647 398 744 gia‚
415 674 478 720 oon
496 663 561 721 tom
577 652 729 748 oooiepio
747 651 845 738 dicit,
861 677 963 751 quam
987 652 1227 727 «miseriarum
1246 654 1389 742 solatia,
1410 674 1445 729 et

331 777 509 835 extremam
525 762 671 836 tabulam
685 765 922 862 naufragorum
940 768 1066 861 (lips
1086 767 1255 841 interdum
1274 794 1353 842 vero
1379 770 1445 843 hoe

332 903 399 951 uno
415 878 551 951 nomine
568 879 758 952 tolerandas
775 880 921 953 affimat
938 882 1052 954 tertias
1072 882 1227 981 nuptias,
1247 884 1339 982 quod
1352 910 1446 984 prae-

332 993 487 1068 lerendae
512 995 580 1069 sint
602 1022 678 1069 cum
705 995 860 1094 pluribus
890 997 1081 1071 scortationi
1107 997 1244 1071 dicens:
1277 997 1446 1072 «Tolera-

332 1108 435 1184 bilius
460 1126 512 1183 est
535 1110 593 1182 uni
620 1110 748 1184 homini
775 1111 987 1209 prostitutam
1008 1137 1210 1212 essequam
1232 1111 1366 1186 multis:
1396 1114 1447 1187 si·

331 1227 467 1328 quidam
488 1245 522 1302 et
540 1227 599 1301 illa
624 1229 659 1301 in
685 1229 861 1327 evangelio
880 1230 1017 1303 loannis
1035 1230 1240 1304 samaritana
1259 1246 1389 1305 sertum
1407 1256 1446 1304 se

332 1341 455 1416 habere
480 1343 635 1416 maritum
661 1343 798 1428 dicens,
825 1343 975 1440 arguitur
995 1370 1015 1417 a
1035 1344 1178 1418 Domino
1199 1344 1289 1444 quod
1311 1371 1377 1419 non
1400 1344 1447 1418 sit

330 1458 381 1530 vir
404 1459 490 1532 eius.
521 1457 584 1531 Ubi
600 1458 691 1531 enim
716 1484 876 1531 numerus
902 1458 1096 1532 maritorum
1114 1475 1186 1545 est,
1212 1458 1259 1531 ibi
1280 1459 1355 1545 vir,
1383 1459 1443 1558 qui

331 1574 465 1671 proprie
490 1598 578 1646 unus
604 1589 674 1657 est,
701 1596 778 1645 esse
803 1571 905 1644 desiit
926 1573 998 1667 (93)
1015 1601 1060 1659 ‚a
1087 1588 1120 1644 et
1137 1571 1219 1646 alibi
1243 1574 1370 1673 passim
1387 1598 1445 1647 aa·

330 1686 406 1759 dem
429 1688 549 1788 repetit
577 1689 666 1782 (ii).

402 1804 469 1875 Nee
493 1803 537 1875 ab
561 1801 626 1876 hac
648 1803 814 1876 sententia
833 1803 1026 1902 discrepare
1047 1805 1179 1878 uidetur
1196 1831 1226 1878 s.
1249 1803 1443 1903 Fulgentius

330 1917 388 2016 qui
416 1915 597 2013 bigamiam
623 1931 751 1989 lantum
778 1933 837 1989 aut
861 1916 1050 2014 trigamiam
1076 1944 1117 1991 ex
1141 1917 1348 2016 indulgentia
1370 1944 1445 2018 per-

330 2032 470 2104 missam
488 2032 608 2118 docet,
630 2057 691 2105 nec
707 2032 850 2105 ulterius
869 2031 1080 2130 progreditur
1100 2035 1195 2128 (it);
1214 2058 1277 2106 neo
1293 2057 1358 2105 non
1377 2031 1445 2104 lle-

330 2145 449 2218 nardus
474 2147 665 2220 turonensis
691 2147 893 2245 episeopus,
917 2147 977 2246 qui
1003 2147 1089 2219 inter
1113 2146 1299 2245 capitulae
1322 2172 1359 2220 se
1375 2144 1446 2220 ool-

329 2259 433 2347 iacta,
452 2260 515 2335 boc
531 2262 630 2335 etiam
646 2263 807 2336 inseruit:
840 2261 991 2335 «Nullus
1013 2260 1120 2334 laicus
1142 2261 1218 2361 plus
1238 2286 1339 2361 quam
1357 2261 1444 2335 duas

329 2401 450 2450 uxores
474 2376 615 2450 babeat:
640 2377 731 2475 quod
758 2391 851 2450 extra
876 2394 952 2461 est,
980 2376 1023 2448 ad
1049 2375 1250 2449 adulterium
1276 2376 1440 2474 pertinet,

328 2491 484 2565 similiter
508 2511 541 2566 et
565 2492 685 2566 mulier
712 2496 838 2589 (96).»
868 2492 907 2563 ln
933 2490 1163 2565 Poenitentiali
1191 2516 1328 2565 romano
1350 2491 1443 2589 apud

327 2604 501 2702 Hugonam
527 2607 721 2680 blenardum
749 2607 792 2679 ad
819 2606 942 2678 librum
968 2622 1254 2679 sacramentorum
1267 2631 1297 2679 s.
1320 2604 1443 2702 Grego-

329 2721 368 2792 rii
391 2722 435 2793 ii.
452 2723 668 2796 constitutum
683 2739 752 2796 est:
776 2722 841 2792 «Si
858 2720 1039 2795 cuiuslibet
1057 2720 1205 2795 hominis
1222 2734 1353 2794 mortua
1370 2719 1443 2793 lue-

329 2836 372 2907 rit
396 2862 497 2922 uxor,
526 2836 628 2910 babet
652 2851 848 2936 potestatem
873 2836 1025 2933 accipere
1042 2835 1196 2908 alteram:
1227 2834 1382 2907 similiter
1405 2852 1443 2909 et

327 2949 460 3021 mulier.
493 2951 527 3020 Si
558 2951 690 3024 tertium
720 2949 912 3050 acceperit,
939 2950 1065 3023 ieiunet
1086 2949 1316 3023 hebdomadas
1350 2965 1438 3023 tras:

327 3064 357 3136 si
395 3080 551 3163 quartum
588 3066 778 3166 acceperit,
820 3066 946 3139 ieiunet
984 3063 1212 3139 hebdomadas
1249 3064 1368 3161 viginti
1407 3082 1441 3139 et

328 3205 429 3252 unam
458 3181 584 3275 (97)»

399 3294 489 3367 llaec
514 3294 650 3394 quidem
674 3296 853 3369 uerissima
874 3313 975 3381 sunt,
1001 3295 1249 3394 ostenduntque
1274 3294 1441 3368 ecelesiae

327 3408 482 3505 spiritum
509 3423 662 3507 respectu
686 3396 859 3483 viduitatis
888 3425 921 3483 et
945 3408 1133 3494 eastitatis,
1163 3425 1309 3481 cetarum
1340 3435 1441 3484 nemo

402 3568 452 3629 (et)
471 3571 504 3618 la
518 3570 611 3617 ierem.
624 3568 667 3618 lib.
676 3570 720 3618 iii.
733 3582 787 3632 oap.
797 3575 833 3620 to.
845 3566 895 3619 roi.
905 3576 925 3618 t.
941 3582 998 3631 opp,
1019 3566 1059 3617 ed.
1081 3567 1186 3617 vallars.
1199 3568 1260 3616 tom.
1269 3569 1311 3616 lv.
1322 3567 1369 3616 eol.
1382 3573 1439 3618 eti.

402 3647 452 3710 (aa)
468 3646 523 3698 Lib.
542 3650 563 3697 Ι.
574 3646 631 3697 adr.
644 3649 763 3698 lovinion.
778 3648 873 3699 adoll.
886 3651 945 3699 lom.
961 3651 993 3698 ΙΙ.
1004 3647 1053 3697 eol,
1066 3654 1119 3697 tot.

402 3727 454 3786 (94)
469 3728 539 3777 Ulln
551 3741 590 3791 ep.
608 3727 640 3778 ad
659 3729 820 3792 ageruchiam
838 3731 870 3780 de
880 3728 1032 3791 monogamia
1049 3727 1251 3778 adcitum.
1270 3741 1334 3791 quae
1342 3729 1395 3778 tola
1405 3731 1444 3779 eat

323 3807 355 3858 de
373 3807 419 3857 lioe
441 3808 602 3870 ammento,
623 3806 665 3856 ubl
686 3807 718 3857 ad
744 3807 939 3872 persuadendam
967 3805 1146 3868 monogamiam
1168 3805 1283 3869 pleraque
1303 3805 1442 3870 desumpsit

324 3900 353 3935 ea
375 3885 542 3948 Tertulliano,
564 3885 731 3937 etalrdirersa
748 3888 849 3938 omnim
867 3888 956 3937 mente.
978 3888 1040 3937 Nam
1062 3884 1227 3935 Tertullianus
1240 3887 1269 3935 ut
1286 3885 1441 3948 illegitimam

324 3964 486 4028 polygonatum
504 3965 667 4016 auceeaeiram
682 3966 803 4028 tradueil;
821 3968 906 4017 eontra
924 3978 984 4016 vero
1000 3977 1021 4015 a.
1034 3964 1198 4028 Hieronymus
1213 3963 1245 4015 ab
1255 3977 1283 4016 ea
1293 3964 1395 4017 abdntlt
1403 3967 1441 4016 vi·

325 4042 388 4093 dnos
403 4045 448 4093 aut
459 4042 547 4093 viduas
567 4043 668 4094 nidoris
682 4044 837 4108 perfectionis
853 4057 937 4095 eausa.

402 4125 454 4183 (⁹⁵)
471 4123 508 4171 De
525 4120 591 4173 Fide
605 4121 642 4173 ad
657 4125 728 4173 Patr.
743 4135 797 4185 cap.
812 4123 1032 4173 a.n.ta.1temo.
1047 4122 1318 4174 enneaenearis.
1334 4127 1401 4175 tesi.

400 4200 451 4261 (96)
466 4202 496 4251 ii.
508 4203 571 4251 clii.
588 4202 655 4266 apud
668 4202 744 4253 uin.
757 4205 818 4251 loiri
833 4204 899 4251 vill.
910 4201 999 4253 oonoll.
1013 4216 1037 4264 p.
1051 4208 1105 4252 ωδ.
1121 4202 1205 4253 lloruil
1220 4204 1301 4253 anien
1318 4202 1443 4255 ilarerdus

323 4290 363 4327 an.
381 4284 436 4328 aaa.

403 4358 453 4421 (ei)
468 4361 531 4423 opp.
554 4373 574 4411 a.
587 4363 660 4424 Greg.
672 4360 711 4411 ed.
725 4363 803 4410 Maur.
820 4362 879 4411 lom.
893 4363 935 4410 iii.
949 4361 997 4410 ool.
1012 4365 1067 4410 iso.
