<?xml version="1.0" encoding="UTF-8"?>
<!DOCTYPE html PUBLIC "-//W3C//DTD XHTML 1.0 Transitional//EN"
    "http://www.w3.org/TR/xhtml1/DTD/xhtml1-transitional.dtd">
<html xmlns="http://www.w3.org/1999/xhtml" xml:lang="en" lang="en">
 <head>
  <title>
</title>
<meta http-equiv="Content-Type" content="text/html;charset=utf-8" />
  <meta name='ocr-system' content='tesseract 3.04.00' />
  <meta name='ocr-capabilities' content='ocr_page ocr_carea ocr_par ocr_line ocrx_word'/>
</head>
<body>
  <div class='ocr_page' id='page_1' title='image "./dematrimoniochr03perrgoog_0312.png"; bbox 0 0 3234 5084; ppageno 0'>
   <div class='ocr_carea' id='block_1_1' title="bbox 340 445 1286 707">
    <p class='ocr_par' dir='ltr' id='par_1_1' title="bbox 340 445 1286 707">
     <span class='ocr_line' id='line_1_1' title="bbox 340 445 1286 517; baseline -0.001 0"><span class='ocrx_word' id='word_1_1' title='bbox 340 445 408 517; x_wconf 76' lang='grc'><strong>310</strong></span> <span class='ocrx_word' id='word_1_2' title='bbox 471 467 534 517; x_wconf 87' lang='grc' dir='ltr'><strong>ιιι.</strong></span> <span class='ocrx_word' id='word_1_3' title='bbox 550 465 599 517; x_wconf 93' lang='grc' dir='ltr'><strong>ιιι.</strong></span> <span class='ocrx_word' id='word_1_4' title='bbox 617 464 705 517; x_wconf 84' lang='lat' dir='ltr'><strong>srcr.</strong></span> <span class='ocrx_word' id='word_1_5' title='bbox 724 463 855 516; x_wconf 72' lang='lat' dir='ltr'><strong>rursm.</strong></span> <span class='ocrx_word' id='word_1_6' title='bbox 871 464 912 516; x_wconf 85' lang='lat' dir='ltr'><strong>nn</strong></span> <span class='ocrx_word' id='word_1_7' title='bbox 930 464 1041 516; x_wconf 83' lang='grc' dir='ltr'><strong>ιιιιιιι.</strong></span> <span class='ocrx_word' id='word_1_8' title='bbox 1064 464 1158 516; x_wconf 75' lang='lat' dir='ltr'><strong>urs.</strong></span> <span class='ocrx_word' id='word_1_9' title='bbox 1175 464 1286 516; x_wconf 85' lang='lat' dir='ltr'><strong>cssrsr</strong></span> 
     </span>
     <span class='ocr_line' id='line_1_2' title="bbox 829 607 1057 707; baseline -0.009 -27"><span class='ocrx_word' id='word_1_10' title='bbox 829 607 867 707; x_wconf 59' lang='lat' dir='ltr'><strong>S.</strong></span> <span class='ocrx_word' id='word_1_11' title='bbox 887 607 954 680; x_wconf 82' lang='lat' dir='ltr'><strong>XV.</strong></span> <span class='ocrx_word' id='word_1_12' title='bbox 1054 615 1057 620; x_wconf 85' lang='lat'>&#39;</span> 
     </span>
    </p>
   </div>
   <div class='ocr_carea' id='block_1_2' title="bbox 691 781 1074 846">
    <p class='ocr_par' dir='ltr' id='par_1_2' title="bbox 691 781 1074 846">
     <span class='ocr_line' id='line_1_3' title="bbox 691 781 1074 846; baseline -0.01 -14"><span class='ocrx_word' id='word_1_13' title='bbox 691 783 728 832; x_wconf 80' lang='lat' dir='ltr'><strong>De</strong></span> <span class='ocrx_word' id='word_1_14' title='bbox 743 793 764 832; x_wconf 89' lang='lat' dir='ltr'><strong>s.</strong></span> <span class='ocrx_word' id='word_1_15' title='bbox 780 782 873 832; x_wconf 83' lang='lat' dir='ltr'><strong>tcanne</strong></span> <span class='ocrx_word' id='word_1_16' title='bbox 890 781 1074 846; x_wconf 75' lang='lat' dir='ltr'><strong>chrysostomo.</strong></span> 
     </span>
    </p>
   </div>
   <div class='ocr_carea' id='block_1_3' title="bbox 335 934 1450 1496">
    <p class='ocr_par' dir='ltr' id='par_1_3' title="bbox 335 934 1450 1496">
     <span class='ocr_line' id='line_1_4' title="bbox 407 934 1445 1041; baseline -0.001 -35"><span class='ocrx_word' id='word_1_17' title='bbox 407 934 569 1009; x_wconf 79' lang='lat' dir='ltr'><strong>decurate</strong></span> <span class='ocrx_word' id='word_1_18' title='bbox 587 934 787 1036; x_wconf 83' lang='lat' dir='ltr'>expendenti</span> <span class='ocrx_word' id='word_1_19' title='bbox 806 935 1007 1022; x_wconf 80' lang='lat' dir='ltr'><strong>doctrinam,</strong></span> <span class='ocrx_word' id='word_1_20' title='bbox 1022 960 1125 1041; x_wconf 78' lang='lat' dir='ltr'><strong>quam</strong></span> <span class='ocrx_word' id='word_1_21' title='bbox 1142 949 1335 1009; x_wconf 75' lang='lat' dir='ltr'><strong>constanter</strong></span> <span class='ocrx_word' id='word_1_22' title='bbox 1351 957 1381 1007; x_wconf 88' lang='lat' dir='ltr'><strong>s.</strong></span> <span class='ocrx_word' id='word_1_23' title='bbox 1397 934 1445 1008; x_wconf 86' lang='lat' dir='ltr'><strong>lo.</strong></span> 
     </span>
     <span class='ocr_line' id='line_1_5' title="bbox 335 1047 1450 1151; baseline -0.004 -27"><span class='ocrx_word' id='word_1_24' title='bbox 335 1047 596 1151; x_wconf 67' lang='lat' dir='ltr'><strong>chrysostomus</strong></span> <span class='ocrx_word' id='word_1_25' title='bbox 613 1066 724 1124; x_wconf 91' lang='lat' dir='ltr'><strong>tuetur</strong></span> <span class='ocrx_word' id='word_1_26' title='bbox 740 1050 783 1123; x_wconf 92' lang='lat' dir='ltr'><strong>de</strong></span> <span class='ocrx_word' id='word_1_27' title='bbox 801 1049 901 1151; x_wconf 87' lang='lat' dir='ltr'><strong>plena</strong></span> <span class='ocrx_word' id='word_1_28' title='bbox 925 1076 965 1123; x_wconf 90' lang='lat' dir='ltr'><strong>ac</strong></span> <span class='ocrx_word' id='word_1_29' title='bbox 990 1066 1152 1150; x_wconf 88' lang='lat' dir='ltr'><strong>perpetua</strong></span> <span class='ocrx_word' id='word_1_30' title='bbox 1174 1047 1364 1146; x_wconf 81' lang='lat' dir='ltr'><strong>coniugalis</strong></span> <span class='ocrx_word' id='word_1_31' title='bbox 1380 1048 1450 1123; x_wconf 87' lang='lat' dir='ltr'><strong>riu·</strong></span> 
     </span>
     <span class='ocr_line' id='line_1_6' title="bbox 336 1161 1450 1266; baseline -0.002 -27"><span class='ocrx_word' id='word_1_32' title='bbox 336 1164 403 1239; x_wconf 90' lang='lat' dir='ltr'><strong>culi</strong></span> <span class='ocrx_word' id='word_1_33' title='bbox 435 1165 615 1254; x_wconf 85' lang='lat' dir='ltr'><strong>firmitate,</strong></span> <span class='ocrx_word' id='word_1_34' title='bbox 645 1182 747 1266; x_wconf 90' lang='lat' dir='ltr'><strong>atque</strong></span> <span class='ocrx_word' id='word_1_35' title='bbox 782 1162 1080 1240; x_wconf 88' lang='lat' dir='ltr'><strong>indissolubilitate</strong></span> <span class='ocrx_word' id='word_1_36' title='bbox 1111 1165 1327 1253; x_wconf 86' lang='lat' dir='ltr'><strong>omnimoda,</strong></span> <span class='ocrx_word' id='word_1_37' title='bbox 1359 1161 1450 1237; x_wconf 90' lang='lat' dir='ltr'><strong>illico</strong></span> 
     </span>
     <span class='ocr_line' id='line_1_7' title="bbox 337 1265 1450 1380; baseline -0.001 -27"><span class='ocrx_word' id='word_1_38' title='bbox 337 1265 521 1380; x_wconf 81' lang='lat' dir='ltr'><strong>apparebil,</strong></span> <span class='ocrx_word' id='word_1_39' title='bbox 541 1307 620 1355; x_wconf 90' lang='lat' dir='ltr'><strong>eum</strong></span> <span class='ocrx_word' id='word_1_40' title='bbox 640 1279 758 1354; x_wconf 87' lang='lat' dir='ltr'><strong>merito</strong></span> <span class='ocrx_word' id='word_1_41' title='bbox 782 1278 1030 1354; x_wconf 83' lang='lat' dir='ltr'><strong>accensendum</strong></span> <span class='ocrx_word' id='word_1_42' title='bbox 1056 1279 1145 1353; x_wconf 89' lang='lat' dir='ltr'><strong>inter</strong></span> <span class='ocrx_word' id='word_1_43' title='bbox 1168 1278 1369 1379; x_wconf 88' lang='lat' dir='ltr'><strong>praecipuos</strong></span> <span class='ocrx_word' id='word_1_44' title='bbox 1394 1304 1450 1352; x_wconf 82' lang='lat' dir='ltr'><strong>cs·</strong></span> 
     </span>
     <span class='ocr_line' id='line_1_8' title="bbox 335 1392 1449 1496; baseline -0.004 -26"><span class='ocrx_word' id='word_1_45' title='bbox 335 1392 492 1483; x_wconf 87' lang='lat' dir='ltr'><strong>thelicae,</strong></span> <span class='ocrx_word' id='word_1_46' title='bbox 514 1422 615 1496; x_wconf 89' lang='lat' dir='ltr'><strong>quam</strong></span> <span class='ocrx_word' id='word_1_47' title='bbox 633 1394 852 1482; x_wconf 79' lang='lat' dir='ltr'>adstruimus,</span> <span class='ocrx_word' id='word_1_48' title='bbox 868 1394 1040 1468; x_wconf 88' lang='lat' dir='ltr'><strong>doetrinae</strong></span> <span class='ocrx_word' id='word_1_49' title='bbox 1052 1409 1316 1496; x_wconf 79' lang='lat' dir='ltr'><strong>propugnatores</strong></span> <span class='ocrx_word' id='word_1_50' title='bbox 1346 1408 1379 1467; x_wconf 89' lang='lat' dir='ltr'><strong>et</strong></span> <span class='ocrx_word' id='word_1_51' title='bbox 1398 1418 1449 1466; x_wconf 87' lang='lat' dir='ltr'><strong>es·</strong></span> 
     </span>
    </p>
   </div>
   <div class='ocr_carea' id='block_1_4' title="bbox 221 1508 1448 1596">
    <p class='ocr_par' dir='ltr' id='par_1_4' title="bbox 221 1508 1448 1596">
     <span class='ocr_line' id='line_1_9' title="bbox 221 1508 1448 1596; baseline -0.001 -12"><span class='ocrx_word' id='word_1_52' title='bbox 221 1533 228 1543; x_wconf 87' lang='lat'><strong>·</strong></span> <span class='ocrx_word' id='word_1_53' title='bbox 335 1525 494 1584; x_wconf 83' lang='lat' dir='ltr'><strong>sectores.</strong></span> <span class='ocrx_word' id='word_1_54' title='bbox 528 1509 692 1596; x_wconf 81' lang='lat' dir='ltr'><strong>Quamvis</strong></span> <span class='ocrx_word' id='word_1_55' title='bbox 717 1510 808 1584; x_wconf 90' lang='lat' dir='ltr'><strong>enim</strong></span> <span class='ocrx_word' id='word_1_56' title='bbox 839 1509 1025 1585; x_wconf 77' lang='lat' dir='ltr'><strong>adversarii</strong></span> <span class='ocrx_word' id='word_1_57' title='bbox 1046 1511 1191 1584; x_wconf 80' lang='lat' dir='ltr'><strong>maxime</strong></span> <span class='ocrx_word' id='word_1_58' title='bbox 1218 1508 1344 1583; x_wconf 80' lang='lat' dir='ltr'><strong>vellent</strong></span> <span class='ocrx_word' id='word_1_59' title='bbox 1371 1533 1448 1583; x_wconf 89' lang='lat' dir='ltr'><strong>eum</strong></span> 
     </span>
    </p>
   </div>
   <div class='ocr_carea' id='block_1_5' title="bbox 325 1623 1449 4378">
    <p class='ocr_par' dir='ltr' id='par_1_5' title="bbox 333 1623 1449 2184">
     <span class='ocr_line' id='line_1_10' title="bbox 334 1623 1449 1725; baseline 0.003 -30"><span class='ocrx_word' id='word_1_60' title='bbox 334 1623 527 1699; x_wconf 77' lang='lat' dir='ltr'><strong>facultatem</strong></span> <span class='ocrx_word' id='word_1_61' title='bbox 544 1623 683 1698; x_wconf 90' lang='lat' dir='ltr'><strong>ineundi</strong></span> <span class='ocrx_word' id='word_1_62' title='bbox 701 1650 805 1699; x_wconf 91' lang='lat' dir='ltr'><strong>novas</strong></span> <span class='ocrx_word' id='word_1_63' title='bbox 823 1625 960 1725; x_wconf 89' lang='lat' dir='ltr'><strong>nuptias</strong></span> <span class='ocrx_word' id='word_1_64' title='bbox 977 1640 1055 1725; x_wconf 93' lang='lat' dir='ltr'><strong>post</strong></span> <span class='ocrx_word' id='word_1_65' title='bbox 1070 1624 1304 1700; x_wconf 87' lang='lat' dir='ltr'><strong>dimissionem</strong></span> <span class='ocrx_word' id='word_1_66' title='bbox 1321 1624 1449 1698; x_wconf 90' lang='lat' dir='ltr'><strong>adulte-</strong></span> 
     </span>
     <span class='ocr_line' id='line_1_11' title="bbox 335 1738 1446 1840; baseline 0.002 -30"><span class='ocrx_word' id='word_1_67' title='bbox 335 1738 376 1811; x_wconf 88' lang='lat' dir='ltr'><strong>rii</strong></span> <span class='ocrx_word' id='word_1_68' title='bbox 401 1764 506 1813; x_wconf 89' lang='lat' dir='ltr'><strong>causa</strong></span> <span class='ocrx_word' id='word_1_69' title='bbox 533 1739 728 1827; x_wconf 81' lang='lat' dir='ltr'><strong>concedere,</strong></span> <span class='ocrx_word' id='word_1_70' title='bbox 758 1741 916 1840; x_wconf 86' lang='lat' dir='ltr'><strong>nuspiam</strong></span> <span class='ocrx_word' id='word_1_71' title='bbox 938 1757 1049 1815; x_wconf 92' lang='lat' dir='ltr'><strong>tamen</strong></span> <span class='ocrx_word' id='word_1_72' title='bbox 1068 1765 1110 1814; x_wconf 84' lang='lat' dir='ltr'><strong>ec</strong></span> <span class='ocrx_word' id='word_1_73' title='bbox 1133 1766 1330 1840; x_wconf 88' lang='lat' dir='ltr'><strong>numquam·</strong></span> <span class='ocrx_word' id='word_1_74' title='bbox 1347 1740 1382 1813; x_wconf 93' lang='lat' dir='ltr'><strong>id</strong></span> <span class='ocrx_word' id='word_1_75' title='bbox 1411 1741 1446 1812; x_wconf 89' lang='lat' dir='ltr'><strong>in</strong></span> 
     </span>
     <span class='ocr_line' id='line_1_12' title="bbox 334 1854 1447 1956; baseline -0.001 -29"><span class='ocrx_word' id='word_1_76' title='bbox 334 1854 408 1929; x_wconf 89' lang='lat' dir='ltr'><strong>eius</strong></span> <span class='ocrx_word' id='word_1_77' title='bbox 438 1854 574 1953; x_wconf 88' lang='lat' dir='ltr'><strong>scriptis</strong></span> <span class='ocrx_word' id='word_1_78' title='bbox 597 1855 744 1956; x_wconf 89' lang='lat' dir='ltr'><strong>reperire</strong></span> <span class='ocrx_word' id='word_1_79' title='bbox 767 1871 964 1955; x_wconf 90' lang='lat' dir='ltr'><strong>potuerunt,</strong></span> <span class='ocrx_word' id='word_1_80' title='bbox 993 1856 1160 1956; x_wconf 91' lang='lat' dir='ltr'><strong>nobisque</strong></span> <span class='ocrx_word' id='word_1_81' title='bbox 1184 1855 1341 1930; x_wconf 87' lang='lat' dir='ltr'><strong>obiicere.</strong></span> <span class='ocrx_word' id='word_1_82' title='bbox 1359 1854 1447 1942; x_wconf 81' lang='lat' dir='ltr'><strong>Quin</strong></span> 
     </span>
     <span class='ocr_line' id='line_1_13' title="bbox 333 1968 1447 2072; baseline 0 -30"><span class='ocrx_word' id='word_1_83' title='bbox 333 1969 448 2070; x_wconf 89' lang='lat' dir='ltr'><strong>potius</strong></span> <span class='ocrx_word' id='word_1_84' title='bbox 468 1968 658 2044; x_wconf 84' lang='lat' dir='ltr'><strong>invenimus</strong></span> <span class='ocrx_word' id='word_1_85' title='bbox 677 1996 707 2043; x_wconf 89' lang='lat' dir='ltr'><strong>s.</strong></span> <span class='ocrx_word' id='word_1_86' title='bbox 726 1968 902 2044; x_wconf 85' lang='lat' dir='ltr'><strong>Ductorem</strong></span> <span class='ocrx_word' id='word_1_87' title='bbox 923 1995 964 2044; x_wconf 87' lang='lat' dir='ltr'><strong>ea</strong></span> <span class='ocrx_word' id='word_1_88' title='bbox 990 1971 1156 2072; x_wconf 88' lang='lat' dir='ltr'><strong>principia</strong></span> <span class='ocrx_word' id='word_1_89' title='bbox 1172 1971 1388 2060; x_wconf 88' lang='lat' dir='ltr'><strong>constituere,</strong></span> <span class='ocrx_word' id='word_1_90' title='bbox 1409 1983 1447 2043; x_wconf 92' lang='lat' dir='ltr'><strong>ut</strong></span> 
     </span>
     <span class='ocr_line' id='line_1_14' title="bbox 333 2083 1325 2184; baseline -0.001 -25"><span class='ocrx_word' id='word_1_91' title='bbox 333 2084 526 2184; x_wconf 90' lang='lat' dir='ltr'><strong>oppositam</strong></span> <span class='ocrx_word' id='word_1_92' title='bbox 555 2083 744 2160; x_wconf 87' lang='lat' dir='ltr'><strong>doctrinam</strong></span> <span class='ocrx_word' id='word_1_93' title='bbox 778 2084 823 2157; x_wconf 90' lang='lat' dir='ltr'><strong>de</strong></span> <span class='ocrx_word' id='word_1_94' title='bbox 851 2083 1111 2159; x_wconf 87' lang='lat' dir='ltr'><strong>dissolubilitate</strong></span> <span class='ocrx_word' id='word_1_95' title='bbox 1135 2084 1325 2158; x_wconf 81' lang='lat' dir='ltr'><strong>excludant.</strong></span> 
     </span>
    </p>

    <p class='ocr_par' dir='ltr' id='par_1_6' title="bbox 325 2199 1449 4378">
     <span class='ocr_line' id='line_1_15' title="bbox 406 2199 1443 2300; baseline 0.001 -29"><span class='ocrx_word' id='word_1_96' title='bbox 406 2199 580 2299; x_wconf 87' lang='lat' dir='ltr'><strong>Praecipui</strong></span> <span class='ocrx_word' id='word_1_97' title='bbox 597 2200 671 2274; x_wconf 90' lang='lat' dir='ltr'><strong>eius</strong></span> <span class='ocrx_word' id='word_1_98' title='bbox 700 2217 810 2275; x_wconf 86' lang='lat' dir='ltr'><strong>textus</strong></span> <span class='ocrx_word' id='word_1_99' title='bbox 834 2199 899 2273; x_wconf 89' lang='lat' dir='ltr'><strong>hac</strong></span> <span class='ocrx_word' id='word_1_100' title='bbox 924 2201 959 2272; x_wconf 89' lang='lat' dir='ltr'><strong>in</strong></span> <span class='ocrx_word' id='word_1_101' title='bbox 990 2226 1027 2273; x_wconf 91' lang='lat' dir='ltr'><strong>re</strong></span> <span class='ocrx_word' id='word_1_102' title='bbox 1050 2216 1129 2274; x_wconf 92' lang='lat' dir='ltr'><strong>sunt</strong></span> <span class='ocrx_word' id='word_1_103' title='bbox 1153 2200 1212 2300; x_wconf 87' lang='lat' dir='ltr'><strong>qui</strong></span> <span class='ocrx_word' id='word_1_104' title='bbox 1238 2216 1443 2300; x_wconf 89' lang='lat' dir='ltr'><strong>sequuntur:</strong></span> 
     </span>
     <span class='ocr_line' id='line_1_16' title="bbox 335 2315 1449 2414; baseline 0 -27"><span class='ocrx_word' id='word_1_105' title='bbox 335 2315 371 2387; x_wconf 89' lang='lat'><strong>1.</strong></span> <span class='ocrx_word' id='word_1_106' title='bbox 391 2341 433 2388; x_wconf 88' lang='lat' dir='ltr'><strong>ex</strong></span> <span class='ocrx_word' id='word_1_107' title='bbox 457 2315 581 2389; x_wconf 88' lang='lat' dir='ltr'><strong>Homil.</strong></span> <span class='ocrx_word' id='word_1_108' title='bbox 596 2315 696 2387; x_wconf 82' lang='lat' dir='ltr'><strong>XVll.</strong></span> <span class='ocrx_word' id='word_1_109' title='bbox 718 2315 752 2387; x_wconf 91' lang='lat' dir='ltr'><strong>in</strong></span> <span class='ocrx_word' id='word_1_110' title='bbox 777 2315 894 2388; x_wconf 88' lang='lat' dir='ltr'><strong>llatth.</strong></span> <span class='ocrx_word' id='word_1_111' title='bbox 915 2315 974 2388; x_wconf 92' lang='lat' dir='ltr'><strong>ubi</strong></span> <span class='ocrx_word' id='word_1_112' title='bbox 999 2315 1134 2390; x_wconf 86' lang='lat' dir='ltr'><strong>scribit:</strong></span> <span class='ocrx_word' id='word_1_113' title='bbox 1159 2345 1176 2384; x_wconf 75' lang='lat' dir='ltr'><strong>r</strong></span> <span class='ocrx_word' id='word_1_114' title='bbox 1197 2315 1369 2414; x_wconf 87' lang='lat' dir='ltr'><strong>Perpende</strong></span> <span class='ocrx_word' id='word_1_115' title='bbox 1392 2342 1449 2389; x_wconf 92' lang='lat' dir='ltr'><strong>au·</strong></span> 
     </span>
     <span class='ocr_line' id='line_1_17' title="bbox 334 2428 1444 2530; baseline 0 -27"><span class='ocrx_word' id='word_1_116' title='bbox 334 2444 400 2503; x_wconf 90' lang='lat' dir='ltr'><strong>tam</strong></span> <span class='ocrx_word' id='word_1_117' title='bbox 418 2428 513 2502; x_wconf 91' lang='lat' dir='ltr'><strong>illum</strong></span> <span class='ocrx_word' id='word_1_118' title='bbox 536 2429 748 2527; x_wconf 84' lang='lat' dir='ltr'><strong>(Christum)</strong></span> <span class='ocrx_word' id='word_1_119' title='bbox 765 2457 900 2530; x_wconf 86' lang='lat' dir='ltr'><strong>semper</strong></span> <span class='ocrx_word' id='word_1_120' title='bbox 916 2430 958 2503; x_wconf 90' lang='lat' dir='ltr'><strong>ad</strong></span> <span class='ocrx_word' id='word_1_121' title='bbox 974 2431 1083 2504; x_wconf 81' lang='lat' dir='ltr'><strong>virum</strong></span> <span class='ocrx_word' id='word_1_122' title='bbox 1102 2455 1288 2504; x_wconf 90' lang='lat' dir='ltr'><strong>sermonem</strong></span> <span class='ocrx_word' id='word_1_123' title='bbox 1310 2431 1444 2505; x_wconf 78' lang='lat' dir='ltr'><strong>referre.</strong></span> 
     </span>
     <span class='ocr_line' id='line_1_18' title="bbox 335 2544 1444 2647; baseline 0 -30"><span class='ocrx_word' id='word_1_124' title='bbox 335 2544 403 2635; x_wconf 84' lang='lat' dir='ltr'><strong>Qui</strong></span> <span class='ocrx_word' id='word_1_125' title='bbox 424 2546 582 2631; x_wconf 78' lang='lat' dir='ltr'><strong>dimittit,</strong></span> <span class='ocrx_word' id='word_1_126' title='bbox 611 2545 741 2647; x_wconf 90' lang='lat' dir='ltr'><strong>inquit,</strong></span> <span class='ocrx_word' id='word_1_127' title='bbox 768 2572 905 2619; x_wconf 75' lang='lat' dir='ltr'><strong>uxorem</strong></span> <span class='ocrx_word' id='word_1_128' title='bbox 928 2572 1040 2632; x_wconf 78' lang='lat' dir='ltr'><strong>suam,</strong></span> <span class='ocrx_word' id='word_1_129' title='bbox 1061 2547 1144 2645; x_wconf 66' lang='lat' dir='ltr'><strong>{ecit</strong></span> <span class='ocrx_word' id='word_1_130' title='bbox 1167 2572 1238 2620; x_wconf 86' lang='lat' dir='ltr'><strong>eom</strong></span> <span class='ocrx_word' id='word_1_131' title='bbox 1261 2547 1444 2631; x_wconf 77' lang='lat' dir='ltr'><strong>moeclori;</strong></span> 
     </span>
     <span class='ocr_line' id='line_1_19' title="bbox 332 2660 1446 2760; baseline 0 -27"><span class='ocrx_word' id='word_1_132' title='bbox 332 2676 363 2735; x_wconf 82' lang='lat' dir='ltr'><strong>et</strong></span> <span class='ocrx_word' id='word_1_133' title='bbox 385 2661 446 2760; x_wconf 80' lang='lat' dir='ltr'><strong>qai</strong></span> <span class='ocrx_word' id='word_1_134' title='bbox 466 2661 637 2736; x_wconf 61' lang='lat' dir='ltr'><strong>dimisum</strong></span> <span class='ocrx_word' id='word_1_135' title='bbox 664 2663 767 2746; x_wconf 85' lang='lat' dir='ltr'><strong>ducit,</strong></span> <span class='ocrx_word' id='word_1_136' title='bbox 787 2662 984 2734; x_wconf 74' lang='lat' dir='ltr'><strong>moechatur.</strong></span> <span class='ocrx_word' id='word_1_137' title='bbox 1007 2660 1065 2734; x_wconf 90' lang='lat' dir='ltr'><strong>llle</strong></span> <span class='ocrx_word' id='word_1_138' title='bbox 1089 2663 1179 2734; x_wconf 90' lang='lat' dir='ltr'><strong>enim</strong></span> <span class='ocrx_word' id='word_1_139' title='bbox 1204 2661 1267 2735; x_wconf 90' lang='lat' dir='ltr'><strong>etsi</strong></span> <span class='ocrx_word' id='word_1_140' title='bbox 1305 2661 1446 2735; x_wconf 91' lang='lat' dir='ltr'><strong>alteram</strong></span> 
     </span>
     <span class='ocr_line' id='line_1_20' title="bbox 331 2776 1447 2877; baseline 0.002 -28"><span class='ocrx_word' id='word_1_141' title='bbox 331 2802 400 2851; x_wconf 90' lang='lat' dir='ltr'><strong>non</strong></span> <span class='ocrx_word' id='word_1_142' title='bbox 425 2776 569 2865; x_wconf 80' lang='lat' dir='ltr'><strong>duxerit,</strong></span> <span class='ocrx_word' id='word_1_143' title='bbox 596 2777 662 2853; x_wconf 91' lang='lat' dir='ltr'><strong>hoc</strong></span> <span class='ocrx_word' id='word_1_144' title='bbox 687 2778 763 2877; x_wconf 87' lang='lat' dir='ltr'><strong>ipso</strong></span> <span class='ocrx_word' id='word_1_145' title='bbox 792 2803 832 2851; x_wconf 91' lang='lat' dir='ltr'><strong>se</strong></span> <span class='ocrx_word' id='word_1_146' title='bbox 850 2777 1124 2866; x_wconf 81' lang='lat' dir='ltr'><strong>criminisreum</strong></span> <span class='ocrx_word' id='word_1_147' title='bbox 1150 2778 1335 2865; x_wconf 89' lang='lat' dir='ltr'><strong>constituit,</strong></span> <span class='ocrx_word' id='word_1_148' title='bbox 1356 2776 1447 2877; x_wconf 89' lang='lat' dir='ltr'><strong>quod</strong></span> 
     </span>
     <span class='ocr_line' id='line_1_21' title="bbox 333 2891 1444 2994; baseline 0 -29"><span class='ocrx_word' id='word_1_149' title='bbox 333 2917 408 2965; x_wconf 90' lang='lat' dir='ltr'><strong>eam</strong></span> <span class='ocrx_word' id='word_1_150' title='bbox 438 2892 623 2967; x_wconf 88' lang='lat' dir='ltr'><strong>adulteram</strong></span> <span class='ocrx_word' id='word_1_151' title='bbox 655 2893 776 2966; x_wconf 83' lang='lat' dir='ltr'><strong>saciat:</strong></span> <span class='ocrx_word' id='word_1_152' title='bbox 805 2891 862 2964; x_wconf 88' lang='lat' dir='ltr'><strong>hic</strong></span> <span class='ocrx_word' id='word_1_153' title='bbox 892 2918 994 2981; x_wconf 81' lang='lat' dir='ltr'><strong>vero,</strong></span> <span class='ocrx_word' id='word_1_154' title='bbox 1021 2893 1111 2994; x_wconf 91' lang='lat' dir='ltr'><strong>quod</strong></span> <span class='ocrx_word' id='word_1_155' title='bbox 1143 2892 1290 2966; x_wconf 90' lang='lat' dir='ltr'><strong>alienam</strong></span> <span class='ocrx_word' id='word_1_156' title='bbox 1319 2892 1444 2981; x_wconf 88' lang='lat' dir='ltr'><strong>ducat,</strong></span> 
     </span>
     <span class='ocr_line' id='line_1_22' title="bbox 330 3004 1447 3107; baseline 0.002 -29"><span class='ocrx_word' id='word_1_157' title='bbox 330 3004 492 3079; x_wconf 87' lang='lat' dir='ltr'><strong>moechus</strong></span> <span class='ocrx_word' id='word_1_158' title='bbox 516 3006 642 3107; x_wconf 86' lang='lat' dir='ltr'><strong>etipse</strong></span> <span class='ocrx_word' id='word_1_159' title='bbox 668 3006 716 3078; x_wconf 86' lang='lat' dir='ltr'><strong>lit.</strong></span> <span class='ocrx_word' id='word_1_160' title='bbox 740 3006 789 3079; x_wconf 91' lang='lat' dir='ltr'><strong>Ne</strong></span> <span class='ocrx_word' id='word_1_161' title='bbox 814 3005 899 3078; x_wconf 90' lang='lat' dir='ltr'><strong>mihi</strong></span> <span class='ocrx_word' id='word_1_162' title='bbox 920 3007 1009 3082; x_wconf 90' lang='lat' dir='ltr'><strong>enim</strong></span> <span class='ocrx_word' id='word_1_163' title='bbox 1031 3007 1140 3094; x_wconf 85' lang='lat' dir='ltr'><strong>dieas,</strong></span> <span class='ocrx_word' id='word_1_164' title='bbox 1160 3006 1218 3080; x_wconf 91' lang='lat' dir='ltr'><strong>ille</strong></span> <span class='ocrx_word' id='word_1_165' title='bbox 1235 3006 1345 3081; x_wconf 90' lang='lat' dir='ltr'><strong>eiecit.</strong></span> <span class='ocrx_word' id='word_1_166' title='bbox 1361 3007 1447 3080; x_wconf 87' lang='lat' dir='ltr'><strong>Nam</strong></span> 
     </span>
     <span class='ocr_line' id='line_1_23' title="bbox 329 3119 1447 3198; baseline -0.001 -3"><span class='ocrx_word' id='word_1_167' title='bbox 329 3119 435 3195; x_wconf 89' lang='lat' dir='ltr'><strong>eiecta</strong></span> <span class='ocrx_word' id='word_1_168' title='bbox 454 3120 566 3194; x_wconf 89' lang='lat' dir='ltr'><strong>adhuc</strong></span> <span class='ocrx_word' id='word_1_169' title='bbox 590 3138 704 3195; x_wconf 86' lang='lat' dir='ltr'><strong>manet</strong></span> <span class='ocrx_word' id='word_1_170' title='bbox 720 3121 886 3196; x_wconf 88' lang='lat' dir='ltr'><strong>eiicientis</strong></span> <span class='ocrx_word' id='word_1_171' title='bbox 899 3149 993 3196; x_wconf 87' lang='lat' dir='ltr'><strong>uxor.</strong></span> <span class='ocrx_word' id='word_1_172' title='bbox 1016 3122 1146 3196; x_wconf 86' lang='lat' dir='ltr'><strong>Deinde</strong></span> <span class='ocrx_word' id='word_1_173' title='bbox 1163 3150 1205 3197; x_wconf 93' lang='lat' dir='ltr'><strong>ne</strong></span> <span class='ocrx_word' id='word_1_174' title='bbox 1223 3137 1326 3198; x_wconf 92' lang='lat' dir='ltr'><strong>totum</strong></span> <span class='ocrx_word' id='word_1_175' title='bbox 1341 3123 1447 3196; x_wconf 89' lang='lat' dir='ltr'><strong>conii·</strong></span> 
     </span>
     <span class='ocr_line' id='line_1_24' title="bbox 329 3236 1447 3339; baseline 0.002 -29"><span class='ocrx_word' id='word_1_176' title='bbox 329 3236 425 3311; x_wconf 91' lang='lat' dir='ltr'><strong>ciens</strong></span> <span class='ocrx_word' id='word_1_177' title='bbox 453 3237 488 3309; x_wconf 92' lang='lat' dir='ltr'><strong>in</strong></span> <span class='ocrx_word' id='word_1_178' title='bbox 506 3236 715 3326; x_wconf 86' lang='lat' dir='ltr'><strong>eiicieutem,</strong></span> <span class='ocrx_word' id='word_1_179' title='bbox 736 3240 997 3337; x_wconf 78' lang='lat' dir='ltr'><strong>arrogantiorem</strong></span> <span class='ocrx_word' id='word_1_180' title='bbox 1017 3239 1140 3313; x_wconf 84' lang='lat' dir='ltr'><strong>iaceret</strong></span> <span class='ocrx_word' id='word_1_181' title='bbox 1160 3265 1311 3327; x_wconf 85' lang='lat' dir='ltr'><strong>uxorem,</strong></span> <span class='ocrx_word' id='word_1_182' title='bbox 1334 3238 1447 3339; x_wconf 88' lang='lat' dir='ltr'><strong>ipsam</strong></span> 
     </span>
     <span class='ocr_line' id='line_1_25' title="bbox 329 3354 1448 3453; baseline -0.002 -25"><span class='ocrx_word' id='word_1_183' title='bbox 329 3354 482 3453; x_wconf 87' lang='lat' dir='ltr'><strong>accipere</strong></span> <span class='ocrx_word' id='word_1_184' title='bbox 497 3354 621 3429; x_wconf 80' lang='lat' dir='ltr'><strong>volenti</strong></span> <span class='ocrx_word' id='word_1_185' title='bbox 640 3354 777 3427; x_wconf 88' lang='lat' dir='ltr'><strong>ianuam</strong></span> <span class='ocrx_word' id='word_1_186' title='bbox 795 3355 923 3429; x_wconf 86' lang='lat' dir='ltr'><strong>claudit</strong></span> <span class='ocrx_word' id='word_1_187' title='bbox 943 3355 1088 3429; x_wconf 88' lang='lat' dir='ltr'><strong>diceus:</strong></span> <span class='ocrx_word' id='word_1_188' title='bbox 1114 3355 1184 3442; x_wconf 78' lang='lat' dir='ltr'><strong>Qm·</strong></span> <span class='ocrx_word' id='word_1_189' title='bbox 1198 3356 1370 3428; x_wconf 75' lang='lat' dir='ltr'><strong>dimissam</strong></span> <span class='ocrx_word' id='word_1_190' title='bbox 1385 3355 1448 3427; x_wconf 84' lang='lat' dir='ltr'><strong>do·</strong></span> 
     </span>
     <span class='ocr_line' id='line_1_26' title="bbox 328 3469 1443 3571; baseline 0.002 -29"><span class='ocrx_word' id='word_1_191' title='bbox 328 3471 441 3555; x_wconf 74' lang='lat' dir='ltr'><strong>serit,</strong></span> <span class='ocrx_word' id='word_1_192' title='bbox 469 3469 676 3557; x_wconf 76' lang='lat' dir='ltr'><strong>moechatur,</strong></span> <span class='ocrx_word' id='word_1_193' title='bbox 703 3496 841 3544; x_wconf 85' lang='lat' dir='ltr'><strong>uxorem</strong></span> <span class='ocrx_word' id='word_1_194' title='bbox 865 3469 918 3543; x_wconf 84' lang='lat' dir='ltr'><strong>vel</strong></span> <span class='ocrx_word' id='word_1_195' title='bbox 945 3470 1083 3544; x_wconf 81' lang='lat' dir='ltr'><strong>invitam</strong></span> <span class='ocrx_word' id='word_1_196' title='bbox 1101 3470 1260 3571; x_wconf 87' lang='lat' dir='ltr'><strong>pudicam</strong></span> <span class='ocrx_word' id='word_1_197' title='bbox 1274 3470 1443 3559; x_wconf 90' lang='lat' dir='ltr'><strong>reddens,</strong></span> 
     </span>
     <span class='ocr_line' id='line_1_27' title="bbox 329 3584 1446 3687; baseline 0 -29"><span class='ocrx_word' id='word_1_198' title='bbox 329 3600 363 3660; x_wconf 89' lang='lat' dir='ltr'><strong>et</strong></span> <span class='ocrx_word' id='word_1_199' title='bbox 386 3584 430 3658; x_wconf 90' lang='lat' dir='ltr'><strong>ad</strong></span> <span class='ocrx_word' id='word_1_200' title='bbox 460 3584 565 3659; x_wconf 84' lang='lat' dir='ltr'><strong>alium</strong></span> <span class='ocrx_word' id='word_1_201' title='bbox 584 3586 695 3660; x_wconf 82' lang='lat' dir='ltr'><strong>virum</strong></span> <span class='ocrx_word' id='word_1_202' title='bbox 714 3586 844 3660; x_wconf 92' lang='lat' dir='ltr'><strong>aditum</strong></span> <span class='ocrx_word' id='word_1_203' title='bbox 870 3586 936 3686; x_wconf 89' lang='lat' dir='ltr'><strong>ipsi</strong></span> <span class='ocrx_word' id='word_1_204' title='bbox 962 3586 1136 3675; x_wconf 89' lang='lat' dir='ltr'><strong>claudens,</strong></span> <span class='ocrx_word' id='word_1_205' title='bbox 1158 3613 1220 3661; x_wconf 91' lang='lat' dir='ltr'><strong>nec</strong></span> <span class='ocrx_word' id='word_1_206' title='bbox 1249 3587 1446 3687; x_wconf 90' lang='lat' dir='ltr'><strong>permittens</strong></span> 
     </span>
     <span class='ocr_line' id='line_1_28' title="bbox 328 3697 1444 3804; baseline 0.002 -31"><span class='ocrx_word' id='word_1_207' title='bbox 328 3697 510 3774; x_wconf 88' lang='lat' dir='ltr'><strong>simultatis</strong></span> <span class='ocrx_word' id='word_1_208' title='bbox 536 3728 655 3775; x_wconf 90' lang='lat' dir='ltr'><strong>ansam</strong></span> <span class='ocrx_word' id='word_1_209' title='bbox 690 3702 895 3804; x_wconf 89' lang='lat' dir='ltr'><strong>praebere...</strong></span> <span class='ocrx_word' id='word_1_210' title='bbox 913 3704 986 3776; x_wconf 91' lang='lat' dir='ltr'><strong>Non</strong></span> <span class='ocrx_word' id='word_1_211' title='bbox 1011 3703 1076 3778; x_wconf 86' lang='lat' dir='ltr'><strong>hoc</strong></span> <span class='ocrx_word' id='word_1_212' title='bbox 1100 3729 1179 3776; x_wconf 83' lang='lat' dir='ltr'><strong>vero</strong></span> <span class='ocrx_word' id='word_1_213' title='bbox 1206 3717 1355 3790; x_wconf 88' lang='lat' dir='ltr'><strong>tantum,</strong></span> <span class='ocrx_word' id='word_1_214' title='bbox 1384 3701 1444 3775; x_wconf 93' lang='lat' dir='ltr'><strong>sed</strong></span> 
     </span>
     <span class='ocr_line' id='line_1_29' title="bbox 328 3814 1445 3918; baseline 0 -29"><span class='ocrx_word' id='word_1_215' title='bbox 328 3814 396 3890; x_wconf 91' lang='lat' dir='ltr'><strong>alio</strong></span> <span class='ocrx_word' id='word_1_216' title='bbox 421 3842 558 3917; x_wconf 90' lang='lat' dir='ltr'><strong>quoque</strong></span> <span class='ocrx_word' id='word_1_217' title='bbox 588 3817 688 3891; x_wconf 88' lang='lat' dir='ltr'><strong>modo</strong></span> <span class='ocrx_word' id='word_1_218' title='bbox 712 3818 820 3916; x_wconf 84' lang='lat' dir='ltr'><strong>legem</strong></span> <span class='ocrx_word' id='word_1_219' title='bbox 855 3819 933 3893; x_wconf 83' lang='lat' dir='ltr'><strong>lecit</strong></span> <span class='ocrx_word' id='word_1_220' title='bbox 963 3817 1083 3893; x_wconf 85' lang='lat' dir='ltr'><strong>levem.</strong></span> <span class='ocrx_word' id='word_1_221' title='bbox 1116 3820 1200 3892; x_wconf 88' lang='lat' dir='ltr'><strong>Nam</strong></span> <span class='ocrx_word' id='word_1_222' title='bbox 1226 3817 1388 3918; x_wconf 89' lang='lat' dir='ltr'><strong>relinquit</strong></span> <span class='ocrx_word' id='word_1_223' title='bbox 1413 3817 1445 3890; x_wconf 91' lang='lat' dir='ltr'><strong>ei</strong></span> 
     </span>
     <span class='ocr_line' id='line_1_30' title="bbox 328 3932 1441 4035; baseline -0.001 -30"><span class='ocrx_word' id='word_1_224' title='bbox 328 3958 432 4005; x_wconf 89' lang='lat' dir='ltr'><strong>unum</strong></span> <span class='ocrx_word' id='word_1_225' title='bbox 451 3932 581 4034; x_wconf 90' lang='lat' dir='ltr'><strong>repudii</strong></span> <span class='ocrx_word' id='word_1_226' title='bbox 600 3933 749 4023; x_wconf 87' lang='lat' dir='ltr'><strong>modum,</strong></span> <span class='ocrx_word' id='word_1_227' title='bbox 771 3934 907 4022; x_wconf 88' lang='lat' dir='ltr'><strong>dicens;</strong></span> <span class='ocrx_word' id='word_1_228' title='bbox 927 3950 1062 4033; x_wconf 76' lang='lat' dir='ltr'><strong>excepto</strong></span> <span class='ocrx_word' id='word_1_229' title='bbox 1087 3960 1186 4007; x_wconf 85' lang='lat' dir='ltr'><strong>cosso</strong></span> <span class='ocrx_word' id='word_1_230' title='bbox 1202 3935 1441 4035; x_wconf 69' lang='lat' dir='ltr'><strong>fornicationis.</strong></span> 
     </span>
     <span class='ocr_line' id='line_1_31' title="bbox 327 4047 1442 4150; baseline 0.004 -31"><span class='ocrx_word' id='word_1_231' title='bbox 327 4047 503 4147; x_wconf 90' lang='lat' dir='ltr'><strong>Siquidem</strong></span> <span class='ocrx_word' id='word_1_232' title='bbox 524 4049 559 4121; x_wconf 94' lang='lat' dir='ltr'><strong>in</strong></span> <span class='ocrx_word' id='word_1_233' title='bbox 578 4048 696 4123; x_wconf 91' lang='lat' dir='ltr'><strong>eadem</strong></span> <span class='ocrx_word' id='word_1_234' title='bbox 719 4067 846 4150; x_wconf 89' lang='lat' dir='ltr'><strong>perstat</strong></span> <span class='ocrx_word' id='word_1_235' title='bbox 865 4049 976 4123; x_wconf 86' lang='lat' dir='ltr'><strong>decori</strong></span> <span class='ocrx_word' id='word_1_236' title='bbox 999 4050 1140 4124; x_wconf 88' lang='lat' dir='ltr'><strong>ratione.</strong></span> <span class='ocrx_word' id='word_1_237' title='bbox 1161 4051 1196 4122; x_wconf 88' lang='lat' dir='ltr'><strong>Si</strong></span> <span class='ocrx_word' id='word_1_238' title='bbox 1210 4051 1299 4123; x_wconf 89' lang='lat' dir='ltr'><strong>enim</strong></span> <span class='ocrx_word' id='word_1_239' title='bbox 1323 4050 1442 4123; x_wconf 90' lang='lat' dir='ltr'><strong>iussis·</strong></span> 
     </span>
     <span class='ocr_line' id='line_1_32' title="bbox 325 4164 1443 4266; baseline 0.001 -28"><span class='ocrx_word' id='word_1_240' title='bbox 325 4178 377 4238; x_wconf 88' lang='lat' dir='ltr'><strong>set</strong></span> <span class='ocrx_word' id='word_1_241' title='bbox 401 4191 476 4238; x_wconf 90' lang='lat' dir='ltr'><strong>cum</strong></span> <span class='ocrx_word' id='word_1_242' title='bbox 508 4164 660 4266; x_wconf 92' lang='lat' dir='ltr'><strong>pluribus</strong></span> <span class='ocrx_word' id='word_1_243' title='bbox 683 4165 822 4239; x_wconf 80' lang='lat' dir='ltr'><strong>mixtam</strong></span> <span class='ocrx_word' id='word_1_244' title='bbox 843 4165 1009 4255; x_wconf 89' lang='lat' dir='ltr'><strong>retinere,</strong></span> <span class='ocrx_word' id='word_1_245' title='bbox 1038 4192 1155 4242; x_wconf 89' lang='lat' dir='ltr'><strong>rursus</strong></span> <span class='ocrx_word' id='word_1_246' title='bbox 1183 4166 1217 4239; x_wconf 93' lang='lat' dir='ltr'><strong>in</strong></span> <span class='ocrx_word' id='word_1_247' title='bbox 1244 4165 1443 4241; x_wconf 89' lang='lat' dir='ltr'><strong>adulterium</strong></span> 
     </span>
     <span class='ocr_line' id='line_1_33' title="bbox 328 4281 836 4378; baseline -0.008 -24"><span class='ocrx_word' id='word_1_248' title='bbox 328 4303 383 4354; x_wconf 90' lang='lat' dir='ltr'><strong>res</strong></span> <span class='ocrx_word' id='word_1_249' title='bbox 408 4281 663 4356; x_wconf 86' lang='lat' dir='ltr'><strong>convertebatur</strong></span> <span class='ocrx_word' id='word_1_250' title='bbox 682 4282 797 4378; x_wconf 80' lang='lat'>(132).</span> <span class='ocrx_word' id='word_1_251' title='bbox 819 4311 836 4350; x_wconf 83' lang='grc' dir='ltr'><strong>ι</strong></span> 
     </span>
    </p>
   </div>
   <div class='ocr_carea' id='block_1_6' title="bbox 399 4432 894 4502">
    <p class='ocr_par' dir='ltr' id='par_1_7' title="bbox 399 4432 894 4502">
     <span class='ocr_line' id='line_1_34' title="bbox 399 4432 894 4502; baseline -0.002 -17"><span class='ocrx_word' id='word_1_252' title='bbox 399 4432 465 4497; x_wconf 85' lang='grc' dir='ltr'><strong>(ιιι)</strong></span> <span class='ocrx_word' id='word_1_253' title='bbox 480 4435 510 4487; x_wconf 82' lang='lat' dir='ltr'><strong>n.</strong></span> <span class='ocrx_word' id='word_1_254' title='bbox 524 4437 548 4486; x_wconf 82' lang='grc' dir='ltr'><strong>ι.</strong></span> <span class='ocrx_word' id='word_1_255' title='bbox 563 4438 684 4502; x_wconf 61' lang='lat' dir='ltr'><strong>marm.</strong></span> <span class='ocrx_word' id='word_1_256' title='bbox 697 4440 752 4486; x_wconf 86' lang='lat' dir='ltr'><strong>ms.</strong></span> <span class='ocrx_word' id='word_1_257' title='bbox 764 4432 803 4486; x_wconf 80' lang='lat' dir='ltr'><strong>sd.</strong></span> <span class='ocrx_word' id='word_1_258' title='bbox 815 4436 894 4485; x_wconf 74' lang='lat' dir='ltr'><strong>usur.</strong></span> 
     </span>
    </p>
   </div>
   <div class='ocr_carea' id='block_1_7' title="bbox 0 0 1622 5084">
    <p class='ocr_par' dir='ltr' id='par_1_8' title="bbox 0 0 1622 5084">
     <span class='ocr_line' id='line_1_35' title="bbox 0 0 1622 5084; baseline 0 3"><span class='ocrx_word' id='word_1_259' title='bbox 0 0 1622 5084; x_wconf 95' lang='lat' dir='ltr'><strong> </strong></span> 
     </span>
    </p>
   </div>
  </div>
 </body>
</html>
