3234 5084
337 377 406 427 mv.
421 377 470 427 ιιι.
483 377 524 427 ιιι
533 377 629 428 seusu
645 378 736 427 nmo.
748 377 811 429 era.
825 376 937 429 mnrss.
951 374 1046 431 ιιιιι.
1060 375 1132 431 ιιι.
1144 374 1168 432 ι.
1255 351 1324 431 ael

204 488 242 567 in
262 520 366 569 unam
390 521 525 568 earnem
543 495 827 595 perseverantiam
846 523 889 572 ne
905 497 1090 573 necessitas
1115 496 1168 572 vel
1192 499 1326 573 occasio

207 608 325 682 tertiae
346 608 615 684 concarnationis
639 609 819 709 irrumpat,
835 609 900 684 soli
913 637 1039 685 causae
1057 612 1255 712 permittens
1277 638 1326 686 re

207 724 366 823 pudium‚
388 726 415 798 si
433 725 517 798 sorte
534 727 760 823 praevenerit,
780 726 835 799 'cui
852 742 1081 826 praecavetur.
1102 726 1195 801 Adeo
1212 744 1323 803 autem

206 840 387 938 repudium
400 867 421 913 a
434 839 617 940 primordio
629 867 695 914 non
705 840 779 928 luit,
791 858 830 914 ut
838 841 930 942 apud
944 868 1099 917 romanos
1111 860 1187 942 post
1198 870 1323 916 annum

204 956 484 1030 sexcentesimum
509 955 607 1029 Urbis
629 956 803 1044 conditae,
828 956 862 1028 id
882 982 987 1054 genus
1007 957 1151 1031 duritiae
1167 959 1325 1032 commis-

203 1094 281 1145 sum
290 1071 480 1145 denotetur.
492 1071 558 1144 Sed
570 1070 620 1143 illi
633 1072 733 1144 etiam
748 1098 815 1144 non
830 1071 1043 1170 repudiantes
1059 1066 1225 1145 adulteria
1236 1099 1324 1147 eom*
1412 1148 1416 1155 ,

205 1186 365 1273 miscent,
381 1186 491 1271 roobia,
508 1188 569 1258 etsi
579 1186 797 1284 repudiemus,
814 1214 853 1258 oe
866 1187 983 1260 nubere
1001 1186 1131 1285 quidem
1149 1188 1318 1261 licebit...

204 1301 272 1372 Per
286 1317 419 1373 mortem
434 1303 565 1399 otique,
585 1328 649 1372 oon
664 1328 726 1399 per
749 1301 923 1400 repudium
938 1303 1029 1400 faeta
1044 1303 1201 1374 solutione
1209 1330 1221 1387 ;
1242 1305 1323 1400 quio
1394 1378 1397 1382 Α

203 1415 385 1514 repudians
402 1443 466 1488 ooo
482 1418 683 1514 permitteret
698 1416 835 1501 nubere,
856 1414 1013 1489 adversus
1025 1418 1207 1516 pristinum
1223 1442 1323 1513 prce-

202 1546 330 1630 optem
350 1534 465 1629 (37).»
673 1526 678 1537 i

279 1647 329 1719 Ex
353 1674 422 1748 qua
446 1645 577 1747 prolixa
602 1644 798 1721 Tertulliani
822 1647 1111 1746 argumentatione
1132 1645 1322 1746 deprehen·

201 1764 316 1838 dimus
341 1767 376 1834 1.
398 1764 510 1863 ipsum
536 1788 731 1863 comparare
755 1763 936 1862 repudium
962 1789 1039 1836 cum
1065 1777 1191 1849 morte,
1219 1762 1267 1835 ita
1283 1778 1321 1836 ut

202 1877 485 1979 quemadmodum
508 1877 601 1950 iuxta
620 1877 694 1950 eius
712 1876 916 1977 principium
933 1876 1203 1951 montanistieum
1222 1901 1320 1949 nemo

201 2009 309 2094 potest
334 2018 370 2067 se
397 1993 536 2091 iungere
563 1991 666 2064 etiam
694 2008 932 2091 postmortem
963 1991 1058 2066 alteri
1090 1991 1241 2089 coniugi,
1271 1991 1322 2066 sic

200 2134 312 2207 neque
334 2123 442 2208 potest
465 2123 541 2207 post
566 2106 765 2205 repudium
793 2109 827 2179 2.
857 2106 1108 2181 matrimonium
1134 2134 1194 2207 per
1221 2106 1319 2178 Chri-

198 2240 288 2298 stum
314 2237 504 2295 revooatum
529 2221 573 2295 ad
600 2221 775 2321 pristinam
794 2221 898 2297 luisse
915 2222 1156 2296 institutionem
1184 2222 1322 2296 coniun-

199 2339 319 2414 ctionis
338 2353 519 2439 perpetuae
534 2337 637 2412 unius
654 2362 731 2411 cnm
749 2336 853 2411 altera
870 2395 878 2424 ,
901 2337 947 2409 ita
963 2354 1001 2410 ut
1017 2364 1203 2437 numquam
1220 2335 1321 2412 liceat

200 2481 303 2530 novas
323 2456 513 2530 instaurare
533 2455 668 2555 nuptias
693 2455 764 2529 sive
788 2471 922 2527 mortua
942 2455 1013 2529 sive
1038 2454 1219 2554 repudiata
1247 2481 1322 2555 pro-

200 2587 274 2671 pter
290 2569 492 2643 adulterium
511 2568 610 2642 luerit
626 2594 728 2656 uxor3
751 2570 785 2639 3.
807 2566 980 2641 Christum
993 2567 1058 2640 hac
1075 2568 1149 2669 ipsa
1161 2568 1205 2642 de
1217 2593 1321 2642 causa

198 2684 386 2761 abolevisse
402 2684 553 2759 libellum
572 2683 702 2784 repudii
721 2682 765 2757 ob
784 2683 896 2757 cordis
915 2681 1073 2755 duritiam
1095 2709 1116 2756 a
1132 2685 1246 2784 Moyse
1263 2682 1319 2756 he

201 2799 314 2874 braeis
334 2800 555 2900 permissum;
588 2802 621 2873 l.
641 2800 789 2899 denique
813 2798 982 2897 conceptis
999 2798 1111 2873 verbis
1129 2797 1257 2899 pluries
1272 2797 1322 2870 in·

202 2915 337 2989 sulcare
353 2916 449 2992 nobis
466 2916 658 2991 christianis
674 2943 786 3016 neque
802 2915 838 2987 in
857 2940 937 2989 casu
959 2913 1167 2989 dimissionis
1185 2928 1322 3013 propter

200 3031 404 3106 adulterium
416 3034 529 3120 licere,
540 3034 673 3107 vivente
685 3033 798 3106 adhuc
810 3030 970 3105 alterutro
983 3031 1137 3130 coniuge,
1146 3031 1248 3105 aliam
1261 3031 1321 3103 du·

90 3166 92 3169 ’
200 3174 290 3236 cere,
306 3147 359 3221 vel
376 3147 470 3222 alteri
484 3146 622 3221 nubere.
634 3147 793 3247 Adeoque
811 3145 898 3219 nihil
915 3147 1025 3245 optari
1043 3144 1246 3220 luculentius
1264 3172 1321 3245 po·

202 3278 267 3336 test
279 3263 445 3336 adversm
451 3260 646 3335 Tertulliani
659 3278 804 3335 mentem
819 3262 884 3334 hac
896 3285 998 3359 super
1009 3287 1045 3333 re
1057 3259 1316 3359 assequendum.

277 3379 347 3452 lam
371 3402 451 3451 vere
472 3404 513 3449 ex
538 3375 593 3450 his
618 3402 706 3476 quae
736 3375 915 3475 perspicua
953 3390 1056 3459 sunt,
1094 3398 1238 3472 pronum
1271 3388 1322 3446 est

203 3491 312 3567 lucem
338 3492 482 3566 mutuavi
508 3492 553 3565 ad
578 3519 618 3566 ea
643 3490 838 3565 Tertulliani
861 3489 1050 3563 testimonia
1075 3486 1315 3584 intelligenda,

201 3634 292 3708 quae
315 3607 547 3681 difficultatem
573 3609 765 3694 lacessunt,
791 3605 983 3707 quibusque
1012 3603 1152 3702 permoti
1179 3601 1321 3675 indisse

203 3722 379 3797 labilitatis
395 3722 577 3798 adversarii
595 3747 712 3797 omnes
730 3748 806 3795 eum
820 3721 906 3793 inter
918 3718 1119 3818 praecipuos
1137 3715 1319 3792 sententiae

199 3863 283 3912 suae
307 3856 465 3940 patronos
482 3839 705 3912 adnumerant
724 3840 813 3933 (38).

274 4008 663 4075 &mmmmm

272 4089 322 4151 (³8)
338 4091 373 4138 Er
387 4089 578 4155 protestantibus
585 4093 641 4153 post
649 4086 732 4153 plures
740 4082 802 4139 allos
810 4085 993 4139 lo.Gerlrardus
1002 4084 1058 4136 boo.
1067 4076 1316 4145 theoloototndlvl

195 4167 324 4232 'tubingae
336 4174 403 4222 1777.
414 4169 455 4221 ed.
467 4171 534 4220 srio.
545 4171 618 4221 cotta
626 4168 649 4232 §.
663 4173 702 4220 ts.
713 4170 779 4219 luter
790 4166 938 4229 osthollcos,
950 4167 972 4217 sl
983 4168 1066 4216 tannen
1078 4163 1217 4214 catholicus
1231 4163 1319 4225 pulsu·

198 4246 248 4299 dos
265 4251 317 4312 est,
331 4251 456 4302 Lauuolus
467 4250 493 4300 Ιιι
502 4263 576 4314 saepe
586 4250 630 4301 eit.
640 4262 681 4313 op.
694 4252 732 4300 Do
742 4251 817 4313 reolo
826 4252 855 4299 tn
865 4251 984 4299 mutrtm.
994 4247 1089 4309 potest.
1101 4246 1165 4308 part.
1176 4244 1220 4294 nl.
1233 4243 1281 4292 art.
1296 4251 1317 4293 a

198 4341 254 4392 cap.
264 4336 287 4462 51.
290 4343 350 4463 plag
359 4338 415 4383 aze.
426 4334 451 4381 st
462 4333 518 4383 ante
531 4330 682 4381 latosslrtus
692 4328 933 4381 senensitholtotl.
943 4330 1065 4393 sanctae,
1077 4325 1120 4376 lib.
1132 4326 1176 4376 vl.
1186 4322 1270 4457 aqqot.
1278 4328 1316 4373 at·
