3234 5084
336 465 404 536 390
456 486 517 537 ιιι.
539 484 587 536 ιιι.
608 483 695 535 sacr.
716 483 848 535 ιιιιιιι.
866 484 908 535 nn
925 482 1037 535 rnorss.
1059 483 1155 533 urm.
1173 482 1296 534 cnnur.

334 628 433 703 porro
459 601 580 700 agendi
607 601 692 676 ratio
716 627 782 676 non
807 601 982 675 minimam
1006 626 1122 674 creare
1143 617 1252 701 potest
1270 600 1457 676 difficulta-

334 735 400 791 tem
425 717 491 805 iis,
521 717 581 817 qui
607 742 677 789 rem
702 716 850 816 penitius
875 743 943 791 non
968 716 1197 817 perpendunt,
1220 744 1262 790 ex
1286 718 1454 791 eo-etiam

333 832 465 933 capite,
490 832 580 932 quod
600 831 664 906 bac
678 831 721 906 de
738 858 842 907 causa
855 830 984 906 nullum
1002 832 1181 906 excitatum
1197 860 1360 934 umquam
1378 833 1456 908 lue-

334 949 378 1021 rit
390 952 476 1021 inter
488 964 665 1047 utramque
681 947 858 1022 ecclesiam
876 946 1014 1021 latinam
1028 963 1062 1022 et
1073 972 1227 1046 graecam
1245 948 1451 1037 dissidium,

333 1089 445 1163 neque
457 1062 592 1137 diversa
608 1063 694 1137 baec
710 1062 833 1161 agendi
851 1062 937 1136 ratio
953 1062 1194 1162 impedimento
1210 1062 1312 1137 luerit
1328 1063 1456 1137 utrius-

332 1205 401 1279 que
416 1178 580 1253 ecclesiae
600 1180 715 1255 unioni
729 1205 850 1278 ,quae
861 1178 1045 1252 identidem
1062 1193 1208 1268 tenuta,
1229 1180 1333 1254 immo
1350 1179 1454 1253 etiam

333 1295 378 1369 ad
403 1310 535 1395 tempus
561 1294 680 1370 saltem
707 1294 932 1392 redintegrata
956 1310 1019 1368 est.

419 1410 549 1485 Exinde
574 1410 742 1511 siquidem
768 1436 836 1484 non
859 1409 959 1510 pauci
984 1410 1171 1486 catholicae
1195 1409 1367 1485 doctrinae
1391 1408 1458 1485 ad-

333 1524 472 1600 versarii
491 1540 579 1600 recte
596 1525 720 1599 inferre
736 1523 804 1598 sibi
822 1525 887 1599 visi
901 1540 981 1599 sunt
993 1525 1059 1599 hac
1075 1525 1111 1598 in
1128 1551 1165 1598 re
1182 1551 1250 1599 non
1264 1525 1307 1599 de
1319 1525 1458 1623 dogma-

334 1640 400 1714 tica
424 1640 582 1728 ueritate,
603 1640 663 1713 sed
691 1641 735 1713 de
758 1640 865 1716 libera
889 1640 1071 1742 disciplina
1088 1641 1164 1740 agi3
1190 1641 1275 1716 adeo
1291 1643 1379 1715 utin
1397 1667 1457 1741 po

334 1770 452 1829 testate
464 1755 627 1829 ecclesiae
638 1757 683 1830 sit
695 1782 768 1830 eam
783 1772 968 1856 temperare
982 1783 1022 1830 ac
1034 1774 1163 1830 mutare
1176 1783 1238 1857 pro
1250 1774 1454 1856 temporum,

334 1895 554 1969 personarum
568 1895 747 1970 rerumque
764 1869 945 1943 adiunctis.
962 1870 1028 1943 Alii
1046 1886 1157 1950 autem
1175 1871 1233 1971 qui
1251 1870 1456 1973 disciplinae

334 1984 560 2060 moderandas
583 2000 780 2086 potestatem
810 1983 1019 2059 secularibus
1046 1985 1257 2087 principibus
1281 1986 1369 2061 ultro
1393 1986 1455 2061 de-

334 2101 519 2187 mandant,
548 2100 644 2174 veriti
672 2126 739 2174 non
766 2117 846 2174 sunt
871 2099 1008 2200 politico
1038 2100 1194 2198 regimini
1223 2102 1453 2175 auctoritatem

334 2214 463 2287 deleme
488 2213 638 2287 fidelium
664 2213 878 2287 matrimonia
902 2212 946 2301 ob
972 2213 1125 2288 adulterii
1151 2215 1315 2314 flagitium
1334 2215 1456 2291 dissol-

333 2328 457 2418 vendi,
485 2346 584 2429 prout
608 2331 720 2430 reipsa
738 2330 772 2402 in
790 2328 1047 2430 protestantium
1068 2329 1254 2405 ditionibus
1277 2330 1350 2404 lieri
1373 2356 1453 2404 con-

334 2444 460 2533 suevit,
479 2460 512 2520 et
529 2473 550 2519 a
567 2445 740 2520 nonnullis
757 2444 967 2546 principibus
984 2444 1161 2519 catholicis
1174 2446 1360 2547 aliquando
1373 2473 1454 2520 san·

335 2561 438 2634 citum
463 2577 516 2634 est
536 2564 601 2658 (1),

407 2677 448 2750 Ut
475 2676 575 2775 igitur
600 2675 834 2751 huiuscemodi
853 2702 1068 2751 amoveamus
1085 2676 1314 2766 obstaculum,
1339 2693 1452 2751 osten-

334 2792 453 2866 demus
473 2795 506 2863 1.
528 2819 594 2867 non
620 2792 662 2866 de
688 2792 836 2865 doctrino
858 2792 992 2892 proprie
1012 2819 1051 2867 ac
1076 2792 1203 2867 directe
1220 2794 1451 2893 quaestionem

334 2932 410 2979 csse
435 2931 513 2978 eum
538 2904 682 2979 ecelesia
707 2932 826 3002 graeca
851 2906 941 2980 circa
965 2905 1057 2980 bunc
1081 2906 1278 2995 articulum,
1306 2906 1365 2981 sed
1391 2933 1452 3008 po-

335 3019 403 3092 tius
429 3019 472 3090 de
496 3020 630 3093 diversa
654 3046 848 3117 graecorum
865 3024 989 3120 proni,
1020 3048 1080 3095 seu
1106 3022 1219 3096 verius
1242 3021 1371 3109 abusu,
1391 3022 1449 3122 qui

334 3134 426 3233 apud
451 3159 509 3206 eos
534 3132 698 3221 obtinuit,
724 3150 824 3233 atque
848 3135 1032 3208 etiamnum
1055 3135 1202 3223 obtinet;
1233 3137 1267 3207 2.
1289 3136 1451 3233 originem

333 3249 486 3324 eiusdem
500 3275 643 3348 praxeos
669 3274 730 3323 seu
742 3248 884 3338 abnam,
900 3250 960 3350 qui
974 3251 1065 3352 apud
1083 3250 1159 3325 illos
1178 3250 1334 3340 invaluit,
1360 3266 1451 3352 pate-

331 3363 516 3451 laciemus;
539 3367 572 3437 3.
593 3363 773 3438 ecclesiam
789 3362 928 3438 latinam
949 3363 1096 3464 denique
1112 3364 1348 3452 ostendemus,
1368 3389 1452 3464 quo·

333 3481 396 3555 ties
414 3507 452 3556 se
469 3508 508 3556 se
524 3480 646 3556 obtulit
661 3480 816 3567 occasio,
838 3480 936 3554 toties
948 3480 1112 3558 adversus
1122 3480 1289 3555 eiusmodi
1306 3480 1450 3554 abusum

334 3595 550 3672 reclamasse.

407 3714 435 3786 l.
463 3715 565 3787 Porro
590 3713 633 3787 ad
660 3713 805 3814 primum
830 3712 922 3812 quod
947 3713 1082 3799 attinet,
1112 3711 1193 3785 dum
1217 3711 1362 3786 demus
1381 3711 1452 3785 dis·

333 3828 459 3903 sidium
485 3854 624 3927 graecos
645 3827 730 3901 inter
747 3827 939 3928 latinosque
955 3854 1023 3903 nou
1040 3828 1083 3901 do
1101 3826 1253 3901 doctrina
1273 3851 1370 3913 esse,
1391 3824 1451 3899 sed
1471 3874 1477 3883 ·

332 3942 376 4017 de
389 3943 483 4043 praxi
500 4001 509 4031 ,
525 3943 619 4016 baud
630 3941 823 4040 significare
842 3943 1047 4017 intendimus
1064 3940 1142 4017 illos
1160 3940 1204 4015 ad
1222 3941 1351 4041 praxim
1364 3939 1452 4014 hanc

332 4085 428 4133 suam
453 4058 739 4134 cohonestandam
765 4059 902 4132 minime
920 4084 1081 4158 quaerere
1098 4058 1305 4159 praesidium
1323 4055 1397 4131 sive
1415 4057 1450 4127 in

333 4173 443 4249 sacris
469 4174 612 4263 litteris,
640 4173 712 4249 sive
738 4173 772 4245 in
799 4188 992 4248 sanctorum
1021 4189 1170 4248 veterum
1196 4172 1354 4271 scriptis;
1387 4169 1452 4245 boe

410 4360 445 4423 (1)
461 4363 514 4413 Hos
531 4359 685 4412 advemriot
703 4360 777 4424 panto
795 4363 852 4424 post
871 4359 1131 4422 commemorabimus,
1143 4372 1200 4410 oum
1213 4358 1307 4410 scilicet
1319 4357 1452 4411 aumas

333 4439 484 4506 nugatorum
504 4442 647 4506 argumenta
668 4439 758 4505 quibus
780 4439 860 4492 adntsi
879 4443 936 4493 sunt
954 4440 1075 4494 eiusmodi
1095 4439 1182 4491 tutcim
1202 4440 1349 4491 ammenta
