3234 5084
288 424 359 493 att
434 444 496 496 mn.
517 445 565 495 ιιι.
586 443 674 496 sncr.
694 444 1256 503 inrum.nrmnrss.rrrn.onr1ar.

288 589 370 661 quc,
400 588 487 662 quae
511 562 610 663 plane
640 561 772 636 inutilia
805 563 966 651 luissent,
995 563 1026 639 si
1048 563 1214 639 voluisset
1237 563 1406 639 disserere

288 677 332 750 de
357 676 459 776 pleno
483 675 638 752 divortio.
662 678 718 751 Sic
747 679 879 753 tertium
904 678 1046 755 dubium
1072 679 1242 755 disiioitur
1265 679 1309 754 de
1333 680 1407 754 iure

289 791 476 867 amuliers
500 793 687 894 acquisito,
716 820 756 868 ac
781 793 825 868 de
849 793 1053 871 abstinentia
1080 795 1124 870 ah
1149 795 1228 870 aliis
1253 795 1405 896 nuptiis,

289 909 381 1009 quod
401 910 448 984 ita
473 910 573 985 ferret
597 910 690 985 illius
715 911 837 985 aetatis
862 912 1066 1012 disciplina,
1088 913 1116 986 si
1135 912 1221 986 retio
1241 912 1409 986 habeatur

290 1025 460 1100 subiectae
479 1027 652 1115 materiae,
673 1052 714 1099 ex
731 1054 800 1126 qua
817 1027 1103 1126 deprehendimus
1120 1028 1162 1101 de
1179 1028 1245 1101 hoe
1268 1027 1409 1101 minime

290 1141 366 1238 agi,
393 1142 496 1217 immo
521 1142 564 1215 ab
588 1168 630 1215 ea
654 1142 808 1230 excludi,
838 1169 878 1217 eo
900 1143 990 1243 quod
1016 1169 1126 1217 sermo
1154 1158 1282 1217 tantum
1303 1142 1348 1217 sit
1364 1141 1408 1214 ds

290 1257 502 1355 separatione
522 1284 543 1328 a
562 1273 628 1329 toro
646 1258 808 1356 victoque.
826 1256 924 1343 Quod
944 1283 1023 1330 vero
1041 1274 1209 1355 postremo
1229 1255 1303 1330 loco
1324 1255 1408 1329 dici·

291 1387 346 1445 tur
369 1399 435 1446 non
461 1373 713 1446 commemorari
741 1399 762 1445 a
787 1373 917 1446 Iustino
941 1399 1059 1446 casum
1090 1372 1263 1459 adulterii,
1290 1371 1408 1470 depre-

291 1487 450 1561 henditur
476 1487 597 1560 salsum
626 1513 703 1561 esse
723 1514 764 1560 ex
784 1514 824 1561 eo
844 1488 935 1587 quod
962 1488 1037 1586 ipse
1063 1485 1204 1573 reserat,
1233 1485 1408 1560 mulierem

291 1603 385 1676 illam
411 1601 546 1676 tandem
566 1630 605 1676 se
624 1603 668 1676 ad
687 1603 868 1676 divortium
890 1603 1080 1676 iaciendum
1101 1603 1345 1677 determinasse
1367 1628 1408 1676 er

293 1718 349 1807 iis,
372 1745 460 1819 quae
486 1719 553 1818 ipsi
580 1718 684 1794 relata
703 1718 836 1792 fuerant
852 1716 894 1792 de
910 1718 1081 1816 flagitiosa
1106 1718 1170 1791 viri
1198 1718 1250 1793 sui
1276 1743 1412 1792 conver-

293 1833 424 1908 satione
449 1831 684 1906 Alexandriae.
1119 1932 1121 1934 V

366 1948 456 2035 Quid
476 1948 506 2020 si
526 1948 715 2024 diceremus
742 1946 917 2024 mulierem
943 1945 1035 2022 illem
1060 1965 1132 2022 tom
1157 1947 1340 2048 perfectum
1367 1948 1411 2021 ic·

292 2063 382 2137 cisse
393 2062 588 2153 divortium,
599 2080 669 2138 tum
683 2067 736 2139 ius
750 2065 914 2139 habuisse
924 2065 969 2139 ad
982 2064 1068 2138 alias
1081 2063 1248 2138 ineundas
1257 2065 1408 2163 nuptias,

293 2204 334 2253 eo
356 2179 447 2279 quod
468 2197 622 2278 ageretur
635 2180 679 2254 de
690 2181 762 2255 viro
779 2180 921 2269 infideli,
938 2179 997 2281 qui
1014 2180 1089 2255 sine
1100 2179 1304 2254 contumelia
1316 2179 1414 2253 Crea-

296 2294 378 2368 toris
409 2322 524 2370 secum
548 2296 744 2370 cohabitare
777 2294 967 2369 renuebat?
993 2296 1064 2369 Hac
1094 2296 1222 2370 ratione
1248 2294 1325 2395 ipse
1348 2319 1413 2368 usa

295 2409 417 2484 fuisset
436 2411 611 2511 privilegio
624 2411 659 2483 in
675 2411 822 2486 savorem
837 2410 1009 2509 religionis
1027 2411 1233 2485 christianae
1245 2437 1266 2483 a
1278 2409 1413 2483 Christo

292 2550 469 2613 concesso,
490 2527 533 2601 de
550 2554 618 2626 quo
642 2526 790 2626 loquitur
815 2527 994 2627 Apostolus
1020 2529 1047 2599 1.
1073 2527 1320 2602 Cor.llll.1h.
1344 2524 1413 2600 illis

291 2641 426 2716 verbis:
453 2641 548 2729 Quod
571 2644 604 2715 si
620 2642 762 2743 infidelis
781 2641 935 2726 discedit,
960 2641 1128 2715 discedot:
1151 2641 1227 2717 Nor
1243 2643 1330 2714 enlm
1344 2667 1414 2714 ser-

292 2759 394 2831 uituti
416 2758 577 2831 subiectus
602 2774 649 2831 ost
673 2759 801 2857 frater,
830 2773 889 2830 out
912 2784 1002 2830 soror
1019 2759 1055 2829 irr
1075 2755 1271 2829 huiusmodi.
1289 2756 1328 2827 ln
1348 2755 1416 2831 hac

293 2899 373 2947 vero
397 2873 600 2973 hypothesi,
625 2899 714 2973 quae
734 2873 915 2947 verissima
936 2889 1008 2961 est,
1032 2898 1149 2947 omnes
1173 2870 1413 2969 praeciduntur

295 2985 565 3061 adversariorum
586 2986 824 3076 difficultates,
843 3000 945 3086 atque
966 2985 1133 3088 catholica
1150 2985 1275 3059 veritas
1289 2982 1326 3058 in
1341 3001 1413 3060 tuto

294 3100 492 3203 plenissime
517 3119 570 3177 est
595 3102 717 3202 posita.
735 3102 800 3176 Sed
818 3101 883 3175 hoc
899 3102 942 3174 ad
960 3099 1214 3174 abundantiam.

369 3216 487 3316 ltaque
512 3215 663 3289 lustinus
688 3240 825 3316 quoque
842 3213 1127 3315 locupletissimus
1146 3212 1231 3288 alter
1248 3214 1343 3287 testis
1360 3229 1415 3287 est

294 3332 469 3408 doctrinae
499 3332 687 3407 catholicoe
713 3332 802 3407 circa
828 3332 1021 3405 firmitatem
1045 3330 1171 3406 vinculi
1195 3329 1411 3428 coniugalis,

294 3449 397 3525 etiam
422 3475 498 3524 cum
524 3449 742 3526 intervenerit
766 3447 923 3522 adulterii
950 3446 1091 3521 crimen

791 3670 829 3769 p.
858 3669 918 3741 ιιι.

748 3867 785 3915 De
800 3863 965 3926 Athenagora.

371 4026 499 4100 lustino
524 4024 755 4098 subnectimus
784 4021 1032 4118 Athenagoram
1061 4034 1178 4118 utpote
1207 4015 1318 4090 eidem
1348 4016 1418 4089 lere

296 4165 492 4239 supparem.
519 4138 610 4212 Adeo
638 4164 719 4212 vero
743 4151 860 4235 aperte
885 4151 986 4235 atque
1012 4134 1191 4234 perspicue
1215 4133 1291 4231 ipse
1315 4129 1416 4204 nobis

298 4255 485 4330 doctrinam
510 4254 554 4329 de
579 4253 680 4355 plena
704 4252 854 4351 coniugii
880 4248 1178 4324 indissolubilitete
1204 4246 1360 4335 exhibet,
1380 4260 1418 4320 ut

297 4369 468 4444 launoius
505 4368 580 4443 eius
617 4369 847 4446 autoritatem
884 4364 1158 4442 dissimulaverit.
1191 4363 1283 4439 llaec
1317 4383 1417 4462 porro
