3234 5084
340 411 408 485 tt!
486 433 548 485 mn.
563 431 612 483 ru.
627 430 715 482 rrer.
735 428 866 482 mrrsr.
887 429 927 480 nr
940 427 1051 480 nrmss⁸
1068 428 1166 480 nra.
1188 427 1310 482 csnnr.

337 577 449 653 posse.
471 551 612 624 istorum
630 547 807 622 audaciam
830 546 928 644 fregit
948 545 1126 622 eonsilium
1151 544 1394 635 tridentinum,
1414 566 1453 622 ut

337 692 413 741 mox
435 663 638 739 ridebimus.

409 776 613 865 lanseniani,
630 776 687 877 qui
701 775 955 877 protestantium
967 776 1109 873 uestigia
1122 800 1273 876 premere
1286 776 1352 851 sibi
1369 802 1451 878 pro-

336 908 544 995 posuerunt,
575 890 728 966 eamdem
758 891 949 965 instaurare
975 889 1162 966 doctrinam
1191 892 1343 990 aggressi
1367 910 1453 967 sunt

337 1008 573 1109 impugnantes
599 1005 829 1081 definitionem
855 1006 988 1081 concilii
1009 1005 1202 1095 tridentini,
1221 1032 1263 1081 ae
1279 1007 1310 1081 si
1329 1007 1450 1082 adver·

336 1138 468 1197 sarotur
491 1122 683 1222 Scripturas
703 1136 736 1195 et
757 1120 942 1196 traditioni.
964 1123 1054 1195 lnter
1076 1146 1163 1221 ques
1188 1121 1338 1196 eminent
1358 1123 1449 1197 beri·

336 1237 418 1312 dant
433 1240 498 1334 (3),
514 1236 585 1310 rite
606 1238 671 1333 (d),
690 1236 784 1310 iuxta
807 1261 909 1337 quem
935 1235 1020 1310 fides
1045 1236 1137 1310 eirea
1160 1237 1364 1311 matrimonii
1394 1238 1448 1310 in·

336 1349 629 1426 dissolubilitatem
654 1375 676 1424 a
701 1349 817 1424 seculo
849 1349 1049 1425 duodecimo
1080 1348 1259 1425 obscurata
1294 1367 1371 1439 est,
1407 1376 1449 1425 ae

337 1465 467 1540 irritum
485 1481 537 1540 est
553 1464 744 1539 babendum
763 1464 936 1539 tridentini
960 1465 1094 1539 concilii
1119 1465 1306 1554 decretum,
1331 1481 1369 1540 ut
1393 1468 1446 1540 eui

336 1579 482 1655 defuerb
504 1580 698 1654 necessaria
727 1578 877 1654 libertae.
908 1578 978 1654 Hes
1002 1594 1148 1654 sectatus
1171 1597 1225 1655 est
1248 1579 1445 1667 Tebaraud,

337 1694 397 1797 qui
423 1720 482 1770 eos
506 1693 610 1769 ferme
638 1694 817 1782 exscribit,
847 1708 963 1795 utpote
987 1693 1108 1769 iisdem
1135 1695 1312 1795 principiis
1341 1694 1449 1769 imbu-

338 1824 393 1885 tus
408 1812 474 1907 (b).

411 1923 510 1999 Nulla
522 1938 632 2001 autem
650 1924 778 2000 ratione
794 1925 872 2000 ferri
886 1939 1013 2024 potest,
1030 1923 1119 2024 quod
1132 1924 1270 2024 scripsit
1280 1922 1449 2000 baldonu-

339 2056 394 2115 tus
414 2065 475 2115 seu
491 2040 603 2140 potius
620 2057 736 2115 auctor
752 2066 809 2141 op.
825 2041 873 2114 De
889 2042 1101 2115 remanentis
1119 2041 1193 2115 eius
1216 2040 1352 2116 nomine
1372 2040 1447 2116 rui-

338 2153 406 2252 gati
422 2156 472 2252 (6)
484 2154 528 2229 de
540 2152 604 2229 hoe
616 2170 832 2253 argument03
848 2180 924 2228 num
943 2153 1033 2228 enim
1050 2153 1200 2255 quinque
1217 2155 1448 2254 praemisisset

337 2267 552 2344 difficultates
585 2268 711 2370 quibus
742 2284 881 2368 urgetur
911 2268 1064 2344 doctrina
1095 2268 1261 2344 eutholiea
1283 2269 1327 2343 de
1355 2269 1447 2344 solu-

338 2382 430 2458 tiene
454 2383 657 2457 matrimonii
679 2384 742 2458 rati
765 2400 799 2458 et
822 2410 889 2460 non
915 2384 1154 2473 eonsummati,
1179 2384 1310 2459 subdit:
1324 2384 1448 2473 aflaec

338 2517 535 2599 argumenta
549 2498 708 2575 ridentur
723 2500 807 2574 mibi
826 2500 952 2575 babere
969 2526 1037 2576 nen
1055 2526 1156 2601 posse
1177 2499 1281 2575 ullam
1305 2526 1448 2601 respon·

338 2615 487 2705 sionem,
503 2616 571 2691 nisi
588 2631 646 2692 aut
662 2616 902 2703 concedamus,
923 2616 1169 2689 matrimonium
1187 2630 1296 2690 ratum
1313 2631 1346 2690 et
1362 2642 1448 2691 non·

338 2729 419 2803 dum
436 2746 704 2805 consummatum
718 2755 785 2805 non
799 2754 877 2804 esse
888 2755 1003 2803 rerum
1015 2728 1265 2804 matrimonium
1280 2744 1316 2804 et
1329 2754 1448 2804 rerum

338 2859 605 2930 sacramentum,
633 2858 692 2917 aut
715 2859 804 2919 eerte
833 2842 1010 2918 ecelesiam
1035 2844 1084 2916 itu
1107 2844 1333 2928 subtimeret,
1367 2867 1447 2917 num

337 2955 485 3030 decrevit
509 2955 610 3030 licere
635 2973 711 3057 post
738 2958 988 3033 matrimonium
1012 2973 1141 3046 ratum,
1170 2956 1321 3032 eonferre
1341 2983 1380 3031 se
1403 2956 1447 3031 ad

338 3068 551 3168 religionem,
571 3070 676 3146 altero
693 3072 834 3172 coniuge
848 3073 965 3161 inrito,
980 3088 1013 3147 et
1025 3071 1125 3147 lisere
1138 3072 1232 3146 alteri
1250 3072 1344 3146 adire
1360 3072 1448 3146 alius

338 3183 486 3286 nuptias.
513 3185 611 3273 Quod
635 3201 746 3261 autem
771 3187 837 3262 boe
862 3213 965 3262 sensu
991 3186 1133 3262 ecelesia
1163 3186 1348 3276 definierit,
1375 3212 1449 3260 ma-

337 3299 498 3374 nifestum
523 3317 576 3375 est
598 3328 638 3375 ex
663 3301 733 3376 illis
757 3303 915 3377 omnibus
940 3303 1126 3378 canonibus
1158 3302 1284 3404 quibus
1314 3302 1444 3376 statuit.

337 3415 420 3487 Nam
445 3414 481 3487 in
507 3414 576 3490 illis
601 3417 758 3491 omnibus
783 3415 934 3491 nominat
957 3442 1109 3516 sponsum
1132 3431 1166 3490 et
1189 3443 1340 3518 spensam
1363 3442 1445 3505 eos,

337 3528 396 3629 qui
427 3530 596 3604 eoniuncti
625 3546 706 3604 sunt
735 3529 947 3605 matrimonio
982 3546 1074 3619 rato,
1103 3556 1170 3605 non
1201 3547 1445 3606 consummato.

337 3644 510 3753 Nusquam
528 3660 639 3719 autem
656 3644 805 3747 appellat
821 3644 999 3744 coniuges,
1018 3670 1127 3747 neque
1144 3646 1317 3734 maritum,
1338 3671 1449 3745 neque

337 3783 486 3834 uxorem.
503 3758 598 3834 Adde
618 3759 710 3861 quod
733 3760 769 3835 in
789 3758 960 3836 nonnuliis
987 3761 1088 3837 etiam
1112 3785 1153 3834 ex
1178 3760 1247 3836 illis
1272 3759 1450 3836 manifeste

407 4019 444 4085 (r)
459 4020 579 4071 Emer
594 4019 628 4071 de
641 4019 715 4073 derce
729 4024 862 4087 questions
876 4034 924 4074 rur
939 4021 964 4074 te
978 4024 1110 4088 marture,
1127 4024 1238 4086 poetes
1248 4033 1318 4085 seqq.

409 4098 445 4161 (t)
461 4100 570 4150 Dtrrert.
579 4103 632 4151 sur
646 4098 819 4153 truderetur.
829 4101 939 4153 attolae
953 4101 991 4154 du
1008 4100 1060 4153 tter
1076 4099 1211 4165 semmel.
1222 4108 1246 4152 n.
1256 4102 1307 4151 rol.
1318 4100 1394 4151 taur.

409 4178 444 4241 (5)
461 4180 596 4244 Prtrretpeu
613 4183 662 4231 etc.
676 4179 720 4230 td.
732 4183 957 4245 rotumum.
969 4184 995 4234 et
1010 4194 1065 4247 pag.
1076 4189 1121 4234 stt
1134 4183 1223 4245 σοφά
1234 4181 1323 4232 iturus
1335 4192 1390 4244 par„
1403 4185 1447 4232 tet

337 4271 389 4322 req.
400 4257 425 4307 tn
436 4270 501 4309 nora
516 4261 598 4309 nutem
614 4258 653 4310 ed.
664 4273 720 4325 pag.
733 4267 775 4312 ttt
788 4274 858 4326 seqq.
870 4262 909 4313 ct.
919 4276 959 4326 up.
972 4262 1083 4315 cantem
1093 4265 1153 4315 torn.
1165 4264 1186 4313 Ι.
1194 4276 1220 4315 n.
1233 4266 1287 4315 stt.

409 4335 444 4396 (e)
460 4336 498 4386 ct.
513 4335 643 4400 elegante
656 4338 682 4388 tn
698 4338 814 4391 ebrioth.
825 4352 875 4391 sec.
887 4343 950 4391 lesu.
