3234 5084
316 419 385 488 ltl
468 441 528 489 orn.
546 439 593 488 nr.
611 438 697 489 ator.
716 439 845 487 rorant.
863 438 1139 488 euroaustrum.
1157 437 1280 488 aamsr.

318 556 485 630 dimiserit
508 581 642 629 uxorem
669 582 785 641 suam,
806 569 940 653 eccepto
958 556 1184 654 fornicationis
1210 579 1327 638 cocto,
1356 554 1436 628 iacit

318 698 392 746 eam
417 671 603 757 moechari;
623 702 640 741 n
668 688 700 743 et
723 672 810 741 lllll.
843 670 1083 770 «Quicumque
1107 669 1274 742 dimiserit
1298 695 1435 744 uxorem

318 813 432 874 suam,
453 789 521 858 nisi
535 785 575 858 oh
592 787 850 884 fornicationem,
872 801 904 857 et
917 783 1018 857 aliam
1031 784 1182 869 duxerit,
1199 783 1432 861 moechatur.»

317 902 359 974 At
383 902 572 1000 dogmatica
597 900 716 975 horum
743 917 891 973 textuum
916 899 1145 998 interpretatio
1170 898 1256 973 haec
1281 914 1347 987 est,
1376 926 1437 1000 per

317 1018 571 1092 fornicationem
593 1043 653 1091 seu
673 1043 734 1115 par
755 1016 977 1102 adulterium,
1005 1015 1187 1088 divortium
1204 1015 1344 1114 quidem
1362 1015 1433 1088 lieri

317 1158 420 1231 posse
442 1132 554 1232 quoad
577 1148 683 1205 torum
707 1146 740 1203 et
761 1130 1020 1215 habitationem,
1045 1126 1105 1202 sed
1126 1128 1296 1202 vinculum
1320 1129 1434 1229 ipsum

317 1244 507 1319 nullatenus
521 1245 680 1331 dissolvi3
696 1271 757 1318 seu
771 1244 894 1316 dimitti
910 1269 1011 1344 posse
1023 1269 1159 1316 uxorem
1178 1242 1224 1315 ita
1241 1259 1280 1316 ut
1296 1243 1348 1317 ias
1368 1268 1433 1316 non

316 1361 362 1434 sit
382 1360 483 1432 aliam
509 1360 652 1445 ducere,
681 1359 834 1431 adultera
855 1359 999 1432 vivente.

388 1475 423 1546 Si
442 1474 615 1548 liberiores
632 1474 798 1574 quosdam
818 1474 973 1560 criticos,
995 1475 1096 1547 etiam
1114 1471 1299 1546 catholicos
1317 1474 1436 1547 audia-

316 1617 410 1677 mus,
439 1589 622 1664 difficultas
643 1616 746 1691 quam
766 1589 929 1663 ecclesiae
947 1588 1115 1663 doctrinae
1133 1588 1301 1662 lacessere
1317 1588 1432 1662 viden·

315 1724 369 1780 tur
392 1733 433 1780 oa
453 1706 556 1780 verba
579 1721 713 1804 eccepto
733 1707 959 1803 fornicationis
978 1731 1098 1790 cocao,
1124 1721 1158 1777 et
1182 1707 1251 1776 orsi
1274 1705 1315 1777 oh
1331 1707 1436 1803 sorni·

315 1825 473 1895 cotioaom
491 1821 683 1896 obtruncari
702 1837 837 1920 posset,
859 1837 979 1918 negata
995 1820 1047 1894 vel
1067 1820 1101 1891 in
1121 1819 1261 1892 dubium
1281 1836 1434 1893 revocata

312 1962 426 2029 eorum
444 1936 619 2011 verborum
638 1935 822 2010 authentia.
857 1936 906 2009 lla
926 1935 1026 2009 etiam
1044 1950 1081 2008 ut
1102 1961 1162 2035 par
1187 1951 1239 2009 est
1258 1935 1429 2020 admissa,

313 2051 453 2151 quidam
474 2051 629 2125 catholici
656 2052 853 2151 interpretes
879 2050 958 2124 dum
981 2050 1145 2125 ecclesiae
1161 2048 1348 2125 doctrinam
1373 2050 1434 2125 de-

314 2162 471 2252 fendunt,
496 2164 663 2264 quasdam
690 2180 881 2265 proponunt
904 2190 1018 2238 eorum
1043 2164 1220 2240 verborum
1246 2165 1432 2263 exegeticas

314 2278 620 2379 interpretationes,
637 2304 726 2378 quae
743 2279 790 2352 ita
806 2278 994 2353 doctrinam
1009 2279 1171 2354 ecclesiae
1184 2280 1227 2353 de
1239 2279 1432 2354 omnimoda

313 2391 489 2466 christiani
520 2393 722 2467 matrimonii
752 2391 1052 2467 indissolubilitate
1077 2395 1162 2467 tueri
1191 2394 1367 2481 videntur,
1395 2414 1434 2467 ut

313 2505 545 2582 difficultatem
564 2534 651 2607 quae
671 2534 712 2581 ex
734 2507 776 2582 iis
795 2508 906 2581 verbis
927 2507 1053 2607 petitur
1070 2507 1206 2582 omnino
1222 2508 1428 2610 praecidant:

313 2638 348 2695 at
362 2648 424 2696 eae
441 2622 540 2697 nobis
558 2648 668 2721 neque
686 2622 729 2695 ad
748 2622 981 2696 difficultatem
995 2622 1189 2696 solvendam
1204 2624 1428 2710 necessariae,

313 2762 423 2836 neque
440 2736 541 2811 utiles
558 2737 734 2821 videntur,
756 2762 886 2836 neque,
905 2737 995 2838 qnod
1014 2751 1115 2836 caput
1132 2752 1199 2822 est,
1221 2737 1264 2810 ad
1280 2737 1431 2811 veritatis

313 2875 464 2924 normam
490 2867 637 2927 exactae.

385 2966 573 3065 Antequam
586 2966 689 3063 igitur
701 2965 927 3064 dogmaticam
947 2966 1109 3040 ecclesiae
1126 2967 1430 3067 interpretationem

314 3097 429 3154 contra
455 3094 677 3181 protestantes
695 3097 729 3154 et
744 3106 883 3179 graecos
900 3082 1131 3170 vindicemus,
1153 3084 1287 3157 criticas
1304 3100 1337 3157 ot
1353 3110 1430 3157 exa-

314 3196 441 3294 geticas
466 3195 683 3295 quaestiones
713 3222 789 3269 oum
820 3195 995 3272 catholicis
1021 3197 1165 3271 breviter
1191 3197 1427 3283 absolvemus3

313 3328 383 3385 tum
400 3310 586 3384 doctrinam
605 3310 767 3384 ecclesiae
784 3311 827 3385 de
844 3311 1142 3387 indissolubilitate
1158 3313 1307 3411 coniugii
1328 3313 1429 3388 etiam

313 3427 347 3498 in
374 3451 480 3500 causa
505 3424 660 3500 adulterii
685 3427 922 3515 ostendemus,
952 3428 1096 3529 primum
1122 3454 1163 3501 ex
1182 3427 1322 3516 Bibliis,
1350 3427 1429 3500 dein

312 3566 351 3613 ex
380 3566 483 3615 sensu
507 3539 696 3615 traditionis
719 3542 917 3629 universam
938 3561 1108 3642 postremo
1125 3538 1289 3617 ecclesiae
1305 3541 1430 3616 latinae

312 3671 345 3727 et
369 3681 509 3752 graecae
533 3654 598 3729 hac
624 3656 666 3729 de
690 3683 724 3730 ra
749 3656 934 3732 doctrinam
960 3675 993 3733 et
1013 3659 1141 3757 praxim
1159 3657 1399 3757 expendemus.

748 3908 955 3966 ARTICULUS
976 3909 997 3964 l.

366 4056 408 4118 De
421 4058 572 4119 authentia
586 4076 620 4119 ao
639 4064 765 4139 genuina
777 4063 900 4122 lectione
916 4070 1050 4123 textuum
1066 4063 1173 4124 Matth.
1190 4065 1228 4124 V.
1244 4071 1273 4124 et
1289 4063 1370 4125 xlx.

383 4227 434 4300 Ab
455 4230 531 4329 ipso
552 4234 796 4306 controversiae
815 4236 911 4308 initio
928 4251 1106 4336 utrumque
1128 4237 1284 4312 llatthaei
1304 4254 1426 4313 tontum

312 4348 475 4440 integrum
500 4347 754 4444 praemittimus.
772 4349 887 4423 Matth.
905 4352 940 4422 V.
960 4355 1017 4425 tt.
1038 4355 1095 4426 32.
1117 4353 1248 4451 legitur:
1273 4355 1426 4428 «Dictum
