3234 5084
248 446 319 516 eur.
332 460 358 514 1.
369 459 488 514 mnu.
500 459 541 512 m
556 456 671 513 mnus.
682 458 779 513 utra.
791 456 900 511 muer.
911 456 987 510 ruse
1002 456 1103 510 soen.
1116 457 1182 509 mr.
1236 437 1307 509 139

188 579 353 654 mucre
363 578 561 654 iudaeorum
575 577 728 652 libellum
746 575 879 679 repudii
894 576 1112 676 permisisse,
1139 596 1244 677 quum
1266 603 1307 652 ea

189 695 372 797 permissio
383 695 427 771 ob
440 694 551 770 cordis
565 694 724 767 duritiam
740 693 844 768 latius
861 707 978 793 patere
989 691 1134 767 dicenda
1152 692 1214 779 sit,
1222 693 1309 769 adeo

191 827 230 885 ut
242 811 345 886 etiam
361 810 441 886 aliis
458 837 499 884 ex
510 809 623 883 oensis
636 824 769 908 praeter
781 807 983 881 adulterium
1001 807 1196 881 admittatur
1214 808 1306 904 (tt).

191 926 269 1025 Hug
294 943 406 999 autem
431 925 496 999 etsi
521 922 708 996 'catholicus
733 922 911 995 formulam
936 924 1070 996 bemotb
1098 921 1206 997 deber
1228 950 1309 997 een·

190 1042 261 1116 suit
286 1040 388 1114 latius
413 1039 581 1140 patuisse,
602 1037 785 1140 pluresque
810 1038 1100 1137 interpretationes
1125 1039 1308 1114 admisisse

189 1181 231 1230 ex
254 1156 333 1255 ipse
349 1155 454 1228 Musis
470 1153 642 1229 uoluntate
659 1169 762 1254 atque
778 1152 980 1239 intentione,
1001 1178 1045 1226 ne
1061 1151 1131 1257 iilis
1147 1153 1191 1226 ad
1218 1180 1305 1255 quoe

188 1270 363 1371 spectabat
377 1269 462 1367 legis
483 1268 711 1369 interpretatio
738 1266 881 1342 [acuitas
907 1268 1173 1369 praeriperetur,
1200 1286 1316 1343 muta«

188 1387 235 1461 tis
262 1385 488 1485 temporibus,
512 1412 588 1459 eam
609 1385 760 1461 strictius
777 1384 830 1460 vel
849 1383 951 1458 latius
973 1383 1179 1484 exponendi,
1209 1404 1310 1486 prout

189 1501 375 1577 necessitas
399 1506 458 1573 aut
480 1499 638 1600 publicae
661 1498 815 1572 utilitatis
840 1498 926 1572 ratio
949 1497 1138 1598 flagitasset
1151 1500 1242 1596 (tt).

259 1616 311 1691 (ΙΙ.
328 1616 531 1717 Roskovany.
548 1628 638 1690 totus
652 1614 686 1686 in
698 1640 739 1689 eo
749 1628 819 1702 est,
833 1630 872 1688 ut
887 1614 1020 1689 evincat
1043 1614 1158 1715 phrasi
1176 1614 1306 1688 Eroctb

187 1731 295 1807 dubus·
324 1733 450 1807 Mosem
464 1794 467 1799 .
482 1730 696 1830 significasse
725 1729 826 1803 unice
855 1731 1103 1830 fornicationem
1135 1756 1197 1804 seu
1221 1756 1307 1802 moe-

188 1846 298 1920 cbt'cm
321 1848 419 1921 cuius
445 1873 503 1921 rea
528 1846 615 1921 saeta
639 1845 739 1920 suerit
762 1871 865 1934 uxor,
890 1845 934 1919 ob
953 1845 1044 1947 quod
1069 1845 1216 1933 crimen,
1237 1845 1307 1919 imo

187 1962 289 2037 etiam
314 1962 358 2037 ub
382 1961 539 2037 adulterii
573 1962 804 2062 suspicionem
836 1962 973 2037 libellus
1003 1960 1136 2062 repudii
1161 1962 1204 2036 ad
1229 1986 1305 2035 eam

187 2077 425 2153 dimittendam
449 2077 524 2151 dari
550 2093 689 2178 poteret.
709 2077 840 2152 Deinde
860 2078 1035 2152 ostendere
1051 2078 1214 2151 adnititur
1229 2077 1308 2152 ideo

187 2192 440 2267 abominabilem
456 2195 665 2293 etpollutcm
675 2194 743 2268 dici
765 2194 944 2269 foeminam
962 2194 1054 2268 illam
1073 2194 1194 2268 iactam
1212 2219 1302 2283 esse,

187 2334 278 2410 quae
300 2314 384 2409 post'
402 2312 580 2412 repudium
604 2311 678 2385 uiro
711 2311 807 2385 alteri
839 2311 996 2399 nuberet,
1025 2310 1106 2412 quia
1130 2310 1306 2410 illegitime

188 2425 358 2501 eiusmodi
383 2428 523 2528 nuptiae
551 2429 660 2503 iactae
683 2426 845 2516 fuissent,
870 2424 1051 2527 antequam
1080 2427 1202 2502 mulier
1225 2424 1308 2501 iuis·

189 2557 241 2616 set
269 2542 413 2617 dimissa
440 2546 531 2640 (ib).
561 2545 709 2617 Primum
738 2561 905 2618 assertum
929 2544 1074 2619 adstruit
1103 2540 1308 2619 tumesco

189 2657 282 2757 quod
305 2658 417 2732 Moses
439 2684 539 2733 voees
560 2658 625 2733 bas
641 2685 661 2734 e
676 2656 795 2758 viginti
813 2676 846 2734 et
863 2680 981 2747 uorem
1004 2657 1157 2745 vicibus,
1179 2657 1306 2757 quibus

189 2771 269 2849 illae
290 2773 327 2847 in
352 2773 505 2849 eiusdem
528 2774 626 2848 libris
646 2791 845 2863 occurrunt,
866 2790 957 2849 certe
973 2775 1122 2874 vigesies
1134 2789 1168 2849 et
1179 2774 1305 2873 septies

188 2912 253 2988 pro
276 2890 413 2987 tmpore.
428 2892 578 2988 nepotis,
606 2916 669 2964 seu
693 2891 908 2990 [ommatium
930 2890 1140 2990 sumpserit,
1168 2906 1239 2963 tum
1264 2914 1306 2964 ex

187 3028 231 3078 eo
254 3004 346 3105 quod
373 3003 569 3080 iudaeorum
592 3006 745 3104 magistri
764 3005 881 3081 eodem
900 3033 940 3081 ao
957 3007 1067 3081 Moses
1085 3000 1307 3080 sensuroces

188 3118 254 3194 bue
278 3118 517 3221 usurpaverint
540 3125 629 3219 (id).
657 3122 806 3197 Alterum
836 3123 972 3198 deducit
996 3148 1036 3198 ex
1061 3150 1102 3197 eo
1125 3118 1217 3224 quod
1246 3121 1305 3196 ilia

188 3234 263 3308 sire
286 3233 492 3310 abominare
514 3236 586 3311 sire
609 3236 750 3336 pollutio
775 3238 987 3338 praedicetur
1009 3264 1119 3312 corum
1141 3232 1300 3321 Domino,

189 3349 505 3451 edeoq'ueinseusu
523 3348 643 3428 morali
664 3354 771 3454 accipi
793 3355 1009 3429 accessesit.
1031 3356 1101 3428 lum
1119 3376 1199 3429 vero
1224 3348 1306 3427 uon·

258 3538 308 3601 (7³)
323 3539 420 3590 Tboluk
431 3540 458 3591 in
470 3554 510 3605 op.
521 3555 599 3606 germ.
609 3541 928 3609 Pbttobctcotbcotoctcu
938 3545 1056 3595 enarret.
1068 3544 1195 3594 sermome
1206 3536 1305 3593 Obristt

188 3621 218 3669 te
235 3622 325 3671 noete
341 3620 447 3672 emund.
466 3621 565 3673 unet.
586 3623 722 3687 Hamburgt
738 3631 804 3675 rete.
818 3623 1158 3688 pag.meseqq.noo1utuos
1174 3625 1212 3672 De
1227 3624 1304 3687 aquic

188 3702 296 3750 nem.
309 3698 378 3764 blps.
391 3707 459 3752 teet.
473 3714 529 3765 pes.
543 3708 597 3753 220.
611 3704 766 3766 Quamquam
784 3702 891 3755 innocua
907 3704 985 3754 videri
1003 3704 1081 3768 possit
1096 3702 1216 3753 eiusmodi
1232 3702 1306 3754 inter·

187 3779 309 3842 meo,
330 3781 359 3830 ut
372 3780 448 3844 poulo
465 3784 521 3845 post
538 3780 669 3846 dimerse,
685 3782 707 3833 si
722 3784 887 3833 coemuntur
903 3785 934 3834 ed
950 3783 1029 3834 solum
1051 3782 1129 3847 legem
1149 3782 1304 3848 memtcam,

189 3857 238 3913 etet
247 3871 302 3911 ern
313 3860 406 3913 vellem
415 3860 671 3915 extendoeeedamed
681 3862 759 3926 legem
769 3863 949 3928 evangelicam,
959 3866 1033 3928 prout
1043 3865 1205 3928 protestantes
1220 3865 1304 3915 exten·

189 3937 297 3991 unu
306 3953 360 3993 cese
367 3941 527 3995 muteuduet
537 3945 591 3994 Hoc
605 3943 671 3994 cutm
682 3955 755 3994 seusu
771 3957 826 3995 eum
841 3945 986 3996 mntenbm
996 3944 1171 4009 improbemus.

262 4020 314 4083 (7⁴)
329 4023 367 4072 Dc
381 4025 497 4086 remeate
505 4022 645 4075 etcertum
653 4023 762 4076 neceto
771 4023 958 4079 meteretubttt.
970 4025 1082 4091 Frtburgi
1094 4033 1162 4078 tete.
1174 4028 1306 4077 uanescu-

190 4100 293 4150 tntism
311 4101 400 4153 nerito
410 4101 640 4166 inmersum
649 4104 774 4155 etebetrut
783 4103 810 4155 tn
821 4116 862 4169 op.
874 4118 950 4169 germ.
960 4108 1239 4172 nmmmutemmm
1253 4119 1306 4160 m

188 4178 250 4233 tdee
263 4184 291 4233 ot
305 4181 750 4247 commentariensem.
764 4189 833 4237 teet.
844 4198 899 4250 pag.
913 4191 952 4237 7⁰.

260 4260 636 4328 wwmmmw.

260 4342 313 4405 (7⁶)
327 4342 493 4396 crumina
506 4347 531 4398 tu
543 4349 608 4399 ortt.
619 4350 704 4399 rcere
715 4350 804 4400 tomi,
814 4349 873 4400 item
883 4348 986 4401 neberti
994 4351 1149 4401 merorem
1161 4348 1252 4401 ubetto
1262 4361 1301 4400 re·

185 4421 263 4485 mae
277 4428 346 4474 tuot.
