3234 5084
362 414 428 485 lat
504 434 565 485 nu.
580 432 629 484 ιιι.
646 432 732 483 sucu.
749 431 880 482 utrem.
898 431 1064 486 nnrnnrss.
1081 432 1176 482 auru.
1193 432 1318 484 eumer.

359 620 365 627 .
430 553 585 627 latemur
616 549 758 651 pariter,
787 550 816 624 si
850 548 961 638 lubet,
989 546 1159 622 Christum
1184 548 1228 624 de
1258 551 1474 626 matrimonio

357 667 459 742 etiem
486 681 556 739 rato
582 663 731 740 dixisse:
753 664 848 750 Quod
863 665 952 737 Deus
973 666 1161 748 cuiusuis,
1183 665 1274 737 homo
1292 692 1354 738 nou
1375 693 1473 765 sepu-

355 796 426 867 rat‚·
453 806 568 856 verum
593 778 828 855 contendimus
853 778 918 853 boc
943 780 977 852 in
1002 806 1084 854 casu
1107 807 1175 854 non
1200 781 1385 868 bominem,
1406 783 1471 856 sed

226 952 227 955 ,
356 897 463 970 Deum
480 897 593 995 ipsum
606 921 777 995 separare,
792 894 884 995 quod
902 894 1044 996 ipsemet
1054 894 1283 969 coniunxerat.
1296 897 1368 970 Hoc
1378 898 1469 969 enim

356 1009 422 1084 sibi
440 1010 623 1085 reservavit
639 1008 682 1082 ad
704 1008 964 1108 promovendam
985 1007 1212 1105 evangelicam
1234 1010 1470 1109 perfectionem

356 1150 457 1225 quam
483 1125 557 1223 ipse
580 1123 766 1223 proposuit.

429 1240 574 1313 Rursum
599 1255 631 1312 et
655 1236 739 1312 illud
764 1236 851 1312 ultro
875 1238 1091 1312 concedimus
1110 1239 1146 1311 in
1164 1240 1375 1314 matrimonio
1399 1258 1471 1315 ratu

356 1353 497 1431 alterum
518 1356 694 1450 coniugem
719 1350 815 1425 alteri
842 1351 972 1426 tradere
996 1354 1049 1426 sui
1075 1353 1224 1452 corporis
1250 1369 1466 1453 potestatem

357 1466 446 1543 banc
468 1468 558 1542 enim
580 1467 811 1567 complectitur
829 1492 1013 1542 consensus
1035 1483 1194 1555 mutuus,
1213 1495 1281 1568 quo
1299 1470 1472 1570 perficitur

357 1582 533 1681 coniugale
557 1582 688 1657 foedus.
710 1582 771 1657 Ast
786 1582 1021 1658 contrahentes
1038 1582 1126 1656 banc
1142 1583 1302 1685 praebent
1323 1601 1470 1684 potestu-

358 1714 424 1775 tem
456 1698 619 1773 adnexam
653 1699 830 1800 privilegio
856 1698 923 1773 sibi
949 1698 1110 1774 divinitus
1135 1699 1223 1774 lactu
1250 1698 1469 1775 resiliendia

355 1830 546 1903 contractu,
563 1841 705 1915 eamque
716 1815 894 1888 revocandi
913 1814 1089 1912 religiosae
1103 1815 1316 1914 perfectiouis
1327 1817 1466 1903 intuitu,

357 1929 534 2029 nequead
558 1928 623 2003 boo
647 1929 799 2027 indigent
822 1927 960 2003 alterius
985 1944 1175 2017 consensu,
1206 1955 1283 2002 cum
1308 1929 1469 2031 indepen-

356 2041 473 2117 denter
496 2042 539 2125 ab
564 2069 605 2118 eo
626 2043 674 2117 uti
695 2042 829 2123 adeant
846 2042 919 2116 iure
936 2068 1017 2128 suo,
1038 2069 1099 2116 seu
1117 2042 1182 2117 sibi
1201 2070 1221 2121 a
1238 2043 1372 2117 Christo
1388 2070 1470 2118 con-

356 2183 464 2235 cesso.
486 2159 574 2233 Dum
598 2159 688 2233 enim
714 2158 780 2258 ipsi
805 2157 1024 2246 contrahunt,
1046 2157 1164 2233 eadem
1184 2160 1404 2260 rationeque
1429 2187 1469 2233 se

301 2258 304 2266 ¹
355 2271 506 2373 obligant
520 2290 645 2349 ,mutuo
671 2274 715 2350 ad
738 2300 859 2360 onera,
886 2300 975 2373 quae
999 2271 1232 2349 huiuscemodi
1257 2288 1365 2348 status
1387 2291 1468 2349 aunt

357 2388 510 2489 propria,
533 2390 583 2464 sic
603 2388 734 2465 iuribus
758 2388 915 2464 omnibus
939 2389 1128 2477 donantur,
1157 2415 1246 2488 quae
1269 2415 1309 2462 er
1333 2389 1396 2462 Dei
1413 2415 1469 2464 ao

356 2501 484 2579 luntate
507 2504 616 2607 eidem
642 2505 774 2582 adnexa
797 2520 897 2593 sunt,
918 2505 1004 2578 inter
1020 2531 1108 2606 quae
1123 2520 1157 2578 et
1173 2504 1258 2579 illud
1277 2522 1469 2579 recensetur

354 2645 424 2718 quo
450 2617 493 2694 de
516 2622 662 2719 agimus.

428 2734 591 2821 Quartum
610 2750 842 2833 argumentum
861 2736 947 2809 redit
964 2736 998 2809 in
1017 2735 1101 2810 illud
1118 2736 1210 2836 quod
1227 2737 1325 2811 modo
1341 2762 1468 2835 expen-

355 2853 489 2938 dimus,
522 2851 673 2950 adeoque
704 2851 824 2924 eudem
854 2852 963 2952 aptari
987 2851 1088 2927 debet
1110 2853 1300 2951 responsio.
1328 2852 1466 2925 Pactum

353 2967 444 3042 enim
471 2965 621 3039 solemne
645 2991 685 3039 ac
710 2965 859 3040 solemne
881 2983 994 3042 votum
1019 2967 1165 3041 induunt
1184 2982 1341 3041 'naturam
1357 2967 1468 3042 reida

302 3142 307 3160 .
354 3105 424 3180 qua
447 3095 580 3179 pactum
595 3079 731 3166 initur,
752 3096 854 3181 atque
876 3080 1043 3156 obiectum
1060 3097 1113 3154 est
1127 3082 1208 3156 voti.
1226 3082 1261 3153 Si
1278 3081 1379 3179 igitur
1394 3109 1467 3156 ma-

356 3194 547 3270 trimonium
578 3210 685 3268 ratum
711 3194 776 3269 boc
800 3195 992 3296 privilegio,
1013 3194 1056 3269 de
1076 3223 1144 3297 quo
1164 3195 1386 3285 disserimus,
1412 3196 1467 3269 di·

251 3312 255 3321 '
354 3312 481 3385 uinitus
500 3327 634 3385 auctum
654 3328 725 3399 est,
747 3329 838 3412 patet
855 3330 988 3413 pactum
1006 3312 1154 3387 solemne
1171 3313 1310 3387 minime
1332 3313 1467 3388 olficere

354 3425 513 3507 solutioni
540 3427 654 3501 a'Deo
678 3426 843 3501 decretae.

426 3542 567 3615 Demum
581 3569 647 3616 non
661 3541 842 3616 abnuimus
861 3544 1107 3618 matrimonium
1125 3559 1232 3617 ratum
1248 3569 1327 3618 vere
1343 3559 1376 3617 et
1392 3569 1467 3644 pru

355 3655 428 3757 pria
456 3671 700 3730 sacramentum
726 3682 823 3745 esse,
850 3673 885 3731 et
909 3685 938 3732 s.
959 3658 1182 3757 Augustinum
1206 3657 1272 3731 bac
1295 3659 1337 3732 de
1360 3683 1465 3731 causa

355 3771 546 3871 coniugium
580 3771 839 3846 christianorum
866 3799 947 3872 prae
972 3774 1090 3849 ceteris
1123 3801 1200 3849 esse
1228 3773 1465 3847 indissolubile

346 3885 467 3987 quoad
485 3887 655 3961 uinculum
678 3885 847 3961 docuisse.
869 3887 960 3961 llaec
979 3906 1090 3962 temen
1114 3889 1298 3964 catholicae
1322 3917 1389 3964 non
1413 3889 1466 3963 cl·

355 4000 473 4076 ficiunt
488 4001 672 4075 doctrinae.
689 4003 756 4076 Neo
776 4003 866 4076 enim
888 4002 952 4077 hoc
973 4021 1218 4079 sacramentum
1236 4004 1384 4105 aliquem
1401 4004 1465 4076 im-

355 4116 469 4216 primit
491 4116 737 4205 characterem,
764 4144 874 4219 nsque
897 4117 964 4192 tale
987 4135 1100 4194 estut
1124 4119 1285 4219 suspendi
1311 4135 1371 4191 aut
1392 4117 1461 4192 tolli

354 4232 455 4306 etiam
480 4232 646 4307 interdum
673 4259 738 4307 non
764 4234 873 4334 possit
896 4235 970 4308 eius
993 4235 1144 4308 allectus.
1161 4235 1210 4307 Ex
1227 4260 1268 4308 eo
1284 4234 1373 4335 quod
1392 4259 1465 4306 ma·

358 4347 548 4423 trimonium
567 4349 638 4423 sive
655 4363 761 4423 ratum
775 4350 848 4424 sive
860 4366 1126 4424 consummatum
1144 4350 1188 4425 sit
1203 4367 1461 4437 sacramentum,
