3234 5084
226 430 231 443 ·
294 406 362 478 180
438 425 1259 483 nn.1rr.sncr.rnrms.nsmansuumcanrsu.
1327 460 1380 482 ,,

292 560 441 620 textuum
462 544 683 643 intelligentia
707 545 847 646 reperiri
871 542 1101 619 difficultatem
1127 542 1348 632 arbitrantur,
1377 544 1408 621 ei

288 660 426 736 verbum
445 662 556 762 ipsum
574 662 802 760 fornicationis
815 660 877 733 rite
890 658 1107 756 intelligatur.
1125 658 1299 761 Siquidem
1317 660 1411 735 iuxta

289 776 383 876 ipsos
406 775 510 851 uerba
533 775 610 849 illa:
638 791 773 874 eccepto
795 776 1023 876 fornicationis
1044 775 1262 848 conso...nisi
1281 775 1320 847 ob
1341 776 1412 874 sor·

288 892 505 976 eiectionem,
525 917 589 965 nec
606 891 818 989 significant,
840 918 949 991 neque
966 891 1160 988 significare
1178 907 1323 990 possunt
1346 892 1409 965 ssa-

288 1007 407 1106 gitium
429 1007 473 1080 ab
493 1007 653 1081 altemtro
677 1006 902 1105 legitimorum
928 1007 1110 1104 coniugum
1140 1020 1307 1105 patratum
1333 1033 1409 1081 curn

288 1138 468 1211 extraneo3
489 1122 555 1197 hoe
571 1123 663 1196 enim
683 1149 750 1198 non
772 1123 857 1197 foret
880 1106 1039 1223 πορνεία
1056 1122 1229 1220 [anuntio
1247 1121 1308 1194 sed
1324 1144 1409 1218 μοι·

289 1222 387 1332 petio
402 1236 618 1322 adulterium
634 1264 703 1337 qua
714 1263 796 1311 uoce
814 1236 881 1311 tale
897 1237 1063 1335 flagitium
1077 1235 1235 1310 Christus
1252 1252 1411 1312 musun-

288 1369 339 1425 ter
372 1351 561 1450 designavit
591 1353 627 1424 in
659 1352 727 1425 illis
754 1351 992 1441 sermonibus,
1019 1351 1079 1426 sed
1106 1350 1300 1449 significant
1325 1351 1410 1425 illud

287 1467 379 1568 qnod
405 1468 493 1541 inter
517 1493 555 1540 se
580 1482 715 1568 patrant
738 1467 780 1557 ii,
810 1468 869 1568 qni
894 1467 1050 1565 coniugio
1071 1492 1139 1540 non
1160 1465 1310 1565 legitimo
1328 1483 1408 1541 sunt

288 1581 457 1681 copuleti3
476 1581 542 1656 hoc
558 1582 649 1655 enim
666 1566 825 1679 capucia
850 1583 886 1656 id
915 1597 969 1656 est
995 1582 1170 1682 fornicatio
1192 1583 1328 1683 proprie
1351 1608 1409 1658 ro·
1471 1570 1475 1577 Δ

288 1713 396 1773 catur.
424 1697 511 1771 ilinc
535 1695 663 1771 Christi
690 1700 854 1773 sententia
870 1698 938 1773 elia
955 1724 1021 1772 non
1038 1714 1109 1786 est,
1129 1698 1196 1772 nisi
1214 1699 1408 1796 coniugium

289 1813 353 1886 viri
372 1829 407 1886 et
421 1811 573 1887 mulieris
591 1811 733 1887 dissolui
756 1839 942 1914 numquam
960 1810 1081 1915 licere,
1102 1813 1170 1886 nisi
1192 1813 1244 1902 si,
1260 1828 1297 1886 ut
1317 1812 1410 1887 theo·

289 1928 357 2025 logi
383 1927 586 2028 loquuntur,
614 1928 829 2026 [micerium
854 1929 919 2017 sit,
949 1944 982 2001 et
1006 1928 1237 2001 concubinatus
1265 1926 1405 2015 dicitur,

289 2069 459 2144 quemque
487 2041 628 2117 dissolui
654 2069 720 2117 non
749 2045 824 2117 licet
846 2043 969 2133 modo,
997 2043 1058 2118 sed
1084 2059 1118 2117 et
1143 2058 1276 2142 oportet.
1438 2038 1455 2057 ⁹

360 2159 479 2256 ltaque
503 2159 596 2231 iuxta
620 2158 787 2258 quosdam
812 2157 986 2232 clausulae
1011 2158 1113 2246 illae,
1142 2172 1277 2257 eccepto
1302 2158 1410 2256 forni-

289 2275 428 2346 cationis
453 2300 553 2347 cuasa
565 2276 662 2347 -nt'si
677 2273 716 2347 oh
733 2275 982 2373 fornicationum
1003 2272 1240 2371 intelligendae
1261 2289 1341 2347 sunt
1366 2272 1410 2346 de

288 2387 474 2478 adulterio,
501 2389 562 2462 sed
587 2390 654 2477 ita,
681 2403 721 2462 ut
742 2388 824 2462 dent
847 2388 985 2489 quidem
1011 2389 1065 2462 ius
1095 2386 1343 2489 separationis,
1373 2402 1409 2460 at

288 2503 480 2578 nullatenus
499 2505 554 2577 ius
571 2504 673 2577 etiam
692 2504 770 2579 novi
787 2503 927 2577 ineundi
952 2502 1120 2601 coniugii;
1141 2501 1195 2576 uel
1212 2489 1408 2607 referendae

288 2635 367 2694 sunt
385 2620 427 2693 ad
446 2621 660 2695 matrimonia
677 2620 875 2694 iudaeorum
894 2618 986 2692 iuxta
1003 2617 1111 2716 legem
1129 2617 1313 2692 mosaicum
1326 2616 1409 2706 ,vel

286 2734 331 2808 ad
357 2761 526 2809 summum
552 2762 593 2809 ex
618 2735 927 2811 accommodatione
953 2734 1100 2837 quadam
1123 2734 1166 2807 ad
1191 2734 1408 2809 matrimonia

288 2850 471 2947 primorum
490 2849 660 2939 fidelium,
681 2853 740 2951 qui
760 2879 800 2925 ex
819 2850 986 2925 iudaismo
1007 2850 1050 2924 ad
1076 2849 1247 2924 Christum
1272 2849 1408 2923 accede·

289 2978 379 3049 rent;
402 2965 495 3037 iuxta
512 2962 597 3038 alios
616 2992 676 3039 eae
693 2965 867 3038 clausulae
883 2992 950 3040 non
968 2965 1161 3063 significant
1185 2963 1407 3051 adulterium,
1463 2964 1470 2973 “

290 3078 350 3151 sed
375 3078 430 3151 uel
455 3094 566 3151 actum
596 3080 848 3168 fornicationis,
878 3096 936 3154 aut
967 3080 1101 3154 foedum
1133 3080 1297 3177 flagitium
1329 3094 1408 3151 ante

286 3193 558 3281 matrimonium,
586 3194 640 3293 uel
665 3210 788 3268 statum
815 3195 928 3296 ipsum
954 3195 1172 3275 fornicarium
1196 3211 1229 3268 et
1250 3192 1408 3268 concubi-

288 3324 415 3383 natum
432 3308 559 3382 flamm
575 3310 889 3410 interpretationum
908 3311 1059 3385 criticam
1082 3336 1173 3385 nune
1197 3308 1408 3411 disquisitio-

288 3450 365 3498 nem
392 3423 618 3522 aggredimur.

784 3624 821 3722 n.
851 3624 895 3695 11.
992 3700 996 3705 ,

392 3788 517 3839 Smteuha
528 3750 628 3839 illorum
638 3789 784 3854 expenditur
794 3789 839 3853 qul
850 3789 937 3853 putant
946 3789 1115 3854 exceptionem
1125 3788 1296 3841 lornlcatlonht

450 3866 540 3918 tutam
549 3868 672 3919 uchristo
682 3869 757 3920 tuisse
766 3870 862 3919 uotum
874 3867 906 3919 ad
916 3869 1023 3920 mentem
1034 3868 1095 3933 tegle
1107 3868 1237 3920 matese.

359 4019 653 4093 Praetermittimns
678 4020 838 4119 epicrisin
860 4021 1064 4108 sententiae,
1084 4045 1186 4119 quam
1203 4019 1314 4117 primo
1330 4016 1405 4091 loco

285 4131 488 4219 attulimus,
524 4159 645 4234 nempe
670 4133 862 4208 bellarmini
894 4151 1146 4235 ceterorumque
1178 4134 1402 4208 asserentium

285 4246 454 4319 Christum
479 4248 523 4321 ad
549 4248 656 4322 solam
681 4249 910 4325 fornicationis
930 4251 1002 4325 sive
1019 4248 1175 4322 adulterii
1193 4275 1332 4323 causam
1350 4274 1404 4322 co·

284 4377 434 4437 arctasse
457 4361 647 4440 facultatem
674 4363 862 4440 dimittendi
880 4392 1039 4455 uxorem,
1060 4365 1142 4465 quin
1161 4363 1289 4465 aliquid
1307 4363 1403 4438 adie-
