3234 5084
310 456 379 507 Cli·
395 454 442 506 lll.
460 453 500 504 ΒΕ
517 453 612 505 ΒΙΜΠ
626 453 718 515 mll-
736 452 799 503 uta.
814 452 926 503 tuotss.
944 452 1039 503 ΙΔΙὮ.
1058 453 1128 504 atta.
1144 454 1168 503 1.
1240 431 1308 502 3⁴7

189 573 409 659 affirmarim,
437 587 549 645 tamam
574 570 730 670 nuspiam
757 569 876 644 dicunt
896 594 997 669 posse
1018 571 1210 670 quempiam
1235 589 1312 668 post

188 688 423 763 dimissionem
448 684 591 761 adulteri
608 686 660 759 vel
679 683 851 760 adulterae
867 684 999 785 absque
1017 684 1151 784 piaculo
1167 710 1245 758 cum
1262 685 1312 758 al·

187 821 259 879 toro
279 802 472 902 coniugium
494 802 599 888 inire,
618 800 751 876 vivente
768 799 882 874 adhue
900 799 1012 899 priore
1029 800 1183 898 coniuge.
1209 800 1252 873 llt
1268 828 1311 874 ne

189 947 277 994 unus
294 921 433 1019 quidem
456 918 621 1017 reperitur
640 918 676 991 in
697 933 766 991 tota
787 916 989 1016 antiquitate
1009 941 1051 990 ex
1070 916 1307 1003 decennibus,

189 1061 333 1135 quorum
361 1034 487 1133 scripta
515 1033 560 1107 ad
588 1058 650 1107 nos
682 1048 929 1132 pervenerunt,
963 1055 1063 1131 quem
1093 1029 1311 1105 divortiorum

190 1150 323 1249 patroni
350 1166 388 1223 ut
412 1174 495 1223 suae
519 1147 705 1222 sententiaa
738 1163 830 1222 certo
855 1148 1021 1221 lasanum
1052 1172 1312 1221 commemorare

190 1266 334 1365 possint.
362 1264 440 1336 Dixi
465 1291 508 1337 ec
531 1266 575 1338 is's
598 1289 737 1362 quorum
764 1265 890 1361 compto
913 1262 959 1334 cd
988 1287 1046 1334 nos
1077 1276 1309 1360 poposceras&

191 1405 291 1464 nam,
318 1393 357 1451 ut
379 1403 441 1452 sao
463 1377 537 1456 loco
560 1378 726 1466 uidimus,
751 1404 814 1478 pro
835 1377 977 1451 istorum
1003 1375 1128 1477 placito
1149 1391 1312 1451 steterunt

191 1494 341 1593 episcopi
356 1492 418 1581 illi,
440 1518 525 1594 quos
538 1509 576 1566 ut
587 1494 728 1591 ignauos
742 1518 782 1567 ao
796 1491 933 1566 dinnao
945 1492 1082 1590 ignams
1095 1491 1180 1590 legis
1193 1494 1314 1566 acriter

191 1607 345 1705 obiurgat
357 1607 540 1706 Origenes,
557 1611 687 1710 quique
704 1607 848 1710 proinde
859 1632 918 1681 eos
931 1607 1054 1681 erroris
1067 1605 1112 1681 ob
1130 1605 1217 1681 hanc
1234 1634 1312 1681 sen-

192 1723 329 1796 teutiam
353 1739 388 1797 et
408 1724 538 1823 praxim
563 1726 685 1822 arguit.
715 1726 798 1797 ltem
823 1721 1009 1796 Pollentius
1032 1721 1077 1795 ad
1102 1749 1204 1823 quem
1227 1749 1311 1798 snos

191 1838 294 1914 libros
307 1839 351 1913 de
364 1839 563 1914 adulterinis
577 1840 745 1937 coniugiis
758 1838 882 1913 direxit
900 1863 930 1911 s.
948 1837 1176 1934 Augamtiuus;
1191 1863 1312 1937 quam·

190 1981 293 2054 quam
311 1981 375 2029 nee
394 1955 426 2029 is
446 1955 581 2054 proprie
598 1956 718 2028 iisdem
736 1955 848 2028 lavore
865 1952 1030 2027 dicendus
1049 1954 1113 2041 sit,
1133 1953 1209 2028 cum
1227 1980 1311 2028 non·

190 2071 257 2144 nisi
270 2070 512 2171 problematica
525 2072 673 2159 ratione,
688 2085 802 2169 atque,
823 2085 861 2143 ut
878 2070 986 2157 aiunt,
1007 2069 1200 2144 academico
1217 2095 1310 2144 more

189 2186 295 2260 dubia
319 2212 383 2261 sua
409 2186 638 2287 proposuerit,
666 2211 755 2286 quae
780 2185 919 2259 discutit
937 2210 976 2258 ac
996 2184 1096 2284 plane
1112 2184 1213 2257 diluit
1237 2185 1310 2283 hip

192 2302 352 2401 ponensis
378 2303 495 2376 doctm
514 2305 628 2399 (20⁰).

265 2416 431 2516 Equidem
449 2416 539 2491 haud
558 2417 674 2514 ignoro
691 2417 871 2492 nonnullos
897 2417 1064 2492 interdum
1083 2416 1184 2492 etiam
1201 2416 1313 2491 catho·

195 2529 280 2603 licaa
304 2532 454 2607 veritatis
480 2548 664 2607 assertores
689 2531 881 2632 aliquotas
907 2532 1061 2633 patribus
1081 2548 1182 2633 atquc
1206 2531 1313 2606 eccle-

194 2646 341 2722 siasticis
367 2642 591 2747 scriptoribus
615 2647 802 2722 contrariae
828 2648 914 2748 parti
940 2646 1139 2734 dimisisse,
1174 2647 1313 2749 perinde

195 2786 235 2834 ao
252 2761 280 2835 si
301 2764 412 2863 reipsa
429 2765 658 2838 adstruxerint
677 2790 780 2839 novas
806 2763 944 2838 ineundi
963 2763 1097 2865 nuptias
1123 2762 1312 2838 facultatem

195 2892 274 2976 post
296 2878 466 2954 adulterae
494 2881 704 2955 eiectionem.
734 2880 772 2952 ld
798 2906 880 2954 sane
904 2880 1053 2953 vidimus
1078 2878 1120 2952 de
1146 2881 1237 2953 Sixto
1264 2905 1314 2952 se

197 2992 318 3077 nansi,
345 2993 387 3066 de
412 2993 619 3096 Tourndyu,
647 2992 860 3082 decollato,
889 2994 932 3068 de
962 2994 1124 3082 Dmiuio,
1152 2994 1309 3096 aliisque.

196 3108 316 3181 Veram
341 3108 376 3180 id
401 3108 522 3182 lactum
552 3136 630 3184 esse
661 3128 742 3210 puto
766 3109 811 3185 ob
835 3129 1052 3211 apparentem
1081 3111 1313 3185 difficultatem

195 3247 299 3321 quum
326 3237 435 3296 textus
460 3249 480 3295 a
505 3250 568 3299 suu
592 3240 747 3299 contextu
773 3224 903 3312 avulsi,
936 3251 976 3300 ac
1002 3252 1061 3325 per
1085 3252 1123 3300 se
1148 3226 1309 3325 spectati,

196 3337 270 3410 sine
296 3354 449 3437 respectu
474 3338 517 3412 ad
543 3365 681 3439 scopum
699 3358 732 3415 et
749 3341 850 3414 finem
868 3341 1035 3428 auctoris,
1057 3340 1226 3440 totiusque
1243 3367 1315 3415 ora·

195 3452 298 3526 tionis
311 3454 432 3526 seriem
442 3455 723 3553 praeseferebent.
738 3453 836 3542 Quod
850 3456 880 3527 si
894 3455 1045 3528 intimius
1057 3454 1193 3529 eosdem
1202 3470 1313 3530 textus

195 3593 264 3640 una
284 3594 359 3642 cum
380 3568 542 3643 relatione
567 3570 609 3643 ad
628 3571 791 3669 integram
809 3570 1015 3656 orationem,
1035 3587 1136 3670 atqua
1155 3570 1313 3645 adiuncta

93 3739 95 3744 .
194 3684 308 3757 omnia
322 3702 547 3784 spectassent,
565 3686 714 3784 prolecto
730 3712 770 3759 ex
788 3712 829 3759 aa
849 3687 1067 3785 persuasione
1078 3688 1309 3760 recessissent.

272 3799 392 3873 Verum
418 3801 586 3902 quidquid
613 3802 655 3876 de
681 3803 746 3877 hoc
772 3804 841 3889 sit,
870 3819 958 3878 certe
987 3819 1046 3877 aut
1073 3801 1233 3877 falluntur
1256 3820 1315 3877 aut

193 3914 308 3989 lallare
324 3916 439 3991 solunt
455 3918 629 3992 doctrinae
648 3920 835 3995 catholicae
861 3919 1046 3994 adversarii
1070 3919 1151 3993 dum
1174 3918 1316 3993 fidenter

96 4097 99 4104 .
192 4027 277 4103 adeo
299 4030 467 4106 allirmant
482 4017 597 4131 plures
619 4059 759 4109 numero
782 4051 894 4135 patres
921 4060 982 4133 pro
1007 4035 1152 4135 perlecto
1170 4034 1314 4111 divortio

267 4251 332 4312 (loo)
348 4253 473 4302 Immerito
491 4254 566 4316 igitur
578 4255 614 4304 lo.
627 4254 770 4305 Gerhardos
790 4268 831 4319 op.
845 4259 870 4306 et
882 4256 929 4306 loc.
942 4256 984 4306 cit
999 4256 1085 4307 intulit
1099 4269 1129 4306 et
1146 4256 1229 4306 dubiis
1240 4268 1313 4320 poco·

192 4327 294 4380 lucibus
315 4330 440 4390 pollentii,
462 4332 548 4383 saltem
567 4332 669 4384 duliam
685 4337 745 4384 tuoe
763 4334 880 4398 tempora
901 4335 927 4384 iu
948 4335 1051 4386 ccclesia
1071 4336 1146 4385 luisse
1167 4335 1305 4386 (Ιοιίιίιιιιιι

192 4422 267 4471 quau
290 4423 482 4475 propugnamus.
