3234 5084
302 430 372 505 tat
450 452 513 505 un
530 451 578 504 111.
599 448 686 502 erar.
702 447 834 503 arram.
849 447 890 500 nr
906 445 1018 502 moos.
1035 445 1131 504 uara.
1148 445 1271 505 crasa.

299 569 509 656 dimittendi,
545 567 606 642 sed
635 582 669 642 at
696 565 834 642 alteram
864 565 1011 642 ducendi
1037 567 1210 682 ⁴licentium
1244 568 1410 658 tribuam,

299 684 393 759 aliud
424 685 456 758 si
486 682 690 772 attribuunt,
724 707 827 783 quam
854 682 946 782 quod
974 683 1059 758 dicit
1088 701 1146 758 aut
1178 684 1302 773 sentit,
1333 688 1410 759 c'um

299 799 456 874 maritum
473 798 589 874 uxoria
605 795 777 874 adulterae
794 794 838 872 ab
856 795 948 873 illius
969 798 1129 875 socictate
1151 797 1326 875 dumtaxat
1350 797 1413 873 ab·

301 915 445 992 solvat.»

766 1080 804 1181 p.
833 1080 919 1153 xlx.

676 1232 713 1282 De
725 1229 870 1280 commuto
884 1228 1039 1293 aquileiensi.

309 1415 312 1422 -
373 1362 527 1451 Quaado
544 1363 609 1437 boc
627 1377 823 1460 argumento
839 1360 976 1460 scripsit
1000 1387 1030 1435 s.
1045 1359 1260 1437 Chromatius
1277 1363 1412 1462 spisco-

299 1505 365 1579 pus
389 1477 608 1579 aquileiensis
633 1479 731 1574 (156)
761 1476 927 1550 habentur
951 1477 1107 1551 Tractatu
1131 1478 1188 1550 tx.
1212 1478 1248 1550 in
1273 1503 1349 1578 cap.
1367 1477 1407 1550 V.

287 1620 329 1678 .⁸·
341 1593 520 1678 Matthaei,
538 1591 598 1665 ubi
616 1592 813 1692 praemissis
832 1591 945 1666 verbis
963 1590 1163 1666 saltatoris:
1183 1591 1235 1665 Ad
1252 1591 1411 1665 duritiam

299 1706 407 1781 cordas
422 1709 524 1782 verm
537 1724 602 1780 etc.
623 1706 658 1778 in
675 1705 766 1781 hune
783 1705 922 1780 modum
931 1706 1166 1808 prosequitur:
1181 1706 1307 1780 allude
1318 1732 1410 1781 nunc

301 1849 369 1896 non
394 1822 560 1900 immerito
584 1820 747 1896 Dominus
768 1847 810 1895 ao
826 1821 977 1896 Salvator
992 1827 1124 1910 noster,
1144 1820 1278 1896 sublata
1293 1821 1353 1896 illa
1368 1821 1411 1894 li-

298 1939 431 2025 centia,
458 1937 617 2037 antiquae
641 1936 891 2014 constitutionis
917 1941 999 2011 suae
1024 1955 1202 2038 praecepta
1230 1951 1406 2012 restaurat.

299 2052 396 2126 lubet
420 2077 566 2153 namque
590 2050 794 2126 matrimonii
812 2068 942 2127 castum
964 2053 1158 2150 coniugium
1180 2051 1409 2127 indissolubili

297 2168 372 2266 lege
397 2167 546 2253 servari,
572 2166 754 2242 ostendens
778 2167 927 2267 coniugii
954 2166 1063 2266 legam
1087 2194 1109 2242 a
1132 2193 1171 2242 se
1195 2193 1272 2243 csse
1293 2166 1411 2269 primi·

286 2297 353 2356 tus
376 2283 576 2356 institutam.
599 2282 676 2384 lpse
700 2281 792 2355 enim
816 2283 883 2357 ait:
906 2282 1001 2370 Quod
1024 2309 1099 2383 capo
1124 2284 1212 2357 lieet
1236 2283 1412 2357 coniunxit

290 2395 332 2471 aa
348 2424 467 2482 mom,
489 2396 579 2472 mmo
593 2422 660 2469 ooo
678 2412 817 2497 separet.
831 2398 907 2486 Quo
923 2398 1014 2473 dicto
1030 2412 1064 2471 et
1080 2397 1252 2497 passivam
1269 2397 1410 2472 ludaeo-

298 2538 371 2586 rum
395 2512 583 2598 licen'tim
607 2525 642 2587 et
666 2510 803 2588 stultam
827 2538 868 2587 ao
883 2511 1112 2587 miserabilem
1135 2511 1409 2588 manichaeorum

297 2628 621 2730 praesumptionem,
649 2628 709 2727 qui
735 2644 862 2727 negant
885 2629 994 2703 allec
1009 2653 1087 2703 esse
1108 2628 1285 2727 coniugia,
1306 2626 1409 2703 buius

297 2743 483 2817 sententiae
500 2742 771 2844 pronuntiatione
787 2741 980 2830 damnarit,
999 2743 1117 2817 dicens
1128 2771 1145 2815 ε.
1157 2757 1293 2841 accepto
1309 2768 1410 2819 som

296 2858 524 2957 [mirationis
540 2882 678 2934 uxorem
695 2881 764 2932 non
776 2854 878 2931 licere
890 2857 1033 2932 dimitti:
1048 2875 1162 2958 aperte
1174 2857 1410 2934 demonstrans

295 2998 373 3046 eum
391 2984 507 3046 contra
523 2970 585 3045 Dei
602 2997 702 3072 agere
717 2970 940 3062 voluntatem,
962 2974 1022 3074 qui
1043 2974 1292 3048 matrimonium
1308 2973 1410 3049 allae

296 3085 451 3159 iunctum·
472 3084 591 3160 illicita
614 3085 749 3161 divortii
767 3086 979 3188 separatione
994 3103 1157 3163 temerare
1174 3099 1407 3190 praesumpse

293 3201 349 3274 rit.
372 3199 467 3275 Unde
492 3227 559 3276 non
583 3202 754 3300 ignorent,
781 3229 884 3305 quam
909 3230 1011 3302 grave
1034 3203 1126 3304 apud
1142 3204 1250 3280 licum
1273 3203 1410 3280 damna·

294 3315 396 3391 donis
419 3317 547 3392 crimen
572 3318 763 3407 incurrant,
791 3319 852 3418 qui
875 3345 938 3420 per
961 3318 1158 3394 effrenatum
1179 3318 1333 3396 libidinis
1353 3345 1409 3396 ro

292 3432 454 3532 luptatam
476 3432 623 3534 (absque
639 3431 871 3509 fornicationis
894 3438 1033 3530 causa),
1052 3434 1206 3512 dimissis
1226 3433 1404 3522 uxoribus,

292 3548 329 3636 in
352 3546 428 3621 alia.
444 3546 562 3622 volunt
586 3549 729 3624 transire
755 3548 924 3646 coniugia.
946 3547 1043 3635 Quod
1065 3548 1192 3624 ideirco
1209 3575 1247 3624 se
1269 3548 1410 3624 credunt

293 3662 432 3762 impune
448 3664 672 3752 committam,
688 3663 770 3765 quia
787 3663 945 3738 humanis
961 3679 995 3737 at
1011 3663 1138 3738 saeculi
1155 3663 1288 3762 legibus
1306 3663 1342 3738 id
1357 3664 1409 3740 ri·

290 3776 391 3850 detur
415 3778 637 3877 permissum,
661 3779 868 3866 nescientes,
893 3778 928 3850 in
951 3777 1016 3853 boc
1032 3805 1071 3853 se
1087 3778 1225 3876 gratius
1242 3805 1283 3854 ac
1298 3779 1408 3877 magis

291 3890 509 3992 delinquere,
524 3893 607 3992 quia
619 3890 786 3970 humanas
798 3894 893 3994 loges
905 3893 1030 3969 divinis
1044 3891 1250 3994 praelerant3
1266 3910 1304 3969 ut
1315 3894 1406 3995 quod

365 4158 431 4222 (tte)
446 4161 483 4212 tta
497 4161 571 4213 huius
587 4161 665 4214 sancti
679 4163 796 4216 tutssstlr
810 4161 885 4226 gaus
894 4165 920 4214 et
930 4163 1028 4228 sculptis
1035 4163 1349 4215 etluetumFoatanintum
1356 4162 1406 4227 epi·

293 4251 362 4302 wop.
378 4251 547 4303 cercyrattcm
566 4242 592 4293 ln
607 4245 729 4295 Etitorte
749 4242 886 4310 ttttermo
904 4243 1068 4308 contutant.
1086 4246 1179 4296 Romae
1199 4248 1269 4296 1111.
1285 4242 1342 4295 libri
1357 4243 1408 4294 aa

292 4330 347 4380 cap.
354 4319 408 4369 act
418 4321 439 4369 t.
447 4321 497 4371 ttec
507 4333 556 4371 non
566 4322 683 4374 bernard.
694 4323 798 4376 btartam
808 4326 845 4373 De
858 4322 950 4375 Rubcls
964 4325 1002 4374 De
1017 4326 1192 4375 maniacam
1201 4321 1324 4375 cretum
1333 4324 1407 4387 aqut·

292 4394 396 4447 measa
412 4401 599 4451 ammonaria
614 4400 768 4456 ttttrrtrottt.
781 4401 928 4464 argentinae
940 4402 999 4463 (sao
1009 4402 1138 4466 venetiis)
1155 4407 1222 4454 mo.
1233 4414 1287 4466 cap.
1297 4407 1326 4453 to
1336 4412 1404 4463 seqq.
