3234 5084
336 416 405 489 lod
478 435 540 487 nn.
557 433 605 486 m.
622 432 709 485 srcr.
724 433 856 485 mrrm.
872 434 913 486 nr
929 433 1041 487 noim.
1057 434 1153 486 nra.
1169 433 1291 487 mmor.

332 555 389 632 rix
412 552 552 627 rationis
576 567 748 649 compotes
771 576 831 626 eos
858 570 935 627 esse
959 554 1096 641 sinunt,
1124 553 1183 653 qui
1209 553 1278 629 illis
1302 553 1380 629 dnoi
1407 580 1447 631 se

334 664 535 770 patiuntur?
551 666 586 738 Si
610 691 709 741 aures
733 665 912 741 occludunt
933 667 1106 756 consiliis,
1134 669 1291 755 monitis,
1318 669 1442 759 minis,

333 783 537 886 quandoque
568 781 669 856 etiam
693 781 826 880 legibus
850 782 962 883 ipsis?
978 784 1013 855 Si
1038 809 1079 857 ex
1104 783 1228 883 impetn
1245 800 1361 882 agant,
1380 809 1445 859 neo

334 897 536 999 resipiscant
563 897 632 972 nisi
657 913 836 998 postquam
861 899 897 971 in
923 923 1059 973 nussam
1076 924 1114 972 so
1130 898 1217 972 ultro
1237 898 1446 974 iniecerunt?

335 1014 453 1088 Nonne
481 1038 569 1113 pens
598 1012 765 1086 innumeri
793 1013 920 1113 ubique
951 1029 1113 1087 terrarum
1149 1039 1249 1088 caeco
1276 1013 1443 1089 eiusmodi

335 1153 450 1203 amore
473 1125 674 1202 insoniunt?
690 1127 779 1224 Ergo
802 1153 847 1202 ne
869 1126 1038 1202 debebunt
1062 1127 1176 1202 omnin
1199 1127 1243 1202 ab
1271 1128 1328 1202 his
1360 1129 1443 1204 inita

335 1240 474 1318 dissolvi
499 1241 677 1341 coniugia,
706 1257 744 1316 ut
774 1240 870 1317 locus
900 1242 997 1318 detur
1026 1242 1234 1341 prudentiori
1265 1243 1446 1319 electioni?

333 1356 472 1431 Accedit
487 1355 579 1430 haud
596 1380 672 1431 raro
688 1371 845 1455 parentes
863 1356 956 1455 ipsos
974 1357 1010 1429 in
1029 1355 1129 1457 culpa
1146 1382 1241 1445 esse,
1256 1358 1347 1457 qnod
1360 1358 1446 1434 inle-

334 1470 413 1546 licia
429 1470 585 1570 coniugia
597 1470 763 1546 ineantur.
779 1471 951 1545 Interdum
963 1472 1052 1545 enim
1066 1472 1230 1571 impedire
1243 1470 1319 1547 illos
1336 1499 1445 1549 nexus

334 1584 529 1685 ooningales
553 1585 769 1674 adnituntur,
797 1585 856 1686 qui
881 1586 1015 1661 beatum
1040 1587 1164 1660 exitum
1195 1586 1375 1677 heberent,
1404 1614 1445 1663 ac

335 1701 425 1777 lilios
449 1717 508 1775 aut
530 1699 620 1775 filias
643 1725 725 1775 suas
750 1701 804 1774 sin
822 1700 934 1775 minus
951 1716 1090 1799 cogant,
1112 1701 1307 1800 pertrahunt
1322 1702 1443 1777 saltem

335 1814 380 1890 ad
405 1814 591 1914 iungendos
609 1815 745 1914 nuptias
763 1839 840 1889 oum
858 1815 927 1889 illis
944 1841 1030 1915 quos
1049 1816 1187 1890 nollent.
1206 1818 1325 1891 Veram
1347 1844 1444 1919 prae-

334 1929 446 2006 valent
470 1929 561 2030 apud
584 1946 739 2031 parentes
764 1929 948 2003 identidem
971 1930 1076 2018 tituli,
1101 1931 1257 2018 divitiae,
1278 1931 1440 2020 honores,

336 2046 571 2145 cognationes,
599 2042 789 2130 clientelae,
813 2045 948 2144 aliaque
974 2045 1009 2117 id
1035 2072 1142 2143 genus
1165 2045 1292 2135 multa,
1317 2046 1445 2147 quibus

336 2160 390 2249 lit,
416 2174 456 2235 ut
480 2160 541 2234 lilii
564 2158 668 2235 uelint
691 2158 817 2246 nolint,
845 2159 990 2235 debeant
1012 2160 1136 2235 ducere
1161 2186 1227 2235 non
1259 2186 1345 2262 qnos
1374 2162 1443 2261 ipsi

336 2291 503 2378 optarent,
524 2274 585 2351 sod
601 2300 689 2376 quos
706 2290 862 2375 parentes
879 2275 1142 2377 praeelegerunt.
1154 2275 1275 2351 Felicia
1288 2303 1331 2351 ne
1346 2294 1445 2353 amnt

336 2389 501 2465 eiusmodi
531 2388 722 2465 connubia?
744 2388 798 2462 Nil
824 2389 951 2464 minus.
976 2388 1042 2464 Sed
1067 2391 1179 2490 potius
1208 2416 1246 2464 se
1274 2391 1443 2466 eiusmodi

336 2504 496 2603 coniuges
514 2528 675 2604 persaepe
693 2517 810 2579 mutuo
828 2519 1077 2604 prosequuntur
1093 2503 1187 2592 odio;
1209 2504 1244 2577 in
1264 2504 1354 2578 rixas
1372 2532 1446 2604 per

338 2635 456 2721 petuas
481 2635 515 2695 ot
535 2619 723 2695 simultates
747 2634 942 2719 erumpunt,
962 2618 1084 2694 exinde
1100 2644 1179 2694 vero
1199 2618 1353 2719 disrupta
1372 2647 1446 2695 ma-

336 2736 510 2825 trimonia,
530 2734 606 2811 lites
631 2752 776 2835 atquae
802 2759 877 2808 eam
902 2751 1089 2834 sequuntur
1113 2734 1201 2809 mala
1226 2735 1440 2833 gravissima.

336 2849 379 2922 Et
402 2866 512 2924 umen
537 2850 604 2948 ipsi
629 2864 804 2948 parentum
821 2849 1029 2936 auctoritati,
1049 2864 1212 2924 eteorum
1229 2875 1373 2951 quorum
1391 2851 1445 2923 in·

340 2977 461 3036 tererat
485 2962 628 3036 consilio
650 2962 801 3037 obsecuti
827 2979 916 3036 sunt.
938 2964 1105 3062 Ergone,
1126 2965 1244 3039 iterum
1267 2966 1438 3052 sciscitor,

336 3076 505 3151 debebunt
528 3076 641 3150 omnia
665 3076 749 3152 haec
774 3078 931 3176 coniugia
956 3080 1079 3179 pariter
1102 3078 1308 3154 dissociari?

415 3192 530 3293 Neque
563 3190 646 3264 illud
678 3192 897 3267 omittendum
929 3210 981 3268 est
1016 3194 1182 3268 interdum
1220 3210 1377 3296 parentes
1410 3211 1444 3271 et

337 3331 478 3408 sponsos
510 3304 632 3407 decipi.
663 3305 794 3381 Etenim
824 3333 891 3381 non
916 3307 1055 3396 desunt,
1087 3307 1146 3409 qui
1175 3324 1213 3381 ut
1241 3307 1284 3382 ad
1309 3325 1442 3409 optatas

337 3423 534 3524 perveniant
550 3422 704 3525 nuptias,
725 3422 833 3497 malas
846 3440 916 3498 tum
930 3423 1091 3524 physicas
1111 3440 1180 3497 tum
1199 3423 1341 3497 morales
1359 3450 1444 3524 qua-

337 3536 448 3611 litates
468 3537 515 3611 ita
535 3536 749 3612 dissimulent
764 3562 805 3613 ac
821 3553 951 3635 tegant,
974 3553 1011 3611 ut
1032 3537 1125 3612 nulla
1141 3537 1270 3611 ratione
1286 3554 1439 3636 pateant,

336 3649 444 3725 donec
468 3649 570 3723 finem
600 3676 697 3727 suum
727 3650 851 3724 luerint
878 3650 1043 3738 assecuti,
1072 3678 1111 3725 ao
1141 3651 1318 3725 recedendi
1348 3652 1442 3724 nulla

335 3765 407 3854 via,
427 3782 460 3840 ct
476 3764 580 3865 pedes
597 3765 750 3865 alaqueo
770 3766 961 3840 retrahendi
980 3765 1093 3841 nullus
1113 3767 1210 3841 detur
1225 3767 1332 3841 locus.
1349 3768 1443 3840 Tunc

336 3905 521 3967 moerores,
550 3880 713 3978 gemitus,
740 3897 893 3981 questus.
914 3881 1066 3956 Attamen
1092 3881 1128 3953 hi
1154 3907 1271 3955 omnes
1296 3906 1444 3955 commo-

336 3995 497 4071 nitionem
519 3995 759 4084 erasmianam,
784 3994 895 4096 quoad
917 3996 1000 4069 eius
1013 3995 1084 4069 lieri
1111 3996 1228 4095 potuit,
1254 3995 1442 4069 executioni

336 4111 557 4199 mandarunt,
587 4136 649 4186 neo
672 4127 783 4185 tamen
812 4110 999 4212 quidquam
1021 4111 1242 4210 profecerunt.
1269 4109 1439 4210 Numquid

336 4238 370 4297 ot
386 4225 460 4299 istis
478 4224 651 4312 omnihus,
678 4224 737 4323 qui
762 4239 851 4298 certe
867 4225 966 4324 pauci
985 4250 1051 4299 non
1069 4240 1166 4313 sunt,
1185 4223 1241 4298 via
1259 4221 1440 4324 aperienda

336 4337 507 4425 divortiis,
532 4352 567 4411 ut
590 4336 730 4413 lelioiori
757 4336 890 4413 loedere
910 4363 948 4413 se
969 4335 1195 4437 coniungant?
1215 4336 1305 4424 Quid
1331 4336 1361 4411 si
1388 4360 1438 4410 so
