3234 5084
287 424 357 494 roo
432 444 494 494 mn.
517 443 565 493 ur.
582 442 669 493 sacr.
691 442 823 495 aarum.
844 442 885 492 ur
903 441 1015 494 marsa.
1032 443 1128 495 ιιιι.
1145 443 1268 497 narrar.

286 562 401 664 quenti
427 563 637 637 nuntiantem
663 577 820 651 accusat,
847 561 940 662 quod
965 578 1057 637 esset
1081 560 1280 637 christiana.
1293 564 1404 664 Atque

286 679 346 753 illa
371 678 509 778 quidem
535 677 649 753 libello
674 679 757 766 tibi,
786 679 985 778 imperator,
1006 678 1119 753 oblato
1134 679 1337 779 postulavit,
1366 697 1406 756 ut

287 796 383 896 prius
403 793 468 867 sibi
490 794 606 868 domni
631 821 714 869 suae
740 794 934 896 prospicere
950 793 1083 881 licaret3
1103 794 1227 869 deinde
1243 794 1405 871 domesti-

286 911 336 983 cis
363 909 464 983 rahus
497 910 694 1011 oompositis
723 936 962 1010 responsuram
986 918 1027 984 se'
1050 909 1270 984 aoousationi.
1294 910 1404 1012 Atque

287 1024 323 1098 id
348 1025 486 1125 qnidam
513 1026 702 1100 annuisti.»

359 1141 409 1212 Ex
433 1140 489 1213 his
513 1140 618 1241 liquet
648 1140 823 1214 mulierem
855 1141 943 1214 hane
968 1168 1005 1215 se
1029 1140 1141 1240 quoad
1174 1166 1328 1213 mensam
1353 1157 1404 1216 to-

287 1280 428 1353 rumque
449 1280 627 1354 separasse
653 1256 696 1329 ab
723 1255 875 1331 adultero
901 1256 1042 1343 marito,
1070 1282 1132 1329 seu
1155 1255 1268 1355 quoad
1295 1271 1404 1330 torum

285 1387 318 1443 et
338 1368 580 1444 habitationem
596 1374 686 1467 (tt),
701 1370 791 1444 hano
811 1371 952 1472 proinde
976 1371 1020 1445 ob
1045 1371 1233 1445 oausamei
1252 1371 1404 1446 libellum

286 1485 419 1585 repudii
443 1485 600 1571 dedisse,
636 1486 782 1560 extamus
813 1486 951 1586 quidem
984 1487 1078 1560 iuxta
1101 1486 1192 1584 legas
1219 1512 1402 1573 romanas,

286 1600 412 1701 quibus
429 1601 610 1675 dissolutio
628 1602 776 1701 perfecta
793 1602 942 1700 coniugii
964 1602 1218 1701 permittebatur
1237 1604 1326 1700 (26),
1342 1602 1404 1676 sod

287 1717 400 1815 quoad
424 1742 474 1804 se,
503 1717 597 1789 iuxta
620 1715 728 1814 legem
753 1716 997 1803 christianam,
1018 1744 1060 1789 er
1076 1718 1173 1792 ouius
1198 1717 1405 1817 praescripto

286 1830 414 1906 licitum
440 1832 577 1932 quidem
602 1849 655 1906 est
679 1859 717 1906 se
741 1831 785 1905 ab
811 1832 962 1907 adultero
988 1834 1186 1932 seiungere,
1208 1848 1404 1906 nouantem

286 1948 383 2020 alteri
411 1946 548 2020 nubere.
574 1946 658 2020 Cum
683 1973 762 2022 vero
787 1947 878 2021 hano
906 1947 1029 2046 agendi
1065 1948 1228 2022 rationem
1253 1947 1405 2021 lustinus

287 2062 423 2160 probet,
444 2061 509 2135 hoe
527 2063 603 2160 ipso
626 2062 725 2136 nobis
746 2064 840 2137 testis
865 2079 918 2137 est
942 2064 985 2137 de
1010 2063 1204 2162 evangeliea
1220 2079 1256 2137 ot
1269 2078 1407 2162 aposto·

286 2175 352 2251 lica
383 2176 535 2250 doctrina
569 2177 660 2251 eirea
685 2177 935 2252 ¹indissolubile
968 2178 1173 2253 matrimonii
1202 2178 1401 2265 rinoutum,

286 2292 459 2367 moechiae
483 2293 585 2365 etiam
610 2294 852 2368 interveniente
873 2294 1013 2392 flagitio.
1163 2298 1166 2303 ’

360 2408 432 2481 Hae
454 2408 582 2483 ratione
609 2409 678 2482 iere
703 2409 771 2482 iam
797 2425 1043 2510 praeoccupata
1061 2427 1158 2498 sunt,
1178 2432 1267 2511 quae
1284 2408 1329 2482 ab
1345 2408 1407 2482 ad-

286 2523 446 2597 versariis
486 2540 704 2623 opponuntur
743 2523 907 2599 adversus
947 2539 1126 2625 utrumque
1165 2524 1404 2600 testimonium.

287 2637 473 2739 Opponunt
490 2640 603 2740 quoad
621 2641 716 2740 prius
734 2641 975 2728 testimonium,
991 2640 1081 2741 quod
1100 2668 1130 2715 s.
1143 2656 1238 2740 pater
1255 2638 1341 2711 nihil
1358 2639 1408 2711 di-

287 2770 341 2828 cat
357 2753 401 2826 de
418 2753 482 2826 viri
500 2754 574 2828 iure
590 2770 748 2853 respectu
764 2755 937 2829 adulterae
953 2757 1042 2851 (27),
1060 2756 1159 2855 quasi
1177 2780 1298 2855 nempe
1316 2753 1408 2851 igno·

287 2870 411 2942 raverit
428 2870 578 2944 lustinus
600 2896 642 2943 er
657 2870 841 2968 Evangelio
862 2898 961 2971 pares
984 2871 1049 2946 hoe
1070 2870 1106 2944 in
1131 2872 1205 2944 iure
1229 2894 1306 2944 esse
1326 2894 1409 2942 oon·

287 2985 405 3081 iuges,
435 3000 533 3083 prout
558 2985 660 3059 etiam
685 2985 915 3061 declaraverat
938 2987 1102 3074 Hermas,
1122 3003 1161 3059 ut
1176 2986 1345 3073 vidimus,
1371 2985 1406 3057 in

287 3125 351 3172 suo
376 3100 523 3172 Pastore.
552 3098 637 3174 Cum
663 3100 802 3202 insuper
826 3128 902 3177 reos
928 3102 1093 3176 adulterii
1110 3102 1262 3175 traducat
1284 3101 1344 3202 qui
1366 3127 1407 3175 ax

288 3216 362 3314 lege
386 3217 557 3305 humana,
582 3218 686 3318 priori
708 3245 813 3294 uxore
838 3220 1002 3306 dimissa,
1022 3217 1160 3292 alteram
1177 3217 1322 3305 ducunt,
1342 3215 1408 3289 hoe

286 3357 364 3432 rpso
388 3358 451 3432 par
475 3334 511 3406 in
535 3350 679 3433 utmque
701 3336 844 3433 coniuge
868 3335 922 3408 ius
947 3334 1093 3433 agnovit.

360 3448 416 3522 Sio
432 3449 534 3523 etiam
551 3450 663 3549 quoad
682 3451 850 3549 posterius
867 3450 1095 3525 testimonium
1116 3449 1240 3523 trustra
1257 3446 1409 3522 animad-

287 3564 387 3641 vertit
402 3564 584 3638 Launoius:
599 3565 691 3639 «Per
706 3563 857 3640 libellum
880 3564 1014 3666 repudii
1041 3563 1131 3665 apud
1153 3564 1319 3637 lustinum
1336 3560 1407 3636 veri

360 3829 411 3893 (25)
426 3834 489 3881 Nam
506 3831 545 3881 rir
563 3831 622 3894 ista,
634 3832 664 3881 ut
673 3831 800 3895 praemisit
816 3832 938 3894 tustinus,
949 3829 1122 3882 Alexandriam
1133 3842 1159 3880 se
1171 3828 1322 3891 oontuiemt3
1334 3839 1409 3891 porro

288 3910 386 3962 infamis
395 3911 449 3961 erat
462 3911 502 3961 hie
512 3911 581 3961 loeus
592 3911 747 3975 voluptatum
763 3912 843 3975 tama,
858 3914 883 3963 et
895 3911 985 3975 quovis
998 3910 1116 3961 vitiorum
1132 3921 1219 3975 genere
1234 3910 1351 3969 notatus,
1371 3905 1410 3956 uti

287 3989 463 4041 animadvertit
476 3990 556 4041 editor
567 3991 693 4041 lemensis
706 3991 799 4041 Theoti.
813 3993 881 4042 Otto.

361 4071 413 4133 (26)
428 4070 501 4128 Quod
509 4070 771 4135 ioataromanasieges
782 4071 912 4135 repudium
922 4068 1018 4120 dederit
1027 4070 1086 4121 haee
1094 4069 1197 4132 mulier,
1208 4066 1297 4119 exinde
1307 4064 1406 4129 mitigo,

288 4150 356 4214 quod
367 4150 478 4200 libellum
489 4151 625 4215 supplicem
632 4151 750 4202 obtulerit
763 4150 917 4215 imperatori,
929 4149 1032 4201 dimisso
1044 4150 1097 4200 viro
1105 4163 1150 4201 suo
1162 4149 1234 4213 legali
1245 4145 1411 4211 redonemur

287 4233 370 4280 autem
388 4243 416 4280 se
435 4229 467 4280 ad
485 4229 567 4294 legum
584 4230 762 4294 praescriptum
784 4230 973 4290 conformasset,
992 4228 1101 4292 protecto
1117 4241 1197 4292 neque
1213 4227 1240 4278 id
1255 4228 1409 4279 fateretuse

287 4312 368 4371 esset,
385 4323 429 4360 nec
446 4309 468 4360 ei
487 4308 621 4375 imperator
643 4311 776 4360 annuisset.

362 4390 411 4451 (27)
427 4392 464 4441 lta
479 4390 560 4441 Brauu
572 4390 635 4442 Dias.
648 4390 690 4441 cit.
706 4392 800 4442 Utrum
816 4391 897 4441 metr.
911 4386 1051 4440 vincutum
1065 4390 1115 4439 etc.
