3234 5084
285 444 459 497 urrunnu
473 442 658 495 nrssmrru.
672 442 1153 506 nmr,noueonsuua.xnr.1v.
1208 425 1279 497 523

163 566 353 663 coniugium
378 579 457 638 ente
480 563 802 639 consummationem
827 562 921 636 alteri
941 565 1113 663 nupserit,
1134 591 1210 639 eum
1228 592 1282 640 ee

163 708 229 781 que
249 678 418 754 carnalem
442 678 598 779 copulam
626 677 793 752 babuerit.
822 680 890 752 Nos
917 678 983 778 ipsi
1008 680 1126 753 eadem
1152 681 1282 755 ratione

163 797 355 896 propositae
379 794 570 894 quaestioni
593 792 896 894 responderemus,
926 794 1008 894 quia
1033 794 1125 869 nulle
1144 795 1283 896 dispen-

118 998 124 1009 ,
162 911 292 987 satione
317 909 578 997 interveniente,
603 909 736 983 firmum
763 924 876 983 manet
897 925 1005 983 ratuni
1022 910 1215 1008 coniugium
1233 911 1283 985 le·

161 1026 280 1124 gitime
304 1051 474 1100 censensu
499 1022 717 1098 celebratum.
747 1023 912 1110 Quaestio
934 1040 1046 1097 autern
1071 1041 1185 1107 nostra
1209 1051 1285 1100 ver·

161 1143 358 1217 satureirca
371 1155 570 1242 potestatem
584 1139 757 1216 Pontificis
774 1140 998 1240 dispensandi
1016 1140 1052 1212 in
1071 1141 1283 1215 matrimonio

162 1273 254 1345 rato,
273 1283 349 1330 cum
367 1257 456 1331 iuste
474 1255 703 1330 intercesserit
718 1281 843 1341 causa,
864 1255 907 1329 de
929 1282 997 1356 que
1014 1254 1203 1329 Alexander
1220 1255 1284 1330 boc

163 1373 198 1446 in
224 1373 357 1448 decreto
381 1398 424 1445 ne
451 1372 592 1446 verbum
622 1372 760 1471 quidem
786 1370 907 1459 bebet,
935 1370 1041 1444 multo
1067 1396 1145 1444 vero
1171 1371 1284 1445 minus

162 1492 336 1591 professus
354 1506 459 1564 estse
476 1490 675 1588 dispensare
687 1514 754 1563 nnn
776 1513 895 1587 posse,
915 1502 953 1560 ut
970 1487 1005 1559 hi
1025 1486 1170 1584 theologi
1188 1504 1286 1561 autu·

161 1621 277 1694 mant;
295 1609 329 1679 3.
342 1604 445 1679 verbe
459 1604 529 1680 illa:
548 1604 706 1691 Quemvis
718 1605 783 1677 olii
792 1604 891 1676 aliter
901 1606 1055 1687 senuout,
1076 1603 1173 1676 aliter
1189 1606 1287 1677 etium

162 1720 399 1821 aquibusdum
419 1719 722 1820 praedecessoribus
746 1721 867 1792 nostris
891 1721 936 1791 sit
960 1719 1139 1818 aliquando
1159 1718 1287 1793 iudico-

161 1854 251 1923 tum,
280 1836 371 1912 baud
394 1837 583 1911 referuntur
603 1836 647 1910 ad
671 1850 869 1935 potestatem
886 1835 930 1909 de
952 1858 1021 1935 qua
1040 1833 1115 1907 beie
1133 1861 1199 1907 non
1217 1836 1288 1932 egit

161 1952 353 2027 Alexander
377 1950 585 2025 dissolvendi
610 1949 759 2047 coniugii
780 1951 864 2039 rati,
886 1949 947 2023 sed
965 1948 1009 2022 ad
1027 1949 1229 2048 peculiarem
1247 1949 1288 2022 il·

160 2065 231 2142 lam
251 2067 465 2166 opinionem,
485 2092 573 2166 quae
591 2065 776 2167 aliquando
793 2066 918 2162 viguit,
942 2091 1113 2166 quamque
1135 2065 1286 2141 nonnulli

158 2183 329 2257 interdum
346 2181 522 2256 Pontifices
536 2181 643 2255 secuti
657 2198 752 2269 sunt,
772 2181 866 2282 quod
884 2208 1007 2282 nempe
1024 2181 1053 2255 si
1072 2180 1195 2255 mulier
1210 2197 1288 2282 post

159 2298 284 2371 initum
304 2324 365 2397 per
388 2323 591 2372 eonsensum
615 2296 728 2371 verbis
746 2296 789 2370 de
806 2298 976 2397 praesenti
994 2322 1193 2397 expressum
1210 2324 1287 2372 curn

161 2413 278 2515 aliquo
291 2414 507 2513 coniugium,
531 2414 588 2488 alii
607 2414 762 2513 nupserit
775 2439 850 2487 cum
865 2441 933 2514 quo
950 2415 1072 2516 copula
1089 2428 1204 2489 secuta
1223 2414 1289 2491 lue

161 2531 225 2619 rit,
251 2547 367 2631 posset
391 2530 577 2607 secundnm
604 2529 696 2603 bunc
720 2531 899 2628 coniugem
926 2531 1081 2605 retinere.
1102 2530 1198 2603 Hanc
1215 2531 1289 2631 opi-

162 2647 299 2722 nionem
325 2647 481 2746 reprobet
501 2646 691 2721 Alexander
716 2647 777 2719 lll.
801 2649 915 2743 (132).
947 2647 1053 2745 lgitur
1078 2674 1145 2720 non
1163 2649 1289 2746 eprepic

163 2762 305 2836 Pontius
330 2761 511 2837 Alexandri
537 2764 596 2836 lll.
627 2763 827 2863 rescriptum
853 2761 1013 2863 expendit
1041 2761 1084 2835 ad
1110 2789 1206 2836 suam
1233 2763 1290 2836 fir·

163 2877 324 2953 mandam
350 2879 571 2966 sententiam,
599 2878 662 2953 sed
686 2906 726 2955 ex
752 2879 934 2979 anticipato
960 2878 1098 2953 iudicio.

240 2993 343 3068 ltlulto
367 2994 500 3083 minus,
521 2993 613 3095 quod
630 2994 803 3069 contendit
828 2996 967 3069 Pontius
992 3008 1026 3068 et
1050 2995 1109 3094 qui
1134 3021 1211 3068 eum
1236 3020 1290 3069 se-

161 3121 332 3206 quuntur,
360 3109 549 3182 continetur
573 3110 608 3181 in
633 3108 711 3182 aliis
738 3109 928 3209 capitibus,
956 3135 1045 3211 quee
1069 3108 1114 3183 eb
1139 3109 1212 3209 ipse
1237 3108 1289 3182 el·
1357 3184 1360 3191 ,

164 3221 323 3320 legentur
348 3250 388 3297 ex
415 3223 569 3298 eiusdem
603 3224 775 3299 Pontificis
808 3224 976 3311 decretis,
1013 3250 1102 3325 quae
1134 3223 1191 3298 bic
1223 3249 1288 3297 nen

166 3337 263 3437 piget
286 3338 490 3413 describere.

245 3539 313 3603 (tsi)
329 3538 388 3590 ldeo
407 3537 474 3603 apud
497 3538 593 3604 aliquos
615 3539 753 3590 invaluerat
774 3538 896 3590 eiusmodi
914 3540 1012 3605 opinio,
1031 3539 1089 3603 quis
1105 3540 1131 3589 in
1147 3540 1222 3591 reteri
1239 3540 1292 3591 inre
1349 3544 1351 3549 “

166 3621 295 3684 receptum
315 3621 382 3682 erat,
403 3621 432 3670 ut
449 3622 532 3670 recum
551 3622 640 3684 copula
661 3620 726 3671 iuter
744 3634 866 3684 sponsos,
889 3633 938 3671 non
956 3621 1005 3671 iarn
1026 3634 1120 3672 meram
1140 3622 1291 3686 sponsalium

165 3698 342 3762 obligadonem
360 3697 460 3761 baberi,
477 3698 522 3749 sed
542 3710 627 3749 verum
644 3698 795 3750 nutrimenti
816 3702 969 3750 contractum
988 3700 1071 3751 locutu
1090 3700 1205 3752 babrrisse
1223 3704 1292 3766 putt-

168 3780 255 3840 retur;
277 3777 413 3829 dummodo
434 3790 493 3828 vera
516 3777 623 3842 copula,
645 3791 695 3828 non
713 3781 810 3830 tantum
833 3780 902 3831 niem
920 3780 946 3830 in
969 3781 1084 3844 copulam
1108 3780 1292 3832 intercessisset.

169 3856 250 3920 idque
270 3870 300 3908 ex
312 3857 526 3923 praesumptione,
545 3859 582 3908 nti
597 3862 724 3922 exponunt
742 3861 898 3925 canonistas,
915 3860 947 3912 de
963 3873 1023 3911 rere
1037 3874 1157 3912 consensu
1175 3861 1207 3911 de
1223 3874 1291 3927 prae·

167 3937 234 3989 renti
253 3936 319 3988 lacto
328 3939 382 4002 ipae
395 3952 519 4005 expresso.
533 3940 612 4003 Atque
628 3939 663 3990 ita
677 3939 757 4003 reipsa
774 3939 900 3992 deeretrun
912 3943 997 4006 postea
1007 3944 1045 3992 ert
1054 3940 1085 3992 ab
1097 3942 1238 3993 mnocentio
1247 3943 1291 3992 iu.

168 4020 196 4067 et
208 4016 326 4080 Gregorio
336 4020 380 4068 ix.
392 4018 418 4069 ln
436 4032 491 4084 esp.
510 4026 545 4070 te.
559 4025 597 4070 to.
610 4021 635 4070 et
647 4026 685 4070 si.
701 4023 739 4070 De
749 4021 927 4084 sponsalibus.
945 4024 999 4072 Hoc
1016 4034 1074 4072 rere
1091 4021 1130 4072 ius
1148 4020 1292 4085 abrogatum

170 4098 210 4147 eat
226 4109 322 4148 aeone.
335 4097 469 4150 tridentino
479 4101 506 4150 in
515 4098 614 4151 decreto
629 4098 660 4150 de
671 4100 725 4151 liei.
735 4113 795 4151 sess.
812 4104 899 4152 xxiv.
911 4114 966 4166 cap.
978 4104 998 4151 1.
1013 4116 1063 4166 quo
1078 4101 1148 4151 irrita
1160 4100 1223 4151 iacta
1235 4104 1295 4152 sunt

171 4177 331 4229 meuimonle
351 4178 512 4232 clandestina.
533 4183 568 4233 Ex
591 4180 699 4246 quedem
717 4181 793 4245 igitur
813 4181 925 4245 ardoris
949 4182 1040 4233 tectum
1058 4184 1113 4244 eut,
1134 4184 1163 4232 ut
1181 4182 1293 4234 nonnulii

169 4259 284 4309 venerint
305 4259 332 4309 in
352 4259 421 4310 illam
442 4263 586 4313 contendam
601 4261 756 4327 reprobatum
772 4261 803 4312 nb
820 4263 889 4313 Alex.
903 4265 946 4313 111.
964 4263 995 4312 rie
1014 4262 1099 4313 valore
1120 4261 1222 4314 secundi
1243 4277 1294 4314 nte·

170 4336 282 4390 trimonii
305 4339 394 4403 coprrla
420 4342 515 4402 murts,
537 4342 599 4394 adeo
618 4345 647 4394 nt
662 4341 729 4395 istud
748 4341 899 4408 praeferrent
922 4340 998 4407 priori
1017 4341 1175 4395 matrimonio
1197 4344 1294 4397 unum

172 4419 227 4469 rato
245 4420 270 4470 et
290 4431 340 4470 non
360 4423 539 4472 consummato.
