3234 5084
329 422 397 495 tta
472 445 533 495 ιιι.
555 443 603 495 ιιι.
620 442 706 495 snos.
728 443 860 494 ursas.
881 443 921 494 nr
938 443 1051 496 tuntas.
1068 443 1163 494 ιιιιιι.
1180 442 1303 495 nuusr.

326 571 364 644 oh
377 572 594 644 ministerium
605 571 868 644 ecclesiasticum.
888 572 1078 672 Numquam
1099 569 1135 643 id
1156 569 1271 645 docuit
1292 586 1351 645 aut
1368 597 1449 645 sen·

326 686 371 760 sit
391 683 548 759 eeclesia.

398 800 500 872 Porro
525 799 555 872 si
581 798 685 874 semel
710 800 896 874 constiterit
919 800 1026 873 Deum
1052 800 1166 900 ipsum
1189 800 1237 873 ita
1261 798 1305 872 de
1329 799 1445 872 matri·

326 916 441 990 monio
454 933 527 991 rato
539 918 756 991 constituisse
769 917 803 990 in
817 917 964 992 savorem
978 916 1193 1017 perfeetionis
1210 915 1443 1013 evangelicae,

323 1031 606 1131 quemadmodum
632 1032 806 1106 constituit
822 1032 866 1106 do
883 1032 1038 1130 coniugio
1056 1030 1244 1106 infidelium
1261 1057 1338 1104 cum
1362 1030 1447 1105 alter

323 1144 368 1218 ad
381 1144 483 1218 fidem
495 1146 717 1235 eonvertitur,
733 1161 893 1221 renuente
915 1147 1018 1221 altero
1036 1146 1110 1220 sine
1121 1146 1325 1247 contumelia
1341 1145 1444 1218 Crea-

324 1258 406 1332 toris
428 1282 506 1333 oum
530 1285 691 1335 conuerso
711 1260 924 1349 cohabitare,
945 1262 979 1332 in
998 1260 1146 1335 levorem
1164 1259 1339 1360 religionis
1357 1260 1447 1334 chri·

322 1374 471 1463 stianae,
500 1375 672 1475 proposita
695 1391 892 1474 argumenta
916 1401 1040 1474 magna
1064 1375 1183 1450 saltem
1210 1403 1251 1450 ox
1278 1391 1374 1476 parte
1403 1401 1447 1449 ex

323 1488 643 1563 seoonoidunt.1ln
663 1489 920 1565 terechristus
944 1490 990 1564 ita
1016 1491 1175 1564 statuisse
1196 1489 1361 1563 dicandus
1378 1490 1443 1578 sit,

322 1605 512 1703 dogmatice
528 1604 666 1706 quidem
690 1631 751 1679 seu
773 1606 959 1704 theologice
975 1605 1099 1706 pendet
1118 1604 1162 1677 ab
1183 1604 1335 1678 examine
1351 1605 1445 1704 qnod

324 1719 533 1794 instituimus
551 1719 758 1810 traditionis,
779 1721 963 1795 scientifice
980 1737 1091 1795 autem
1109 1718 1239 1820 putabit
1254 1744 1296 1792 ex
1307 1719 1445 1794 discus·

323 1834 420 1908 sione
437 1833 700 1923 sententiarum,
728 1860 817 1935 qnae
835 1833 922 1908 inter
938 1833 1110 1932 theologos
1126 1834 1259 1931 vigent,
1286 1859 1444 1933 quasque

325 1950 392 2024 iam
419 1948 608 2048 expendere
633 1949 854 2048 aggredimur·
867 1946 1007 2024 armenio
1029 1950 1238 2050 insequenti3
1258 1949 1371 2050 iisque
1387 1974 1443 2022 ax·

322 2064 464 2164 pensis,
493 2064 683 2166 propositae
707 2063 924 2140 difficultates
949 2064 1189 2141 dissolvamus.

747 2314 958 2373 sustentus
982 2316 1018 2372 ll.

322 2503 365 2565 Its
388 2505 452 2566 tura
476 2519 536 2583 qno
561 2506 779 2568 matrimonium
798 2505 929 2567 fidelium
956 2512 1053 2567 ratum
1072 2513 1103 2566 et
1120 2520 1183 2566 non
1202 2513 1439 2568 consummatum

343 2618 396 2679 par
406 2602 563 2665 munnam
572 2603 721 2684 rellgtonls
730 2602 942 2682 professionem
949 2602 1047 2680 quoad
1058 2603 1208 2666 uinculum
1221 2602 1411 2665 dissoluatur.

394 2840 478 2914 Cum
491 2840 527 2912 in
542 2857 609 2915 tros
622 2841 807 2915 sententias
826 2839 970 2938 theologi
989 2831 1176 2940 partiantur
1191 2840 1281 2914 oirea
1298 2839 1353 2914 ius
1369 2866 1441 2940 quo

320 2954 492 3028 dirimitur
511 2955 707 3054 coniugium
725 2972 854 3043 ratum,
875 2956 974 3044 aliis,
993 2973 1032 3031 ut
1047 2956 1245 3044 innuimus,
1265 2954 1355 3029 hano
1371 2956 1441 3032 dis·

321 3070 522 3146 solutionem
548 3097 589 3145 ex
614 3071 688 3145 iure
719 3071 886 3159 naturali,
914 3072 992 3147 aliis
1018 3100 1059 3148 ex
1084 3074 1157 3146 inre
1180 3071 1434 3162 ecclesiastiea,

318 3186 396 3261 aliis
408 3187 556 3288 denique
568 3212 609 3260 ex
621 3187 695 3262 iure
712 3187 828 3263 divino
845 3187 1085 3288 repetentibus,
1102 3214 1246 3288 eumque
1262 3214 1439 3287 unaquae-

316 3328 383 3404 que
398 3319 432 3379 et
448 3303 522 3378 suis
539 3302 766 3378 fundamentis
783 3304 942 3378 fulciatur
954 3320 987 3378 et
999 3305 1072 3379 suis
1085 3305 1187 3378 etiam
1206 3303 1334 3378 laboret
1345 3303 1439 3377 dilli-

318 3418 522 3509 uultatihus,
546 3444 669 3518 operae
686 3419 830 3520 pretium
848 3418 1005 3494 ducimus
1026 3443 1299 3522 unamquamque
1316 3419 1439 3520 singil-

316 3533 410 3609 latim
435 3535 605 3610 distinotis
631 3534 856 3634 paragraphis
877 3549 1045 3609 excutere.

824 3776 862 3873 g.
894 3775 921 3846 1.

418 3982 455 4031 De
466 3980 566 4031 tllorum
581 3980 751 4045 theologorum
765 3981 887 4032 sententis
901 3981 945 4043 qni
957 3979 1145 4031 dissolutionem
1160 3978 1267 4042 ooniugti
1282 3980 1329 4031 rati

694 4072 724 4110 ex
741 4059 796 4111 lure
807 4059 916 4110 naturali
929 4060 1050 4123 repetunt.

386 4244 503 4322 Plures
523 4246 638 4347 magui
663 4246 811 4321 nominis
832 4245 978 4345 theologi
1006 4246 1087 4320 huie
1112 4245 1319 4333 sententiae,
1346 4244 1434 4319 duee

310 4369 346 4443 h.
358 4369 507 4460 Thema,
524 4372 584 4473 qni
606 4372 746 4449 istorum
760 4385 880 4470 agmen
892 4371 997 4461 duait,
1019 4372 1215 4447 adhaerent.
1237 4369 1307 4447 Hos
1321 4396 1434 4446 reeen-
