3234 5084
345 457 412 526 «lbb
491 478 551 527 tta.
569 477 616 527 111.
637 476 722 526 ΜΤ.
739 476 869 526 nutant,
887 477 925 525 Μ
942 475 1053 525 ΙΝΒΙῦΒ.
1071 475 1165 525 lm.
1183 474 1304 524 cumr.

342 622 382 666 ex
408 592 538 665 illarum
564 592 762 678 annalibus,
790 594 821 664 si
846 618 931 691 opus
955 593 1057 676 leret,
1085 589 1182 664 [acile
1203 592 1368 691 prolerre,
1388 592 1450 665 oed

342 733 417 779 cum
443 707 528 779 alias
553 706 719 780 attulerim
737 722 795 778 aut
813 705 1048 791 indicaverim,
1070 704 1146 778 beic
1162 704 1333 790 abstineo,
1358 731 1451 805 prae-

342 821 456 893 sertim
481 846 557 894 cum
582 821 624 893 de
648 847 684 893 re
708 835 826 917 agatur
849 819 1006 893 omnibus
1031 834 1120 892 nota.
1142 817 1230 890 lllud
1255 820 1368 917 potius
1389 821 1450 891 mi·

341 934 407 1007 rari
434 935 550 1009 subest
573 962 719 1035 quanam
744 936 874 1009 ratione
894 936 1053 1008 Erasmus
1077 947 1190 1032 utpote
1205 933 1259 1006 uir
1274 933 1445 1019 eraditus,

342 1066 375 1123 et
398 1051 452 1123 cui
479 1050 562 1123 haee
586 1066 680 1123 eraut
704 1050 984 1149 compertissima,
1012 1048 1157 1150 potuerit
1173 1047 1216 1121 ad
1237 1048 1446 1122 ethnicorum

342 1164 529 1264 exemplum
553 1190 758 1264 provocare:
792 1190 860 1263 quo
889 1163 1019 1237 scilicet
1045 1162 1257 1260 cognoscitur
1279 1160 1329 1234 nil
1354 1162 1446 1235 aliud

343 1279 408 1352 nisi
428 1280 591 1379 impotens
604 1279 810 1353 desiderium
823 1304 962 1379 scopum
974 1277 1148 1352 obtinendi
1162 1302 1262 1376 quem
1274 1276 1342 1349 sibi
1356 1303 1448 1376 prae·

342 1393 457 1465 fixerat
471 1392 650 1467 vellicandi
666 1392 757 1493 quod
775 1408 889 1467 sancte
906 1393 941 1464 in
959 1391 1100 1465 eeclesia
1116 1390 1235 1491 quovis
1248 1391 1362 1464 seculo
1378 1417 1449 1465 ser·

339 1522 453 1580 vatum
477 1523 550 1594 est,
570 1508 613 1581 ab
631 1534 738 1608 caque
755 1509 853 1582 toties
871 1506 1089 1581 constitutum
1107 1505 1199 1578 iuxta
1220 1504 1447 1601 evangelicam

338 1639 374 1695 ct
397 1621 616 1722 apostolicam
640 1622 839 1696 doctrinam.

412 1735 547 1809 Falsum
573 1751 742 1835 praeterea
765 1734 800 1807 id
818 1738 929 1836 ipsum
947 1735 1068 1833 agendi
1086 1734 1187 1818 ratio,
1208 1759 1296 1832 quac
1307 1734 1446 1832 'passim

339 1849 429 1946 viget
444 1849 535 1948 apud
552 1864 791 1949 protestantes,
812 1847 995 1921 luculenter
1010 1846 1168 1922 ostendit,
1186 1844 1268 1919 Cum
1285 1847 1375 1919 enim
1393 1872 1447 1920 se-

340 1962 405 2034 mel
430 1964 554 2036 ostium
579 1978 730 2061 apertum
755 1978 846 2035 esset
869 1961 1023 2035 divortiis
1041 1960 1210 2060 perpetuis
1227 1960 1272 2034 ob
1288 1959 1445 2032 adulterii

340 2078 483 2164 crimen,
512 2075 601 2150 illico
626 2078 661 2148 in
686 2102 847 2176 praeceps
872 2091 1025 2161 ruerunt,
1043 2100 1232 2174 causasque
1248 2074 1448 2185 multiplica·

340 2208 418 2264 rant
434 2190 535 2277 adeo,
555 2190 664 2264 utrix
681 2190 772 2291 apud
790 2189 866 2265 illos
884 2191 1132 2264 matrimonium
1145 2189 1250 2263 ullum
1269 2190 1441 2264 subsistat.

339 2305 520 2403 specimini
545 2307 614 2379 sint
637 2330 726 2405 quae
750 2306 887 2404 scripsit
910 2306 1056 2380 bucerus
1083 2306 1149 2380 sub
1165 2306 1251 2405 ipsis
1269 2307 1316 2378 ita
1336 2305 1446 2379 dictae

339 2420 584 2495 reformationis
602 2420 720 2495 initiis.
737 2420 821 2494 Cum
834 2422 924 2496 euim
942 2420 1054 2520 plures
1065 2438 1294 2496 enumerasset
1309 2420 1445 2495 divortii

339 2560 459 2608 causas
484 2532 671 2608 concludit:
687 2534 804 2610 «Haec
828 2534 1009 2608 adserenda
1026 2535 1083 2608 hic
1100 2536 1214 2633 putari
1231 2534 1275 2609 ad
1292 2561 1367 2609 eam
1388 2562 1448 2609 ex·

339 2649 530 2749 plicandam
555 2650 804 2750 quaestionem,
833 2676 914 2724 num
939 2649 1076 2725 concedi
1094 2676 1115 2724 a
1136 2649 1332 2725 christianis
1354 2650 1447 2749 prin·

339 2765 472 2863 cipibus
497 2780 530 2837 et
554 2766 875 2865 rerumpublicarum
899 2765 1163 2839 moderatoribus
1187 2766 1311 2864 possit,
1334 2764 1447 2840 divor·

340 2880 423 2952 tium
448 2880 578 2965 lacere,
609 2897 643 2952 ct
670 2879 714 2954 ad
742 2880 864 2954 alteras
893 2881 1036 2954 transire
1061 2880 1213 2979 nuptias,
1243 2879 1318 2953 aliis
1343 2906 1444 2981 quam

338 2993 567 3065 fornicationis
593 3009 627 3065 et
650 2994 757 3094 stupri
781 2993 823 3067 de
848 2995 972 3068 causis.
988 2995 1038 3066 Ex
1062 2993 1187 3094 quibus
1211 2993 1385 3081 omnibus,
1415 2997 1443 3069 si

338 3106 451 3178 omnia
476 3104 536 3179 rita
560 3122 593 3180 et
616 3133 658 3179 cc
681 3108 776 3179 aerbo
800 3108 865 3181 Ilei
892 3108 1137 3208 panderentur,
1167 3107 1251 3181 satis
1282 3106 1440 3208 liquebit,

339 3220 521 3307 neminem,
551 3246 613 3294 nec
636 3220 744 3295 virum
768 3247 830 3295 uec
847 3222 1037 3310 mulierem,
1057 3223 1112 3295 aui
1130 3245 1217 3319 opus
1234 3221 1280 3295 sit
1294 3221 1338 3295 ad
1359 3221 1444 3296 bene

338 3348 496 3433 castaque
513 3333 691 3408 vivendum
707 3335 865 3432 coniuge,
886 3361 926 3409 ac
942 3336 1083 3433 coniuge
1099 3333 1329 3423 cohabitante,
1343 3352 1446 3435 atque

338 3448 484 3545 coniugii
502 3447 613 3522 officia
631 3450 821 3523 necessaria
838 3449 995 3537 faciente,
1017 3448 1185 3549 prohiberi
1207 3448 1344 3536 debere,
1361 3451 1442 3550 quin

337 3563 389 3635 vir
413 3562 514 3636 talem
537 3578 677 3662 quaerat
700 3590 835 3637 uxorem
860 3580 894 3637 et
917 3562 1054 3650 babeat,
1082 3579 1116 3635 et
1140 3562 1260 3636 mulier
1276 3562 1376 3636 talem
1397 3564 1444 3636 vi-

337 3705 432 3765 rum,
462 3680 492 3751 si
517 3678 763 3778 deprehensum
788 3694 822 3752 et
845 3680 989 3753 evictum
1005 3680 1051 3753 sit
1067 3681 1155 3773 (cic),
1175 3676 1227 3752 vel
1244 3678 1370 3781 uirum,
1389 3682 1444 3752 cui

338 3796 396 3894 pia
420 3795 540 3869 mulier
564 3811 668 3894 nupta
694 3795 772 3882 luit,
799 3794 852 3868 vel
870 3794 1060 3882 mulierem,
1081 3820 1183 3895 qnam
1200 3794 1253 3868 rir
1269 3795 1346 3893 pius
1363 3820 1444 3869 uxo-

338 4000 447 4050 ctbnieas
465 4000 576 4049 uttoucs
592 4012 676 4050 omnes
691 3999 790 4064 scripsit
804 4001 843 4051 ret
859 4000 911 4063 ipsc
927 4002 967 4049 to:
982 3999 1123 4050 Gerbardua
1138 4014 1178 4064 op.
1195 4000 1239 4050 att
1257 4001 1315 4050 Lac.
1333 3998 1442 4062 tbcotaq.

336 4081 395 4129 boc.
404 4082 490 4129 xxvi
502 4085 592 4144 capx.
604 4082 663 4131 scot.
676 4081 805 4130 ittarta
814 4079 904 4129 mamb.
917 4086 941 4129 t.
950 4079 974 4144 ς.
985 4084 1039 4130 597.
1052 4083 1077 4129 et
1088 4085 1142 4130 598.
1151 4078 1195 4129 ubl
1203 4079 1275 4143 ptura
1288 4079 1444 4141 autiqumum

339 4159 491 4222 amantur
501 4160 548 4210 bac
557 4160 589 4210 de
601 4174 626 4211 re
636 4160 788 4222 testimonia,
800 4159 933 4222 exquibus
949 4159 1003 4209 luca
1015 4158 1150 4210 meridiana
1166 4158 1258 4209 alarias
1272 4160 1340 4222 patet
1351 4171 1402 4221 quo
1413 4170 1443 4208 ar

337 4238 458 4289 cluam
471 4239 586 4291 trctlttate
600 4242 744 4305 parentum
759 4239 840 4291 merit,
851 4240 917 4289 Haec
932 4239 1071 4289 tattmuta
1089 4237 1228 4289 exblberem
1244 4237 1291 4288 nisi
1308 4239 1388 4289 enuit
1401 4249 1443 4286 no

335 4318 438 4369 anna.
448 4321 479 4368 et
493 4322 574 4371 tamea
585 4306 700 4372 aramus
714 4332 789 4370 auaar
805 4323 843 4369 est
857 4318 1066 4369 commarca
1075 4331 1206 4381 quassans
1218 4317 1346 4368 conam
1360 4316 1442 4368 matri·

338 4398 422 4448 monio
438 4398 516 4449 bonos
528 4402 535 4450 t
549 4420 561 4442 υ
