3234 5084
352 434 422 488 ur.
434 432 467 484 v.
478 431 521 484 nr
536 429 647 485 scum.
663 430 791 487 nrm.
807 431 941 487 urus.
957 431 1029 487 ur.
1041 431 1078 485 11.
1201 410 1272 484 stc

162 572 287 643 tractus
312 569 346 627 et
369 550 496 626 vinculi
522 551 673 652 perpetui
692 577 760 652 que
779 550 992 650 colligantur.
1014 549 1176 638 Quamvis
1192 575 1274 628 vero

162 697 203 745 ex
227 665 494 744 accidentalibus
518 666 632 740 causis
657 665 716 741 illa
744 665 921 740 individua
948 665 1038 741 vitae
1066 665 1273 742 cousuetudo

162 787 205 861 de
229 785 316 860 lactc
342 781 564 883 impediatur,
591 780 762 856 vinculum
781 797 893 855 tamen
909 781 1000 881 qued
1018 796 1177 882 perpetue
1193 807 1274 857 cou-

162 903 256 1000 iuges
281 914 398 973 mutuo
422 897 571 971 devincit
594 898 753 970 intactum
778 911 962 996 permanet.

233 1017 284 1088 Ex
313 1013 369 1087 his
398 1012 465 1086 iam
496 1010 789 1113 intelligiturque
819 1037 922 1087 sensu
952 1011 1073 1085 dixerit
1096 1011 1271 1087 Christus:

164 1128 259 1217 Quod
288 1127 376 1199 Deus
404 1127 594 1209 cmvicrteit,
628 1126 718 1197 home
745 1152 811 1197 ccc
837 1139 982 1224 arpenn
1003 1124 1161 1197 nimirum
1189 1123 1274 1201 haec

162 1243 267 1319 verba
290 1240 428 1342 protulit
451 1238 607 1313 Christus
631 1239 675 1313 de
690 1239 826 1314 vincula
843 1241 939 1339 ipsc;
959 1238 1050 1339 quod
1067 1265 1144 1313 cum
1161 1264 1182 1313 a
1201 1240 1273 1316 Deo

163 1360 225 1447 sit,
253 1357 372 1458 nequit
395 1356 508 1443 homo,
527 1355 660 1429 vivente
684 1370 827 1455 utroque
851 1355 1009 1452 coniuge,
1029 1353 1113 1429 illud
1131 1354 1275 1429 dierum·

163 1498 244 1574 pere
267 1488 326 1545 aut
349 1467 549 1557 dissolvere,
576 1493 643 1544 nen
668 1483 779 1543 auum
804 1468 848 1542 de
871 1467 1119 1545 cohabitatione
1135 1485 1194 1543 aut
1210 1468 1273 1545 tori

162 1585 416 1673 communione3
437 1584 589 1684 alioquin
615 1583 712 1659 toties
738 1584 839 1659 homo
864 1599 1035 1685 separaret
1062 1583 1152 1684 quod
1180 1583 1273 1659 Deus
1314 1590 1317 1595 ⁴

163 1700 357 1787 coniunxit,
388 1699 522 1800 quoties
550 1697 712 1795 coniuges
742 1697 886 1773 invicem
917 1696 1140 1772 discederent.
1167 1698 1272 1773 lmmo

162 1843 242 1892 vere
257 1841 298 1890 ex
314 1814 370 1888 his
394 1814 559 1889 discimus
577 1839 644 1888 non
661 1812 816 1914 abrumpi
837 1812 1025 1903 vinculum,
1045 1812 1200 1913 quame
1220 1813 1274 1886 di·

162 1932 306 2008 vortium
332 1929 445 2032 quoad
471 1945 579 2005 terum
605 1927 677 2004 eive
694 1928 818 2005 iustum
835 1929 909 2003 eive
926 1927 1088 2002 iniustum
1105 1926 1179 2001 lieri
1196 1951 1273 2002 con·

163 2049 280 2148 tingat.

235 2164 308 2237 Nan
333 2185 473 2262 possum
499 2160 555 2236 hic
579 2185 634 2235 me
658 2159 815 2236 cohibere
839 2160 883 2236 ab
907 2175 1096 2262 oppeduna
1123 2157 1273 2235 animad-

163 2278 340 2364 versione,
359 2302 446 2378 quae
471 2302 535 2352 sue
557 2275 662 2351 veluti
687 2292 809 2377 sponte
825 2276 946 2352 exinde
962 2276 1149 2363 enascitur,
1168 2301 1272 2376 quam

164 2417 285 2491 nempe
308 2390 429 2480 labile,
457 2391 526 2468 inre
549 2408 583 2465 et
600 2391 827 2492 perniciosum
845 2407 995 2493 systema
1012 2405 1207 2469 novatorum
1227 2389 1273 2464 sit

164 2505 207 2580 de
231 2506 352 2606 spiritu
377 2506 507 2606 privato
524 2506 559 2580 in
576 2506 836 2606 interpretandis
853 2507 1056 2607 Scripturis,
1077 2521 1111 2581 et
1126 2528 1194 2607 quc
1210 2503 1272 2579 hc-

162 2620 273 2698 mines
297 2620 399 2697 ducat
419 2623 508 2718 (30).

651 2756 689 2855 p.
718 2755 777 2829 111.

337 2887 455 2939 necuter
470 2885 502 2940 de
516 2886 625 2939 dlrcnlc
639 2888 724 2952 quand
735 2890 819 2940 turum
834 2888 860 2939 ct
873 2886 1095 2951 cobabltrtlcncrc,

313 2968 426 3019 manente
439 2967 554 3032 vinculo,
570 2980 586 3018 ι
601 2968 673 3019 terttr
688 2970 748 3020 uota
762 2966 960 3021 tmmcrclttctts
974 2965 1123 3019 vtndlcatur.

236 3121 373 3198 Asserta
404 3122 566 3199 ecclesiae
597 3124 749 3200 doctrina
772 3126 874 3200 etiam
901 3142 1072 3227 tamquam
1105 3123 1271 3199 honestati

163 3264 294 3315 merum
318 3237 462 3312 exitialis
487 3238 678 3338 impetitur,
707 3267 747 3315 ee
771 3242 863 3342 quod
887 3268 928 3316 ex
952 3267 1021 3315 une
1044 3255 1139 3339 parte
1163 3239 1272 3313 indis·

164 3354 405 3431 selubilitatem
424 3369 547 3430 statuat
567 3354 693 3429 vinculi
714 3357 925 3455 coniugalis,
947 3382 987 3431 er
1004 3355 1109 3429 altera
1125 3379 1205 3429 verc
1217 3353 1272 3427 di·

162 3470 306 3545 vertiam
320 3469 488 3570 pcrmittat
506 3485 660 3545 manente
677 3469 824 3551 vincula.
849 3471 971 3546 Contra
989 3495 1068 3545 vero
1087 3468 1271 3544 adversarii

163 3599 201 3658 ut
216 3585 306 3658 vitae
326 3584 490 3659 honestati
512 3586 736 3686 prospiciatur
755 3586 955 3662 solutionem
973 3584 1099 3660 vinculi
1120 3582 1268 3670 vellent,

164 3724 232 3799 que
256 3697 342 3773 liber
367 3699 480 3775 aditus
504 3716 632 3801 pateret
654 3701 698 3776 ad
724 3698 810 3778 alius
835 3702 971 3802 nuptiae
996 3699 1178 3787 ineundas,
1198 3698 1272 3773 nol·

165 3810 235 3888 lent
257 3830 368 3888 autem
394 3814 574 3890 divortium
596 3831 751 3891 manente
769 3816 923 3905 vinculo,
942 3841 986 3891 ne
1002 3815 1087 3889 dura
1104 3814 1273 3889 continen-

235 4059 581 4132 (toletanensem
596 4067 845 4132 nummum
860 4062 1272 4130 exegtttncurlnumdctrcctue

163 4140 1271 4210 msmcoemmrrussvat,trquomsotmnatnotecttmtlvoel

162 4219 200 4271 tat
221 4220 664 4278 manutenementum
679 4221 1271 4291 mentiouednbtrvttnmtntvltsttltucl-

161 4297 240 4364 linger
254 4302 293 4352 ια
307 4299 437 4366 rem,
452 4316 500 4357 ron
513 4304 725 4373 mammone
738 4303 878 4368 Μένων,
894 4316 959 4358 rere.
971 4316 1003 4357 ex
1018 4304 1101 4357 Germ.
1113 4302 1183 4356 Μ
1199 4306 1270 4357 rste.

160 4379 396 4446 tumltprwtt.
