3234 5084
335 440 406 513 332
488 460 551 511 m.
571 459 620 511 ιιι.
643 458 731 511 secr.
752 458 884 510 utrem.
904 456 1182 511 uniuersam.
1204 458 1325 512 cumn.

336 607 403 655 non
431 576 643 658 moechatur:
672 578 869 652 moechatur
891 593 1021 652 autem:
1055 576 1166 651 aliena
1189 584 1242 652 est
1265 587 1367 677 ergo,
1394 577 1452 652 cni

335 696 506 770 miscetur.
530 687 637 769 Porro⁴
648 694 677 768 si
696 692 806 768 aliena
825 710 898 780 est,
925 693 990 767 hoo
1014 709 1084 781 est,
1104 692 1178 767 eius
1190 718 1211 766 a
1223 719 1291 793 qua
1307 693 1454 767 dimissa

334 824 403 897 eet;
423 810 554 882 etiamsi
564 822 699 907 proptor
714 809 942 910 septentrionis
958 833 1093 881 oausam
1112 806 1255 881 dimissa
1279 823 1347 895 est,
1370 833 1455 881 non·

333 923 416 998 dum
447 924 628 998 emittentis
655 950 738 998 uxor
766 950 844 998 esse
874 924 1030 999 cessavit.
1055 924 1091 997 Si
1117 939 1228 997 autem
1258 922 1350 997 illius
1375 949 1453 997 esse

333 1039 496 1128 cessauit,
517 1039 586 1111 iam
603 1037 716 1113 huius
730 1055 782 1114 est
805 1039 860 1114 oui
886 1039 980 1112 altc'ri
1003 1039 1139 1140 nupsit3
1160 1054 1193 1112 et
1210 1038 1240 1112 si
1257 1037 1361 1111 huius
1378 1053 1447 1125 est,

333 1180 401 1229 non
427 1153 589 1228 moechus
614 1154 817 1229 iudicandus
839 1171 910 1244 est,
931 1154 992 1228 sed
1011 1153 1165 1228 maritus.
1186 1152 1252 1226 Sed
1277 1153 1359 1254 quia
1382 1177 1451 1226 nun

334 1295 411 1343 eum
436 1269 594 1342 meritum
619 1268 701 1344 dicit
723 1270 915 1370 Scriptura,
938 1269 998 1345 sed
1023 1268 1225 1357 moechum
1254 1268 1367 1342 adhuc
1392 1266 1451 1341 illa

334 1383 426 1458 illius
444 1400 514 1472 est,
536 1410 642 1484 aquo
658 1383 760 1458 etiam
785 1411 886 1458 cuoso
911 1385 1139 1485 fornicationis
1162 1383 1293 1456 abiecta
1315 1399 1378 1457 est.
1406 1382 1451 1456 llt

332 1498 408 1573 ideo
425 1524 674 1600 quamcumque
698 1500 799 1573 etiam
826 1501 901 1601 ips'e
927 1500 987 1575 illa
1010 1500 1154 1575 dimissa
1175 1498 1268 1573 ducit
1286 1509 1423 1573 uxorem
1436 1535 1454 1586 ,·

332 1615 414 1716 quia
439 1640 516 1689 cum
541 1612 651 1688 slieno
676 1615 795 1690 marito
821 1616 1029 1705 concumbit,
1050 1614 1202 1689 adultera
1225 1629 1277 1688 est
1301 1615 1446 1711 (172).»

404 1728 477 1804 Lib.
498 1731 542 1802 ll.
560 1730 708 1805 excludit
733 1758 763 1807 s.
779 1732 902 1807 Ductor
926 1731 1141 1807 difficultates
1157 1758 1179 1805 a
1196 1730 1358 1804 Pollentio
1375 1755 1450 1830 pro·

332 1845 480 1945 positas,
501 1860 538 1918 ut
555 1844 746 1919 ostenderet
771 1846 972 1919 adulterium
994 1845 1092 1921 morti
1118 1871 1194 1920 asse
1223 1844 1449 1945 aequiparan-

331 1960 431 2048 dum,
467 1985 536 2060 quo
567 1964 670 2035 sensu
701 1960 890 2060 exponebat
914 1960 998 2035 illud
1023 1960 1194 2062 Apostoli:
1222 1960 1345 2035 Mulier
1368 1961 1448 2034 olli-

329 2089 410 2175 poto
435 2088 483 2147 oct
511 2075 592 2172 lupi,
617 2089 737 2174 quanto
765 2077 979 2174 temporavit
1002 2077 1072 2149 eius
1094 2078 1180 2149 vivit
1203 2080 1283 2164 etc.;
1304 2101 1450 2176 cumque

331 2190 515 2265 absurdam
532 2189 704 2291 mentique
715 2190 867 2292 Apostoli
885 2191 1086 2266 contrariam
1103 2190 1270 2266 eiusmodi
1287 2191 1448 2292 interprc

331 2304 490 2378 tationem
503 2303 729 2403 patefecisset,
746 2302 918 2379 concludit
931 2302 1197 2402 sdugustinus:
1213 2305 1331 2379 «llaec
1343 2305 1449 2381 verbe

330 2418 483 2518 Apostoli
502 2419 623 2492 totiens
641 2420 794 2519 repetita,
815 2420 937 2494 totiens
955 2418 1139 2507 inculcata,
1159 2444 1239 2493 uera
1255 2420 1448 2509 aunarius

329 2550 431 2624 sunt,
453 2560 539 2607 sana
559 2550 658 2623 sunt,
679 2534 782 2635 plana
805 2550 896 2609 sunt.
917 2533 1050 2608 Nullius
1072 2535 1138 2609 riri
1160 2535 1355 2636 posterioris
1372 2541 1447 2611 mu·

331 2649 395 2724 lier
406 2675 491 2724 uxor
502 2675 580 2724 esse
596 2649 731 2751 incipit,
748 2649 816 2724 nisi
830 2650 953 2751 prioris
965 2675 1041 2724 esse
1054 2649 1224 2726 desiverit.
1237 2649 1324 2726 llsse
1335 2667 1446 2727 autem

330 2764 464 2840 desinet
487 2764 571 2839 nior
595 2765 738 2865 prioris,
759 2766 791 2839 si
813 2764 975 2839 moriatur
993 2766 1047 2840 vir
1069 2765 1165 2854 sius,
1193 2792 1260 2841 non
1286 2767 1316 2841 si
1342 2767 1447 2842 iorni·

330 2895 436 2954 cetur.
452 2879 556 2955 licite
581 2880 695 2980 itaque
719 2879 899 2955 dimittitur
915 2881 1061 2956 coniunx
1077 2880 1121 2954 ob
1137 2906 1275 2956 eausam
1301 2881 1445 2958 fornice-

332 2994 455 3082 tionis;
472 2995 534 3069 sed
555 3011 668 3068 manet
691 2995 863 3070 vinculum
886 2995 1029 3096 prioris,
1055 2998 1296 3097 propterquod
1313 2997 1445 3072 fitreus

333 3107 511 3198 adulterii,
532 3109 592 3210 qui
609 3108 785 3186 dimissam
812 3110 945 3185 duxerit
968 3110 1069 3185 etiam
1086 3109 1130 3185 ob
1146 3136 1285 3186 causam
1302 3111 1446 3186 lornica·

330 3225 432 3301 donis
448 3228 587 3324 (libyn

402 3339 486 3415 Cum
512 3358 680 3444 nequeant
704 3344 890 3419 adversarii
915 3345 1000 3419 haee
1024 3343 1110 3419 aden
1136 3346 1314 3446 perspicua
1329 3345 1445 3443 dugu-

328 3458 408 3533 stini
434 3459 626 3534 testimonia
648 3458 803 3550 eludere,
829 3460 992 3535 indirecte
1018 3460 1136 3536 saltem
1162 3460 1345 3535 moliuntur
1369 3462 1451 3535 sins'

328 3576 559 3650 auctoritatem
581 3575 646 3650 hac
670 3575 705 3648 in
730 3602 767 3650 rs
793 3576 1009 3651 imminuere.
1025 3575 1129 3650 Aiunt
1147 3575 1262 3676 itaque
1279 3577 1314 3648 1.
1330 3575 1445 3673 dugu-

327 3690 455 3764 stinum
473 3690 587 3790 ipsum
603 3690 639 3761 in
657 3716 720 3764 sua
737 3690 905 3765 sententia
917 3690 1057 3764 dubium
1071 3715 1112 3765 ac
1121 3690 1302 3791 ancipitem
1316 3690 1440 3779 luisse,

327 3830 368 3879 eo
385 3804 478 3906 quod
493 3805 528 3877 in
546 3804 613 3878 hoc
630 3805 706 3904 ipso
722 3803 766 3877 de
782 3806 951 3904 coniugiis
968 3805 1167 3880 adulterinis
1182 3831 1284 3905 opere
1300 3804 1443 3905 scripse·

327 3920 388 3994 rit:
414 3920 505 3993 «His
531 3919 578 3992 ita
600 3945 660 4018 pro
685 3945 759 3994 meo
783 3921 921 3995 modulo
946 3923 1159 4021 pertractetis
1182 3936 1283 4021 utque
1308 3920 1443 3995 discus·

327 4036 403 4123 sis,
438 4035 670 4137 quaestionem
701 4054 812 4110 tamen
837 4036 880 4109 de
904 4037 1071 4134 coniugiis
1102 4035 1378 4113 obscurissimum
1409 4052 1445 4110 et

326 4149 632 4250 implicatissimam
643 4176 722 4226 esee
734 4177 800 4226 non
814 4152 940 4228 nescio.
956 4153 1024 4228 Nec
1036 4151 1145 4229 audeo
1162 4151 1311 4253 profiteri
1324 4176 1445 4227 omnes

399 4317 465 4381 (ιιι)
480 4317 544 4370 lbtd.
557 4332 611 4384 esp.
622 4322 675 4372 ιιι.
686 4333 711 4371 n.
729 4326 766 4372 ts.
776 4320 888 4372 catast.

397 4397 464 4462 (ιιι)
480 4396 879 4466 canissuspensus
