3234 5084
302 418 425 469 canu.
438 418 478 467 nr
495 415 573 467 nrss.
586 417 681 467 ιιιιιι.
694 416 776 479 serr,
792 414 856 468 sos
870 414 1031 469 cosmus.
1046 417 1117 469 mr.
1129 417 1178 471 m.
1241 396 1308 469 ttt

205 535 255 610 les
272 535 307 608 in
324 535 407 608 uotis
428 534 502 608 suis
526 547 561 607 et
583 533 619 606 in
642 532 771 634 praxim
796 533 983 607 deducendi
1008 532 1073 608 hoc
1097 533 1310 635 privilegium
1348 578 1357 595 ·

207 649 243 723 in
266 647 403 723 casibus
429 645 708 749 particularibus,
725 661 763 720 ut
782 646 896 721 omnia
918 646 1071 721 ordinate
1095 648 1231 737 liment,
1255 675 1311 724 ce·

202 763 306 839 closis
329 789 389 865 pro
412 760 556 837 diversis
581 788 691 835 rerum
708 787 749 836 ac
770 776 956 860 temporum
982 761 1150 837 adiunctis
1172 763 1220 837 ita
1240 789 1311 839 rem

202 877 416 979 temperarit,
436 892 477 950 ut
491 902 531 951 ex
547 902 616 951 una
639 891 734 976 purte
757 875 822 950 hoc
846 875 1058 977 privilegium
1079 876 1243 953 obtineret
1262 878 1312 954 el·

202 992 345 1079 meum,
368 1019 410 1066 en
427 991 533 1067 altera
553 1017 633 1066 nero
657 1006 868 1092 praecaveret
893 990 1043 1080 ebusus,
1070 992 1129 1093 qui
1154 1018 1193 1068 ex
1218 1009 1312 1094 parte

202 1109 407 1209 privatorum
431 1107 571 1207 gliscere
591 1134 631 1182 ac
654 1107 815 1209 obrepere
836 1121 999 1208 poterant.
1014 1106 1111 1180 luxtu
1134 1105 1199 1181 hnc
1222 1110 1311 1209 prin-

202 1223 329 1324 cipium
354 1220 498 1296 ecclesis
521 1221 713 1310 constituit,
732 1237 772 1294 ut
786 1219 931 1296 dirersis
949 1218 1154 1323 temporibus
1178 1219 1311 1298 diversa

202 1336 367 1413 obtineret
390 1336 584 1438 disciplina.
1277 1414 1286 1428 ,

273 1454 357 1528 Nam
381 1453 526 1555 primurn
550 1450 703 1554 probavit
726 1449 985 1525 dissolutionem
1005 1450 1154 1549 coniugii
1171 1451 1234 1526 rati
1251 1478 1312 1553 per

91 1572 96 1583 “
200 1565 309 1642 solum
334 1568 524 1642 discessum
547 1566 740 1642 alterutrius
766 1566 1013 1654 contrahentis,
1033 1566 1093 1669 qui
1115 1591 1191 1640 sese
1210 1565 1313 1642 vellet

201 1700 361 1783 perpetua
385 1682 610 1770 continentia,
631 1696 733 1783 atque
753 1680 967 1756 abdicatione
991 1678 1183 1755 omnimode
1205 1680 1312 1755 bono-

200 1824 274 1872 rum
299 1798 550 1899 temporalium,
576 1822 618 1891 ao
641 1794 864 1898 dependentia
888 1824 910 1870 a
932 1795 1090 1893 legitimis
1117 1793 1311 1896 pastoribus

199 1913 378 2013 perfectius
389 1913 451 1987 Dei
469 1912 642 1987 fnlnulntui
659 1912 863 2013 mancipare.
873 1910 1019 1986 Difficile
1036 1936 1119 1985 sane
1134 1925 1188 1985 est
1203 1926 1311 1987 osten·-

200 2027 298 2117 dcrs,
317 2027 409 2130 quod
425 2043 553 2103 veteres
570 2027 678 2103 sancti
696 2026 838 2103 solemni
856 2026 971 2127 aliquo
988 2041 1066 2101 roto
1078 2052 1116 2101 se
1128 2026 1312 2101 obstrinxe-

199 2144 286 2230 rint3
307 2142 485 2216 coniicitur
508 2141 646 2244 quidem
669 2168 711 2216 ac
733 2142 959 2243 praesumitur
975 2139 1011 2214 id
1027 2167 1086 2214 eos
1104 2140 1242 2229 fecisse,
1257 2156 1312 2215 est

199 2282 268 2332 non
292 2255 473 2356 probatur,
497 2282 574 2330 cum
599 2254 757 2330 deficient
772 2256 838 2331 hac
853 2256 896 2331 de
912 2284 950 2331 re
966 2255 1177 2332 documenta.
1192 2257 1311 2331 Postea

189 2354 296 2460 sero,
312 2397 389 2464 cum
407 2368 575 2445 introduci
590 2370 760 2469 coeperint
775 2370 962 2444 monastica
978 2370 1148 2458 instituta,
1167 2368 1312 2444 ecclesia

198 2485 309 2585 exegit
331 2485 376 2559 ab
401 2485 444 2559 iis
467 2485 527 2585 qui
549 2483 760 2560 matrimonio
777 2500 908 2560 tantum
925 2504 996 2559 rato
1012 2485 1181 2559 coniuncti
1197 2498 1307 2572 eram,

200 2615 238 2673 ut
261 2601 291 2673 si
317 2598 441 2673 vellent
464 2597 530 2673 hoc
555 2598 703 2686 solvere,
723 2598 946 2673 monasticum
970 2599 1159 2672 institutum
1183 2596 1311 2698 proles-

199 2714 297 2788 sione
312 2713 471 2812 religiosa
487 2713 781 2814 amplecterentur,
797 2738 886 2814 quae
903 2726 1014 2786 tamen
1031 2711 1217 2786 monastica
1232 2736 1312 2811 pro-

200 2829 324 2917 lessio,
343 2831 392 2903 uti
411 2829 479 2905 inm
496 2828 663 2917 diximus,
683 2828 818 2903 nonnisi
835 2843 912 2902 vota
928 2824 1098 2926 simplicis
1113 2826 1313 2927 complecte-

199 2938 311 3017 batur.
337 2943 520 3042 Progressn
542 2942 837 3045 antemtemporis
862 2940 981 3016 eadem
1006 2939 1149 3015 ecclesia
1176 2939 1312 3015 minum

199 3057 375 3132 constituit
397 3059 441 3132 ad
467 3056 713 3157 praecavendos
741 3057 889 3146 abusus,
916 3072 954 3130 ut
981 3055 1108 3131 Christi
1137 3055 1250 3130 lasere
1273 3056 1310 3129 in

201 3169 425 3244 dissolutione
448 3171 613 3245 eiusmodi
633 3170 865 3267 coniugiorum
882 3169 1018 3244 nonnisi
1037 3168 1090 3242 illi
1109 3170 1308 3257 domentur,

201 3283 261 3384 qui
283 3283 318 3356 in
337 3283 451 3384 aliqua
476 3283 637 3383 religione
660 3283 845 3385 approbata
866 3298 944 3357 vota
967 3281 1160 3357 solemniter
1183 3307 1312 3357 nuncu·

200 3412 329 3500 parent.
350 3398 445 3472 Hunc
462 3422 541 3472 vero
562 3395 871 3472 determinationem
891 3393 1070 3471 concilium
1094 3392 1311 3469 tridentinum

200 3512 345 3588 sancivit
356 3538 483 3587 canone
493 3508 1087 3610 suo,etGregoriulelldeclaravit
1096 3507 1187 3584 hunc
1199 3509 1311 3609 ipsum

200 3627 368 3701 ellectum
380 3651 496 3727 parere
517 3641 596 3701 rote
619 3623 787 3727 simplicia
810 3651 832 3699 a
855 3623 1066 3698 scholasticis
1090 3623 1125 3695 in
1155 3622 1312 3697 societate

202 3738 278 3817 lesu
301 3741 448 3815 emissa:
477 3753 578 3840 atque
603 3738 667 3812 hoo
691 3754 788 3838 pacto
821 3736 921 3812 etium
947 3752 1141 3837 pernotum
1168 3733 1312 3835 simplex
1436 3794 1440 3799 -

202 3853 313 3952 reipsa
337 3870 447 3955 potest
470 3853 664 3951 coniugium
690 3869 798 3926 ratum
826 3852 979 3927 dissolvi.

275 3969 346 4043 Hac
366 3972 494 4046 ratione
510 3970 622 4045 omnia
640 3985 884 4071 componuntur
900 3994 988 4070 quae
1005 3968 1047 4042 dc
1064 3964 1321 4069 antiquioribus*

204 4082 352 4170 sanctis,
372 4085 416 4159 de
430 4102 506 4160 voto
523 4085 689 4186 simplici,
711 4084 753 4159 de
769 4084 911 4159 solemni
930 4083 1137 4184 professione
1154 4082 1314 4181 religiosa

204 4193 372 4295 dicuntur.
403 4200 497 4272 Nunc
522 4200 642 4273 iterum
671 4200 705 4272 in
730 4214 879 4273 mentem
900 4225 1017 4273 revoco
1042 4200 1077 4271 in
1104 4197 1319 4299 professione

203 4310 360 4408 religiose
373 4314 609 4389 secernendum
623 4342 699 4392 esse
712 4314 760 4388 rei
773 4314 989 4401 scienotiam
998 4311 1189 4387 scendum:
1198 4310 1317 4411 queam.

1217 4430 1239 4471 ‘l‘
