3234 5084
346 440 388 510 ia
521 463 580 512 ιιι.
603 461 649 511 ιιι.
671 460 756 511 seor.
778 460 801 509 1.
820 460 859 510 os
877 460 971 510 ιιιιι.
989 459 1111 511 οιιιιιοι.
1129 459 1273 509 ιιιιιιιιι.

342 606 410 653 ιιι
435 606 476 652 ιιι
501 579 556 652 his
580 577 830 652 conditionibus
862 577 972 663 desit,
1001 579 1031 651 si
1056 577 1099 650 ad
1131 576 1305 649 libidinem
1337 578 1449 676 potius

342 693 505 793 quemad
523 691 830 791 multiplicationem
858 692 998 764 humaui
1022 693 1155 789 generis
1176 690 1397 777 adhibeatur,
1418 694 1446 764 si

308 799 311 805 ’
342 810 472 907 primae
492 809 587 882 uxori
605 807 764 881 alienatur
783 808 926 891 iniuria,
948 808 977 879 si
996 808 1080 880 ratio
1098 806 1259 879 habeatur
1275 805 1374 902 legis.
1394 807 1448 880 sin

343 925 456 998 minus
477 923 672 1022 explicitae,
690 923 807 996 saltem
831 923 1024 1022 implicitae,
1044 938 1113 995 tum
1138 923 1307 995 enimvero
1331 922 1450 995 eadem

343 1035 536 1138 polygamia
560 1036 737 1110 inhonesta
761 1036 906 1123 dicetur,
935 1052 1050 1110 contre
1067 1035 1119 1108 las
1136 1052 1170 1108 et
1185 1037 1258 1120 ine,
1280 1052 1313 1109 et
1332 1052 1449 1109 contra

328 1154 497 1251 spiritum
515 1150 622 1249 legis,
644 1167 745 1251 atque
769 1150 884 1250 aliquo
909 1177 987 1225 vero
1012 1176 1115 1224 sensu
1137 1150 1324 1248 illegitima.

292 1286 295 1293 ·
327 1326 329 1331 ,
416 1267 517 1340 Hisce
534 1267 581 1339 ita
599 1265 829 1365 praestitutis,
853 1290 994 1365 pronum
1013 1266 1079 1338 iam
1098 1265 1160 1338 erit
1183 1281 1314 1365 patrum
1337 1266 1446 1352 diota,

343 1382 432 1479 quae
444 1379 509 1454 sibi
523 1380 668 1454 inuicem
682 1381 867 1479 pugnantia
879 1380 1056 1463 videntur,
1077 1382 1164 1453 inter
1181 1407 1218 1455 se
1236 1406 1445 1481 componere.

344 1498 425 1569 Nam
453 1496 600 1569 vidimus
626 1523 655 1569 s.
673 1496 914 1597 Hieronymum
938 1496 973 1568 in
1001 1498 1141 1594 gratiam
1164 1497 1450 1596 multiplicationis

344 1609 481 1683 humani
494 1610 626 1708 generis
639 1611 687 1684 uti
702 1609 826 1684 licitam
839 1611 912 1684 sive
924 1626 1001 1685 ante
1013 1610 1085 1683 sive
1097 1627 1173 1711 post
1183 1611 1346 1684 diluvium
1359 1611 1452 1712 poly-

343 1725 487 1820 gamiam
509 1724 681 1799 habuisse.
702 1725 800 1811 Quod
826 1725 855 1798 si
881 1726 991 1822 arguit
1008 1725 1149 1799 Lamech
1165 1725 1277 1798 verbis
1291 1725 1450 1799 aiertul-

344 1839 435 1913 liano
460 1840 653 1939 usurpatis,
682 1866 747 1915 non
773 1840 890 1917 eadem
916 1858 1027 1914 mente
1053 1867 1092 1914 ιο
1108 1841 1332 1914 Tertullianus
1357 1867 1452 1914 mon·

346 1954 469 2027 tanista
493 1954 527 2027 id
552 1955 735 2052 praestitit,
762 1955 821 2029 sed
847 1956 938 2055 quod
963 1954 1117 2028 libidinis
1141 1955 1326 2055 explendae
1349 1981 1452 2029 causa

343 2067 480 2140 alteram
505 2094 640 2142 uxorem
663 2069 813 2156 duxerit,
839 2085 937 2169 prout
956 2069 1105 2169 pessima
1124 2070 1186 2141 riri
1211 2069 1311 2142 huius
1329 2069 1450 2166 egendi

345 2183 429 2257 ratio
455 2184 595 2271 suadet3
623 2183 771 2284 alioquin
795 2212 824 2259 s.
842 2186 964 2260 Hootor
985 2185 1049 2259 sibi
1076 2185 1166 2257 haud
1187 2184 1390 2259 cohaereret.

416 2300 496 2372 Tres
523 2325 603 2373 vero
627 2302 874 2375 commemorati
906 2299 1081 2400 pontifices
1114 2300 1274 2373 rationem
1305 2299 1452 2373 habuere

345 2414 564 2514 primigeniae
588 2400 790 2489 matrimonii
812 2413 1053 2501 institutionis,
1070 2440 1110 2487 ac
1123 2415 1262 2515 proinde
1280 2416 1362 2489 satis
1380 2442 1452 2488 ma-

345 2528 485 2604 nifestae
509 2530 643 2605 divinae
666 2531 847 2606 voluntatis
871 2532 960 2604 eirca
985 2530 1229 2628 monogamiam
1243 2546 1276 2604 et
1288 2531 1348 2603 liei
1367 2531 1451 2627 legis

345 2644 411 2719 lato
443 2670 546 2719 sensu
570 2662 746 2745 acceptae;
774 2672 842 2719 non
876 2663 985 2720 autem
1018 2646 1200 2747 loquuntur
1225 2646 1268 2719 de
1291 2672 1451 2744 expressa

344 2760 405 2833 Dei
431 2759 527 2859 lege,
546 2787 643 2859 quae
668 2762 823 2861 nuspiam
851 2776 1000 2860 apparet.
1018 2762 1143 2835 llodem
1165 2788 1243 2836 vero
1266 2787 1367 2835 seusu
1388 2760 1452 2832 im-

346 2874 489 2972 probant
520 2877 642 2949 lactum
669 2875 810 2949 Lamech
845 2901 885 2949 ao
916 2899 944 2947 s.
969 2876 1194 2975 Hieronymus
1219 2877 1314 2949 cuius
1339 2876 1451 2950 verbis

345 3005 482 3062 utuntur
497 2992 609 3085 (iti).

418 3104 467 3176 Hx
492 3129 531 3177 eo
553 3131 632 3178 vero
662 3105 752 3204 quod
782 3106 1024 3178 affirmavimus
1050 3105 1083 3176 in
1111 3106 1213 3178 altera
1242 3105 1452 3180 animadver-

346 3219 441 3292 sione
453 3218 494 3292 de
507 3245 672 3293 consensu
698 3221 820 3320 prioris
845 3220 976 3306 uxoris,
1005 3236 1107 3319 atque
1131 3247 1171 3293 en
1197 3220 1349 3293 cessione
1366 3221 1451 3292 iuris

346 3334 436 3433 quod
450 3360 490 3408 ea
503 3336 683 3434 acquisivit
705 3362 806 3434 super
830 3336 1003 3423 maritum,
1020 3334 1110 3409 huno
1123 3337 1272 3436 potuisse
1284 3335 1451 3408 secundas

344 3467 378 3523 et
402 3449 575 3524 ulteriores
609 3451 744 3550 nuptiae
770 3451 879 3537 inire,
909 3477 975 3524 non
1001 3453 1152 3550 sequitur
1182 3477 1282 3549 posse
1314 3475 1450 3523 uxorem

345 3565 388 3637 de
411 3591 579 3638 consensu
603 3566 711 3639 mariti
735 3566 837 3639 alium
860 3568 967 3640 virum
990 3566 1123 3640 ducere.
1142 3568 1224 3639 Nam
1244 3567 1452 3663 distinguere

345 3695 474 3778 oportet
503 3681 588 3753 inter
613 3707 653 3755 ea
676 3682 769 3768 iura,
796 3708 883 3781 quae
914 3690 1036 3756 natura
1061 3684 1182 3779 occipit,
1215 3681 1257 3754 ab
1285 3682 1335 3754 eis
1365 3708 1453 3781 quae

418 3920 486 3981 (iot)
500 3921 554 3970 Non
566 3918 654 3968 dmoni
667 3918 824 3982 interpretes,
839 3919 882 3982 qui
898 3919 944 3968 sub
960 3920 1006 3968 hoe
1021 3923 1129 3982 respectu
1141 3919 1244 3968 itamech
1255 3921 1378 3967 excusent.
1389 3920 1454 3968 inter

346 4011 409 4061 otios
424 3997 574 4048 iiersennius
584 4000 688 4055 οιιοοιο.
699 4000 725 4047 st
737 4000 878 4049 commorit.
890 4002 918 4048 tn
936 4001 1023 4048 Gener.
1036 3998 1066 4047 od
1079 4011 1132 4061 cap.
1141 4000 1183 4047 iv.
1197 4000 1300 4056 anest
1313 4001 1351 4046 ei.
1362 4010 1387 4045 n.
1400 4004 1453 4048 ¹91.

346 4076 442 4127 scribit:
451 4076 618 4127 «probabilius
629 4076 691 4127 mihi
703 4076 799 4127 ridetur
810 4090 855 4127 nec
866 4079 1012 4128 LamecHum
1026 4077 1081 4127 ideo
1092 4090 1214 4141 peccasse,
1228 4078 1285 4141 quia
1294 4076 1356 4127 duas
1365 4089 1455 4125 uxores

305 4152 307 4155 ’
345 4156 443 4218 inbuit,
454 4169 499 4207 nec
510 4156 671 4220 polygamiam
682 4156 707 4205 in
718 4158 782 4207 stain
795 4157 855 4220 logis
865 4160 966 4207 naturae
974 4158 1102 4220 corruptae
1111 4158 1167 4205 ante
1178 4155 1297 4206 diluvium
1307 4155 1455 4219 prohibitam

346 4233 537 4284 icisse....itumo
553 4247 583 4284 ex
598 4234 791 4298 patriarcharum
806 4236 862 4298 poet
874 4234 995 4284 diluvium
1006 4234 1141 4284 virentium
1154 4234 1266 4297 exemplo
1279 4235 1339 4283 satis
1348 4233 1453 4284 coniicio

346 4315 370 4364 iri
391 4327 441 4364 uon
456 4314 537 4363 minus
556 4313 650 4365 licitum
669 4315 742 4365 luisse
757 4316 813 4364 anie
835 4314 970 4375 diiouimn,
992 4314 1049 4377 quia
1066 4327 1110 4377 par
1124 4315 1176 4363 erat
1190 4312 1402 4377 propagandorum
1418 4313 1454 4361 in·

347 4394 504 4443 riiriduorum
522 4393 674 4445 necessitas.»
