3234 5084
375 428 445 479 CAP.
462 429 485 478 1.
503 430 542 479 us
555 429 729 481 vellanis
745 429 951 484 clnculum.
968 430 1038 481 sur.
1052 430 1098 481 ΙΙΙ.
1233 410 1276 480 35

171 545 320 630 ratitum,
346 568 407 618 seu
430 547 461 618 si
483 544 636 619 absolute
654 572 720 620 non
737 547 908 622 adversari
928 549 1094 621 siveante
1112 550 1184 621 sive
1202 566 1277 647 post
1345 647 1347 650 Ι

168 659 354 748 diluvium,
384 658 544 759 nullaque
574 661 713 761 proinde
738 687 823 762 opus
850 663 984 747 luisse,
1012 680 1070 735 aut
1094 663 1194 735 tacita
1220 680 1277 736 aut

167 798 326 873 expressa
350 774 466 848 divina
489 773 759 874 dispensatione,
788 776 940 875 inspecta
970 776 1044 876 ipsa
1075 776 1275 851 matrimonii

169 888 341 984 primaeva
357 888 578 975 institutione,
598 904 698 988 atque
715 903 839 963 attenta
856 906 986 989 patrum
1004 890 1168 976 doctrina,
1185 892 1275 963 baud

168 1002 304 1077 difficile
328 1003 462 1076 videtur
485 1003 615 1077 ostendi
640 1028 753 1102 posse.

239 1118 327 1190 Sane
352 1143 457 1217 quum
481 1117 572 1190 Deus
602 1117 746 1190 instituit
774 1118 982 1217 primaevum
1013 1120 1099 1193 inter
1123 1136 1277 1220 protopa-

170 1247 277 1305 rentes
301 1248 435 1306 nostros
459 1233 651 1329 coniugium
674 1232 808 1305 nonnisi
834 1259 934 1305 onom
950 1234 1076 1307 Herem
1101 1239 1162 1308 uni
1184 1234 1277 1308 Adae

171 1347 342 1445 coniugem
363 1347 472 1433 dedit,
496 1372 563 1447 quo
581 1346 668 1419 lacto
693 1346 839 1420 ostendit
862 1350 1106 1445 monogamiam
1130 1351 1277 1423 bominis

171 1460 352 1534 conditioni
377 1486 578 1559 congruere,
601 1478 635 1535 et
652 1460 901 1559 adsignificavit
921 1461 1011 1535 bunc
1029 1463 1059 1535 ei
1077 1479 1199 1537 statum
1218 1492 1278 1538 ne-

172 1573 308 1647 turulem
333 1600 426 1660 esse,
451 1598 616 1674 suamque
641 1600 706 1647 non
732 1574 874 1649 obscure
903 1576 1034 1676 aperuit
1057 1575 1272 1651 voluntatem.

170 1685 344 1786 Alioquin,
361 1705 458 1787 prout
471 1705 582 1787 patres
599 1688 881 1776 animadvertunt,
899 1688 1012 1788 plures
1024 1690 1186 1764 foeminas
1199 1718 1278 1765 con-

170 1799 330 1890 didisset,
355 1829 443 1903 quae
459 1804 490 1876 ei
507 1803 620 1877 sociae
644 1820 758 1877 essent
780 1820 814 1876 et
837 1804 1015 1901 coniuges;
1036 1832 1076 1879 eo
1091 1806 1144 1879 vel
1169 1808 1277 1903 magis

170 1915 259 2014 quod
287 1915 453 1990 eiusmodi
482 1917 659 1991 mulierum
686 1943 845 1991 numerus
870 1918 1049 2018 plurimum
1082 1920 1279 1994 contulisset

169 2029 213 2102 ad
239 2030 378 2104 humani
400 2033 532 2129 generis
555 2016 827 2132 propagationem
852 2058 893 2106 ex
919 2034 994 2133 ipsa
1018 2036 1201 2109 intentione
1216 2038 1276 2108 Ilei

170 2144 314 2219 dicentis
343 2146 610 2245 progenitoribus
640 2147 756 2247 ipsis:
789 2147 975 2221 «Crescite
1009 2167 1042 2222 et
1077 2150 1278 2249 multiplica-

170 2259 252 2330 mini
269 2261 383 2355 (wi-l

243 2374 330 2448 Hinc
351 2374 593 2450 Tertullianus:
613 2406 631 2446 a
648 2376 689 2451 Et
707 2376 783 2450 ideo
809 2376 909 2450 homo
926 2376 987 2448 Dei
1005 2375 1128 2464 Adam,
1149 2378 1275 2476 inquit,

172 2503 206 2559 et
227 2487 348 2562 mulier
371 2489 432 2562 Ilei
457 2489 548 2576 Eva,
577 2489 655 2563 unis
681 2491 768 2563 inter
791 2516 830 2565 se
856 2490 984 2590 nuptiis
1010 2488 1112 2564 luncti
1141 2491 1278 2565 formam

173 2601 366 2677 bominibus
391 2604 471 2692 Ilei,
499 2605 542 2677 de
566 2605 707 2702 originis
732 2606 946 2688 auctoritate,
968 2621 1001 2678 et
1018 2606 1126 2703 prima
1145 2606 1205 2678 Ilei
1222 2633 1281 2680 vc-

171 2714 274 2790 lututc
303 2735 497 2792 sanxerunt.
527 2719 699 2818 Denique,
729 2734 826 2792 erunt
849 2719 937 2803 duo,
967 2719 1093 2817 inquit,
1123 2720 1281 2791 incarne

172 2856 258 2918 una,
287 2857 355 2905 non
381 2848 449 2906 tres
474 2859 583 2932 neque
607 2847 761 2932 quatuor.
789 2831 970 2930 Alioquin,
1001 2831 1068 2903 iam
1095 2856 1160 2903 non
1185 2858 1276 2919 una,

173 2970 234 3019 neo
254 2947 322 3020 duo
339 2949 374 3020 in
390 2974 491 3022 unam
513 2974 646 3022 carnem
662 2950 778 3044 (80).»
794 2948 851 3020 Sic
867 2973 897 3020 s.
909 2946 1133 3046 Hieronymus
1159 2948 1282 3045 pariter

173 3061 308 3135 scribit:
328 3063 431 3136 «Une
447 3079 541 3138 costa
553 3089 574 3135 a
585 3063 751 3162 principio
774 3063 808 3134 in
827 3088 930 3135 unam
947 3088 1081 3135 carnem
1099 3086 1197 3135 versa
1213 3081 1276 3136 est.

173 3175 214 3249 Et
233 3193 348 3265 erunt,
378 3178 503 3277 inquit,
521 3178 642 3252 duoin
660 3203 865 3263 carneuna,
887 3204 954 3250 non
980 3193 1047 3249 tres
1072 3202 1181 3275 neque
1198 3205 1281 3276 qua-

173 3307 265 3377 tuor,
285 3288 434 3391 elioquin
452 3292 519 3365 iam
538 3317 602 3365 non
625 3291 693 3365 duo
711 3291 739 3364 si
759 3290 873 3390 plures
889 3294 1004 3385 (81).»
1020 3290 1075 3363 Sic
1091 3289 1149 3362 alii
1168 3307 1280 3389 patres

173 3403 323 3500 passim.'

245 3516 340 3603 Quae
355 3520 605 3607 confirmantur,
626 3537 662 3594 ut
679 3535 780 3620 patet,
801 3521 900 3593 etiam
918 3546 959 3592 ex
976 3518 1130 3593 adductis
1148 3534 1279 3616 patrum

174 3631 392 3717 testimoniis,
421 3659 481 3733 per
505 3634 579 3732 ipsa
604 3633 706 3707 verba
731 3632 774 3704 ab
790 3633 897 3706 Adam
915 3633 984 3705 lleo
1002 3631 1187 3730 inspirante
1204 3660 1281 3732 pro

173 3743 240 3818 lata
268 3771 344 3819 cum
369 3747 496 3821 blevam
520 3748 664 3847 primum
690 3747 863 3845 adspexit:
884 3747 984 3820 «Hoc
1001 3774 1090 3819 nunc
1106 3773 1146 3820 os
1162 3774 1202 3820 ex
1226 3774 1282 3820 os-

172 3858 268 3932 sibus
292 3861 393 3948 meis,
414 3877 446 3935 et
463 3888 540 3935 caro
557 3862 599 3935 de
616 3888 716 3935 carne
740 3860 1091 3948 mea...Quemobrem
1118 3861 1282 3962 relinquet

174 3974 274 4051 bomo
292 3991 418 4075 patrem
441 4003 561 4067 suum,
582 3994 616 4053 et
632 3995 789 4064 matrem,
810 3995 843 4052 et
859 3977 1055 4051 adhaerebit
1072 3978 1166 4053 uxori
1185 4004 1278 4064 suae,

245 4180 295 4243 on>
310 4181 398 4231 sne.
412 4183 430 4231 ι.
443 4190 482 4232 ns.

243 4258 294 4321 (an)
311 4262 348 4310 or
362 4260 494 4312 munte.
507 4265 687 4326 cartonen.
699 4267 729 4313 v.
741 4263 780 4314 ec.
792 4263 880 4327 nagan

246 4338 295 4399 (81)
310 4338 363 4388 le.
377 4341 397 4389 1.
407 4339 502 4390 advers.
515 4341 634 4391 lovinium
647 4355 671 4391 n.
687 4347 722 4393 nt.
733 4342 772 4394 ed.
783 4342 887 4393 vallars.
902 4344 961 4393 tom.
974 4343 1062 4393 llcol.
1076 4350 1129 4394 lea.

1189 4424 1210 4465 s
