3234 5084
290 489 360 540 aar.
379 488 427 542 ιιι.
443 486 484 539 ou
496 485 593 540 sensu
607 487 698 538 ιιιιι.
714 484 797 538 omo.
815 485 915 538 morse
945 484 1040 537 ιιιιι.
1057 484 1128 534 ιιι.
1146 482 1169 536 ι.
1227 463 1293 534 311

253 609 288 680 2.
309 604 434 682 Homil.
455 606 553 678 ml.
576 606 611 678 in
628 605 745 679 Matth.
765 604 846 678 «Tu
862 629 954 689 raro,
971 602 1093 703 inquit,
1115 601 1200 674 mihi
1213 627 1298 676 eon·

179 721 308 798 sidetes
325 721 426 797 velim
445 721 717 818 interrogationis
744 719 998 817 malignitatem.
1032 718 1105 791 Non
1130 718 1219 791 enim
1246 716 1295 790 di-

181 854 302 912 xerunt
325 837 374 911 ei:
408 836 541 912 iussisti
575 862 712 910 uxorem
740 862 807 910 non
829 835 1018 921 dimittere;
1043 833 1111 907 iam
1141 833 1231 907 enim
1258 832 1302 908 de

76 1025 81 1034 ,
180 953 245 1027 hae
275 953 349 1051 lege
385 952 613 1028 disseruerat.
633 951 855 1037 ..Quomodo
880 976 960 1048 ergo
998 949 1065 1023 illis
1098 946 1303 1048 respondet?

102 1064 1303 1167 ¹MWQWWWMQMWNJW

181 1207 260 1256 omn
286 1183 366 1282 [ecit
389 1181 510 1255 meiat
528 1180 640 1253 dimit:
667 1177 843 1279 Propt'ereo
867 1182 1027 1279 relinquet
1058 1179 1147 1252 domo
1173 1193 1303 1278 petrem

182 1311 327 1372 mmet
349 1312 485 1371 monem
508 1322 623 1383 auom,
645 1311 677 1370 et
700 1296 889 1370 edioeoedit
910 1298 1013 1369 umen
1033 1320 1132 1380 eone,
1156 1307 1187 1367 et
1209 1308 1304 1367 amnt

182 1412 300 1487 doeio
317 1438 413 1486 eom
432 1440 512 1487 ono.
535 1413 650 1514 Itaque
674 1415 743 1487 iam
759 1439 823 1486 noe
847 1426 925 1485 rent
940 1411 1022 1497 doe,
1038 1410 1095 1485 red
1118 1436 1186 1486 uno
1211 1434 1298 1483 earo.

184 1527 281 1617 Quod
291 1554 365 1628 erpo
382 1530 469 1603 Deos
485 1530 676 1615 coniunxit,
706 1530 796 1603 inno
817 1555 882 1601 non
904 1542 1041 1627 reperet.
1067 1527 1149 1601 Vide
1166 1527 1303 1627 sapien·

183 1644 263 1719 tiam
281 1646 451 1742 Magistri:
476 1646 701 1744 interrogatus
725 1646 834 1734 enim,
857 1646 890 1718 ei
906 1645 997 1731 licet,
1025 1671 1093 1719 non
1112 1643 1225 1718 statim
1249 1642 1304 1716 di-

181 1761 239 1848 oit,
272 1787 340 1835 non
369 1760 460 1851 lieet,
480 1788 524 1835 ne
553 1762 837 1863 perturbarentur.
866 1760 931 1833 Sed
957 1776 1137 1859 antequam
1165 1774 1302 1832 senten·

180 1876 263 1950 tiam
287 1875 433 1964 diceret,
466 1902 529 1976 per
562 1893 760 1977 apparatum
795 1875 891 1948 illum
924 1874 960 1947 id
993 1873 1124 1975 liquido
1158 1873 1300 1960 statuit,

184 1991 367 2066 ostendeus
396 1993 505 2066 Patris
530 1993 582 2066 sui
612 2018 689 2066 esee
715 2009 944 2093 praeceptum,
974 2016 1035 2064 nee
1052 1989 1160 2090 Moysi
1186 1987 1304 2062 adver*

186 2122 317 2181 sautem
347 2133 386 2182 se
415 2107 481 2181 hoe
509 2109 769 2208 praeoepisse...
795 2108 889 2180 Siout
917 2131 998 2205 ergo
1025 2131 1160 2179 earnem
1189 2129 1304 2178 secare

187 2223 368 2297 seelestam
395 2236 464 2310 est,
493 2222 540 2295 ita
574 2239 607 2296 et
635 2249 772 2296 uxorem
804 2223 964 2297 dirimere
993 2221 1160 2322 iniquum.
1188 2220 1304 2319 Neque

186 2336 243 2410 hie
272 2338 384 2427 stetit,
408 2336 469 2412 sed
493 2337 601 2411 Deum
629 2364 765 2439 quoque
799 2338 910 2411 attulit
934 2337 1071 2412 dicens:
1101 2334 1196 2426 Quod
1225 2359 1300 2434 erpo

182 2452 270 2527 Deos
288 2454 472 2539 consonuit,
502 2455 593 2527 horne
617 2481 683 2528 eoo
700 2438 839 2554 separet,
855 2454 1036 2528 ostendens
1054 2451 1139 2525 illud
1164 2467 1198 2526 et
1222 2476 1303 2524 eon-

181 2582 233 2642 tra
258 2584 412 2652 uaturam
438 2584 471 2643 et
495 2584 613 2642 eontra
637 2568 745 2667 legem
770 2594 866 2657 esse;
886 2582 1004 2642 eontra
1030 2584 1198 2652 namram,
1219 2564 1303 2665 quia

181 2709 251 2757 una
274 2709 352 2758 earo
377 2683 586 2772 dissertatum
607 2699 722 2758 eontra
746 2683 868 2782 legem,
901 2684 981 2784 quia
1006 2708 1083 2756 oum
1107 2683 1200 2754 Deus
1227 2706 1304 2755 oon·

182 2799 351 2887 iunxerit,
383 2816 418 2873 et
448 2800 586 2874 iusserit
623 2825 690 2874 non
723 2825 909 2901 separare,
935 2824 996 2873 vos
1027 2797 1062 2871 id
1097 2796 1206 2871 faeere
1235 2812 1305 2870 ten·

190 2913 448 3010 mmfflQ»

257 3031 292 3102 3.
309 3029 458 3104 Sumitur
469 3031 698 3106 testimonium
712 3030 916 3105 exsermde
929 3029 1043 3104 libello
1056 3027 1299 3130 repudii:«lgi-

182 3161 238 3220 tar
249 3170 417 3246 quaenam
434 3163 487 3219 est
498 3144 551 3219 lex
565 3145 634 3235 ilio,
651 3171 753 3247 quam
768 3143 867 3219 nobis
882 3144 1006 3218 Paulus
1023 3142 1156 3245 posuit?
1166 3141 1300 3228 Mulier,

181 3259 313 3361 inquit,
341 3259 483 3358 aliipate
505 3275 553 3333 est
582 3260 665 3360 lapi:
691 3276 822 3362 oportet
850 3260 953 3359 igitur
983 3273 1021 3332 ut
1044 3259 1184 3332 minime
1208 3282 1304 3355 sepa·

182 3389 288 3463 retur,
315 3378 448 3449 urente
468 3375 562 3463 viro,
591 3402 701 3476 neque
729 3375 834 3449 alium
860 3374 1100 3474 superinducat
1123 3372 1299 3459 maritum,

182 3514 292 3590 neque
315 3490 483 3565 seeuudas
503 3492 638 3591 nuptias
663 3489 773 3564 adeat.
803 3491 847 3563 Et
869 3489 948 3563 ride
974 3504 1101 3589 quanta
1122 3513 1199 3560 oum
1225 3485 1300 3558 dili·

179 3606 292 3703 gentia
316 3605 492 3681 verborum
521 3634 607 3682 usus
639 3606 686 3681 sit
714 3607 929 3708 proprietate.
958 3606 1030 3684 Non
1060 3603 1150 3678 enim
1189 3601 1298 3689 dixit,

180 3719 350 3795 cohabitet
365 3723 438 3796 vire
452 3780 460 3812 ,
476 3722 589 3824 quoad
602 3723 733 3809 vixerit3
751 3721 826 3810 sed,
840 3720 960 3795 molier
981 3719 1123 3817 alligate
1146 3731 1194 3790 est
1219 3716 1297 3815 lapi,

178 3851 300 3935 poento
325 3851 461 3937 uomere
484 3840 609 3911 aimerit
636 3839 690 3911 eir
712 3838 832 3910 iliius:
861 3854 962 3937 atque
991 3835 1076 3908 adeo
1098 3831 1230 3906 etiamsi
1259 3828 1302 3903 li-

178 3948 305 4024 bellum
328 3952 460 4053 repudii
482 3952 551 4040 det,
578 3951 713 4028 etiamsi
734 3951 872 4026 domum
891 3951 1072 4051 relinquat,
1096 3946 1229 4022 etiamsi
1255 3945 1299 4019 ad

178 4064 282 4140 olium
307 4066 427 4155 abeat,
459 4068 524 4167 legi
551 4068 712 4143 adstricta
733 4066 1062 4167 adulteroqueest...
1079 4064 1164 4136 Nam
1181 4087 1300 4163 quem·

176 4180 362 4257 admodum
394 4184 483 4258 serri
516 4183 672 4283 fugitivi,
700 4183 833 4259 etiamsi
858 4182 995 4257 domum
1022 4176 1164 4255 herilem
1202 4176 1300 4251 reliu-

252 4429 319 4493 (ιιι)
334 4433 364 4483 ιι.
379 4437 625 4496 romanorun.
682 4417 686 4424 ’
