3234 5084
309 490 377 539 eir.
392 489 435 538 rs.
453 488 492 538 os
505 486 617 539 saise,
636 486 773 537 rernm
786 486 859 537 carr.
876 485 1019 537 rarosnr.
1038 487 1108 537 aar.
1126 487 1149 535 ι.
1225 464 1294 535 lii'i

183 635 223 680 eo
247 604 470 706 improbando
490 605 637 703 prudens
662 604 909 702 perseverantia
933 622 966 677 et
992 605 1205 689 oeconomis,
1227 622 1295 677 tum

184 742 220 795 ut
243 722 376 796 facilius
389 746 658 819 <assequeremur
675 721 741 793 vim
759 719 899 793 canonis
916 719 985 791 Vll.
1002 718 1165 793 sessionis
1182 719 1294 791 xilv.

180 838 314 912 concilii
328 835 500 909 tridentini
519 835 563 908 de
578 859 646 934 quo
661 834 844 908 dicendum
858 849 1031 932 superest,
1047 850 1086 908 ut
1097 833 1185 907 hanc
1198 860 1299 933 quae

183 954 327 1027 ationem
352 952 543 1025 universam
563 950 606 1023 de
623 948 917 1025 indissolubilitste
933 948 1110 1023 christiani
1127 950 1298 1023 matrimo-

184 1070 230 1140 nii
257 1070 292 1141 in
317 1092 421 1143 causa
444 1068 544 1141 enam
565 1066 722 1140 adulterii
748 1065 976 1140 absolvamus.

604 1271 815 1328 ARTlCULUS
838 1270 875 1325 ll.

222 1452 264 1513 Ile
284 1461 389 1513 natura
408 1460 436 1513 ct
457 1454 486 1511 vi
508 1455 628 1512 mannis
650 1451 716 1511 Vll.
738 1467 810 1511 sess.
832 1448 939 1509 XXIV.
962 1420 1077 1509 concilii
1094 1448 1255 1509 tridentini.

207 1674 209 1677 ·
257 1646 370 1719 Canon
389 1647 432 1719 de
453 1672 520 1747 quo
538 1646 737 1719 disserimus
756 1645 811 1716 his
829 1642 941 1716 rerhis
959 1658 1111 1716 constat:
1141 1644 1298 1743 «Siquis

183 1760 306 1833 dixerit
327 1760 503 1833 eeclesiam
523 1784 654 1846 errare,
683 1784 759 1832 cum
785 1757 900 1830 docuit
924 1772 959 1829 et
976 1756 1075 1831 docet
1094 1757 1186 1829 iuxta
1202 1783 1300 1830 asan·

183 1874 322 1971 gelicam
347 1893 380 1948 et
404 1875 620 1973 apostolicam
646 1874 852 1959 doctrinam,
873 1889 1009 1971 propter
1033 1870 1234 1945 adulterium
1250 1872 1301 1945 al-

184 1991 290 2063 terius
313 1991 493 2087 coniugum
519 1989 721 2063 matrimonii
738 1987 912 2061 vinculum
931 2012 999 2060 non
1016 2013 1118 2086 posse
1135 1987 1296 2074 dissolvi,

181 2121 216 2179 ct
235 2123 433 2205 utrumque,
454 2105 505 2178 rel
527 2106 627 2179 etiam
645 2105 880 2190 innocentem,
902 2103 962 2202 qui
980 2127 1119 2176 causam
1137 2102 1300 2176 adulterio

184 2247 251 2294 non
272 2220 386 2308 dedit,
411 2246 478 2294 non
498 2247 619 2319 posse,
647 2219 752 2293 altero
778 2218 921 2314 coniuge
945 2218 1098 2305 vivente,
1120 2216 1213 2290 aliud
1230 2243 1302 2290 ma·

181 2334 376 2407 trinomium
407 2335 628 2421 contrahere,
669 2332 907 2431 moecharique
940 2358 1041 2417 eum,
1069 2333 1127 2431 qui
1159 2332 1302 2406 dimissa

182 2447 354 2538 adultera,
382 2451 484 2525 aliam
508 2450 658 2535 duxerit,
686 2465 720 2522 et
739 2474 836 2533 eam,
859 2472 948 2547 quae
968 2445 1297 2533 dimisso-adultero,

182 2563 240 2637 alii
267 2568 439 2665 nupserit;
467 2567 583 2640 anath.
613 2566 704 2639 sit.»

257 2680 419 2767 Quamvis
443 2683 592 2756 omnium
618 2706 721 2754 manu
736 2679 824 2751 'trita
844 2678 889 2751 sit
909 2677 1013 2750 huius
1030 2678 1171 2751 canonis
1194 2676 1301 2749 histo·

185 2796 255 2882 ria,
286 2796 330 2868 ad
360 2796 532 2871 clariorem
558 2798 634 2869 eius
659 2793 881 2866 nihilominus
912 2790 1186 2889 intelligentiam,
1220 2790 1302 2864 laci·

185 2908 319 3009 liusque
343 2912 477 2986 concilii
502 2929 647 2985 mentem
672 2909 940 3008 assequendam,
969 2923 1071 3007 atque
1095 2907 1138 2979 ad
1162 2932 1302 3007 praepo·

185 3039 295 3096 stores
305 3026 518 3124 occupandas
530 3027 669 3099 canonis
684 3023 987 3122 interpretationes,
1002 3019 1301 3120 cavillationesque

185 3139 414 3227 amovendas,
442 3141 562 3214 iuverit
585 3166 680 3225 mm,
709 3156 807 3237 prout
830 3138 972 3212 reier‘tur
996 3163 1017 3211 a
1037 3136 1132 3211 card.
1161 3135 1301 3210 Pullari-

184 3254 262 3326 cino
288 3254 365 3327 heic
384 3253 562 3328 subiicere.

260 3369 409 3443 «Canon
423 3394 577 3468 quoque,
599 3367 716 3442 scribit
731 3370 827 3468 ipsa,
848 3384 984 3468 paratim
1003 3367 1111 3440 iuerat
1128 3390 1205 3440 oum
1223 3389 1301 3438 ana·

185 3482 347 3571 themata,
368 3484 404 3555 in
428 3508 505 3555 eum
530 3483 588 3583 qui
613 3482 738 3556 diceret
762 3482 975 3556 matrimonia
999 3495 1230 3556 consummate
1254 3478 1300 3553 ob

184 3598 383 3673 adulterium
416 3598 569 3673 dissolvi.
603 3598 669 3671 Sed
694 3615 843 3672 oratores
867 3599 1002 3685 veneti,
1031 3597 1088 3670 die
1117 3595 1297 3670 undecimo
1346 3616 1349 3623 ’

185 3714 342 3813 Augusti,
363 3740 440 3791 oum
458 3715 546 3814 ipsis
562 3714 724 3815 posterior
740 3714 897 3788 modulus
914 3729 1070 3789 ostensus
1087 3728 1157 3799 est,
1179 3710 1301 3785 solem·

263 3950 314 3997 iarn
333 3961 392 3999 sero
414 3952 467 3998 tum
487 3950 514 3997 in
534 3947 628 4011 iegibus
647 3945 797 3996 anteriorum
810 3945 1000 4010 imperatorum,
1013 3947 1065 3995 iam
1083 3944 1109 3994 in
1129 3941 1247 3995 Nescitis
1261 3944 1299 3992 iu·

186 4026 286 4076 siinisni
303 4028 464 4077 constitutum
487 4029 540 4091 est,
552 4028 581 4076 ut
596 4025 739 4088 coniugium
762 4027 860 4089 propter
880 4024 996 4075 adulterii
1021 4022 1140 4085 flagitium
1151 4020 1300 4081 solueretur-3

185 4118 241 4154 cum
263 4106 344 4153 autem
362 4105 408 4155 irae
430 4105 495 4168 leges
513 4108 606 4169 partem
618 4103 791 4155 constituerint
811 4104 873 4154 iuris
891 4101 1001 4153 canonici
1016 4099 1138 4164 byzantini
1159 4096 1303 4163 praesertim

185 4197 262 4248 epm
279 4184 376 4247 Piretii,
388 4184 476 4235 minda
495 4184 586 4235 iactum
607 4186 646 4235 est
664 4187 693 4235 ut
715 4184 839 4247 saepen,
850 4181 1030 4245 miscuitque
1043 4192 1118 4244 umes
1132 4190 1233 4242 graecos
1244 4190 1301 4231 eou-

185 4264 290 4315 suctudo
309 4265 356 4314 iiac
376 4264 408 4314 de
425 4276 499 4314 rausa
518 4264 632 4329 coniugia
650 4263 771 4314 solvendi.
789 4266 825 4312 En
836 4275 922 4312 reram
937 4264 962 4312 et
983 4261 1084 4311 unicam
1097 4259 1216 4322 originem
1231 4258 1303 4309 istius

187 4345 278 4395 abusus
297 4344 412 4395 contrarii
434 4344 559 4395 doctrinae
580 4344 734 4405 evangelicae
751 4346 776 4393 et
796 4341 958 4406 apostolicae,
980 4354 1053 4405 quern
1075 4353 1133 4390 vora
1152 4334 1243 4390 [timisti
1262 4350 1299 4386 ec·

186 4425 261 4476 ciceia
280 4426 369 4489 iugiter
388 4424 535 4489 reprobarit.
1284 4474 1299 4509 ἆ
