3234 5084
313 412 358 484 82
490 434 552 486 nn.
570 435 617 486 ur.
634 433 721 486 suar.
739 435 763 487 r.
781 433 822 485 us
837 432 933 485 arm.
950 432 1073 485 eumer.
1090 432 1235 486 ouum.

304 568 390 626 stom
402 568 568 640 vocasset,
582 567 681 652 prout
692 552 816 626 dicitur
831 552 875 627 de
887 551 1081 653 polygamia
1093 551 1309 640 simultanea,
1322 551 1423 627 adeo·

310 694 378 768 que
400 693 441 741 er
466 665 532 742 boc
557 667 632 768 ipso
658 683 749 741 textu
773 683 867 767 patet
885 668 1023 768 nuptias
1048 667 1216 743 secundas
1237 668 1426 768 permissas

306 782 432 870 fuisse,
453 807 515 856 nec
538 808 641 883 posse
667 808 727 882 per
748 808 824 856 sese
845 781 1020 857 damnari:
1041 799 1188 857 attamen
1214 782 1275 882 qui
1300 808 1423 857 secun-

306 896 368 970 das
393 897 529 996 nuptias
554 897 672 971 ineunt
690 896 921 994 Athenagoras
950 897 1118 997 improbat
1140 898 1231 998 quod
1269 898 1336 997 ipsi
1369 897 1426 971 di-

306 1011 448 1087 scedant
474 1010 517 1084 ab
545 1037 586 1086 ea
611 1012 814 1086 matrimonii
842 1011 983 1098 ratione,
1007 1036 1109 1110 quam
1135 1011 1227 1084 Deus
1256 1010 1301 1084 ab
1325 1010 1425 1085 initio

307 1125 516 1211 instituerat,
542 1124 623 1197 dum
647 1125 781 1198 unicam
807 1124 901 1199 Adae
928 1150 1065 1199 uxorem
1091 1124 1244 1199 condidit
1271 1141 1305 1200 et
1329 1125 1421 1225 quod

306 1241 430 1341 prioris
453 1240 579 1315 vinculi
598 1239 692 1314 obliti
713 1240 901 1314 videantur.
924 1238 1025 1313 Nulla
1046 1239 1150 1338 igitur
1166 1240 1348 1315 sufficienti
1367 1265 1424 1314 ra-

307 1357 397 1430 tione
429 1355 660 1430 Tillemontius
692 1356 886 1454 suspicatus
920 1371 974 1428 est
1001 1353 1247 1453 Athenagoram
1281 1354 1352 1430 hac
1379 1354 1425 1429 de

305 1498 409 1545 causa
430 1472 668 1545 montanistica
686 1469 763 1545 labe
783 1470 944 1545 iniectum
965 1472 1054 1567 (tt).
1074 1470 1164 1557 Quin
1182 1471 1294 1573 potius
1312 1470 1424 1545 innuit

306 1585 424 1659 saltem
451 1584 614 1658 indirecte
636 1611 750 1659 veram
772 1583 937 1659 ecclesiae
960 1583 1148 1659 doctrinam
1178 1587 1267 1682 (26).

378 1701 412 1772 S.
434 1701 592 1773 irenaeus
611 1699 737 1798 pariter
760 1700 928 1774 secundas
950 1714 984 1774 et
1008 1699 1184 1775 ulteriores
1209 1700 1346 1801 nuptias
1373 1727 1425 1776 re·

306 1814 469 1914 probasse
492 1813 590 1887 uisus
613 1828 665 1887 est
689 1812 770 1887 dum
787 1814 905 1889 scribit
925 1815 1187 1888 «Samaritanae
1204 1813 1255 1886 illi
1281 1840 1424 1915 praeva-

305 1928 472 2017 ricatrici,
497 1928 637 2028 quaein
654 1954 723 2002 uno
747 1928 819 2003 viro
841 1955 906 2003 non
934 1929 1078 2017 mansit,
1101 1929 1161 2004 sed
1182 1929 1346 2006 lomicata
1366 1946 1423 2006 est

305 2045 340 2116 in
366 2043 482 2116 multis
499 2043 627 2144 nuptiis
655 2045 770 2140 (2Ἷ).»
785 2042 848 2117 Ast
864 2070 918 2118 res
939 2059 991 2118 est
1010 2045 1155 2117 maxime
1172 2044 1315 2134 incerta,
1340 2071 1419 2120 cum

304 2158 398 2230 iuxta
423 2156 601 2230 nonnullos
623 2172 735 2258 patres
752 2173 786 2231 et
804 2158 1001 2258 interpretes
1021 2158 1173 2258 quinque
1197 2159 1327 2258 priores
1351 2157 1417 2234 viri

306 2271 429 2345 luerint
459 2271 597 2369 legitimi
625 2273 722 2368 (28),
746 2271 839 2346 iuxta
864 2271 949 2347 alios
974 2298 1053 2346 vero
1078 2271 1242 2359 adulteri,
1272 2298 1334 2347 seu
1359 2271 1426 2347 for·

307 2385 449 2473 nicarii,
473 2386 520 2458 ita
548 2402 587 2459 ut
612 2385 669 2459 illa
695 2386 730 2458 in
760 2385 949 2461 meretricio
973 2403 1117 2485 quaestu
1143 2412 1182 2460 ac
1206 2383 1348 2459 libidine
1370 2385 1424 2461 vi-

311 2503 417 2589 xerit,
440 2527 501 2575 seu
519 2500 562 2575 ab
581 2501 648 2576 illis
673 2502 849 2603 repudiata
875 2503 974 2576 luerit
998 2505 1087 2599 (29).
1109 2501 1321 2602 Quapropter
1346 2500 1425 2577 ideo

309 2643 339 2691 s.
362 2618 520 2691 lrenaeus
546 2616 683 2715 scripsit
704 2616 899 2690 fornicatam
916 2617 1159 2691 samaritanam
1177 2617 1212 2688 iu
1230 2616 1347 2691 multis
1362 2644 1425 2689 nu·

309 2731 411 2832 ptiis,
433 2758 499 2806 non
525 2731 616 2831 quod
642 2731 811 2804 censuerit
835 2730 1029 2829 illegitimas
1053 2731 1236 2829 generatim
1262 2756 1341 2805 esse
1366 2757 1425 2805 se·

307 2847 436 2921 cundas
454 2863 487 2920 et
503 2846 677 2921 ulteriores
692 2848 842 2947 nuptias,
859 2847 919 2920 sed
941 2847 1031 2946 quod
1048 2847 1241 2945 illegitimas
1258 2872 1297 2921 ac
1314 2845 1421 2922 iorni·

305 2960 415 3034 carias
433 2960 673 3034 existimaverit
684 2961 880 3035 nominatim
894 2961 1003 3035 luisse
1015 2987 1103 3061 quas
1115 2961 1174 3034 illa
1186 2961 1310 3036 inierat
1325 2963 1418 3058 (30).

382 3076 439 3149 Sic
468 3076 569 3150 ctiam
594 3077 694 3176 quasi
721 3076 944 3177 improbantis
962 3078 1010 3151 uti
1033 3076 1225 3175 illegitimas
1253 3076 1423 3152 mundas

308 3192 444 3292 nuptias
470 3192 590 3267 lustini
612 3191 749 3265 clintum
772 3192 857 3266 solet
874 3192 908 3265 in
927 3192 1074 3266 medium
1103 3192 1237 3267 alierri:
1261 3193 1423 3280 «Quem-

308 3306 491 3382 admodum
523 3307 624 3382 etiam
652 3307 712 3408 qui
742 3334 783 3381 ex
813 3308 886 3406 lege
911 3308 1060 3382 bumana
1085 3307 1270 3407 digamiam
1301 3308 1422 3384 ineunt

378 3501 429 3565 (ts)
446 3500 583 3552 nemum
595 3514 665 3566 pour
675 3500 790 3552 rervm
806 3500 886 3552 l'lttst.
899 3502 989 3554 eccm.
1001 3505 1062 3553 torn.
1073 3504 1105 3553 u.
1119 3503 1252 3554 Percurrit.
1266 3515 1327 3553 sores
1350 3501 1421 3553 tent·

302 3593 400 3644 pereso
421 3583 497 3632 Marc
510 3581 600 3632 duret.
611 3582 664 3632 not.
677 3584 719 3633 tx.
731 3594 755 3645 p.
770 3587 825 3632 tte.

378 3660 429 3724 (ts)
442 3660 481 3712 ct.
499 3663 593 3712 Maron.
612 3661 638 3712 ln
653 3664 706 3717 not.
722 3661 754 3713 ed
770 3661 796 3713 b.
815 3662 862 3714 tou

377 3743 428 3806 (²7)
444 3741 498 3793 Lib.
508 3744 554 3793 ΙΙΙ.
572 3745 647 3794 cont.
657 3742 757 3794 bocru.
768 3756 824 3808 cup.
835 3745 910 3794 xvlt.
923 3742 962 3795 ed.
975 3740 1091 3794 Mmoeti
1100 3741 1160 3794 ultas
1173 3746 1238 3794 xlx.
1255 3755 1280 3793 n.
1298 3750 1323 3795 2.

377 3821 429 3885 (tu)
444 3821 483 3871 Ol.
500 3821 613 3872 Toletum
627 3821 652 3871 ln
670 3821 696 3872 h.
715 3822 762 3873 loc.

377 3899 428 3963 (tt)
442 3899 482 3952 cl.
499 3899 634 3951 tieldonat
644 3902 670 3951 et
676 3901 780 3952 calmet.

380 3976 433 4040 (to)
447 3980 527 4042 stoue
543 3979 686 4044 inexperti
696 3980 757 4032 baeu
771 3993 792 4031 s.
804 3980 898 4032 lrenoet
915 3979 988 4031 ruba
1002 3979 1178 4031 Ferardcnttus
1192 3979 1277 4033 dtoens
1292 3982 1376 4033 annm
1391 3982 1419 4033 tn

303 4057 526 4109 bubulconum
537 4059 657 4111 secundas
672 4061 711 4110 ret
728 4061 814 4111 tcrttas
836 4060 937 4111 damna
951 4060 1062 4125 nuptias:
1073 4059 1117 4110 sed
1134 4061 1269 4112 multorum
1284 4061 1417 4113 multato·

306 4150 362 4187 rum
372 4150 439 4188 reum
449 4139 621 4191 samaritidem
631 4140 756 4206 intelligit.
769 4161 781 4185 ν
793 4144 878 4205 usqne
889 4140 921 4193 ab
929 4142 977 4192 hoc
991 4154 1063 4193 sensu
1080 4140 1176 4192 attnutt
1188 4140 1303 4193 Grabtus.
1319 4144 1349 4193 st
1359 4154 1421 4193 stne

306 4215 432 4278 quomodo
450 4217 571 4283 potuisset
585 4232 606 4270 s.
621 4221 736 4271 Irenaeus
756 4219 874 4271 damnare
892 4220 918 4270 tn
942 4220 1094 4272 &martum
1113 4219 1276 4284 polygnmlam
1298 4220 1417 4271 mecast-

308 4307 365 4344 vam
388 4298 444 4347 aute
461 4298 682 4362 promulgationem
697 4300 758 4364 tegle
773 4300 942 4365 cungelm,
960 4313 1018 4352 curn
1035 4300 1061 4350 tu
1077 4300 1154 4352 ruet
1172 4302 1229 4352 test
1242 4299 1419 4353 concedam

307 4372 381 4424 etium
396 4375 533 4440 polygonis
546 4378 707 4430 simultantes?
