3234 5084
315 448 440 504 muru
457 449 498 501 ns
514 446 627 501 cnunc.
645 444 736 503 rmxr
749 444 874 501 unctu.-
889 444 1035 497 runnur.
1052 445 1123 497 nur.
1136 446 1172 499 ιι.
1223 426 1292 499 tto

179 570 345 674 pmmtitit
368 567 644 667 archiepiscopus
669 564 973 664 monsregalonsis,
994 562 1037 639 ab
1054 564 1177 639 officio·
1189 564 1298 643 desci-

178 696 322 775 rerunt,¹
338 700 371 760 et
395 711 416 759 a
441 699 552 758 mente
569 682 692 757 summi
716 680 905 781 pontilicis,
926 680 984 781 qui
1002 681 1207 757 contrarium
1224 702 1296 756 om-

179 803 260 877 nino
290 798 476 877 constimit.
515 798 595 897 Ipse
617 795 744 873 nullam
772 795 910 870 omnino
927 795 1185 871 ‘distinctionem
1211 795 1298 871 inter

179 918 346 1018 privatum
371 930 413 991 et
444 912 613 1014 publicam
647 912 877 989 auctoritatem
909 910 1064 999 admisit,
1086 910 1188 991 immo
1218 937 1300 997 vero

178 1056 430 1134 quamcumque
444 1028 694 1103 distinctionem
720 1025 1016 1128 penitusexclusit
1038 1027 1176 1105 dicens:
1204 1030 1299 1103 collo

256 1262 290 1333 b.
318 1257 439 1333 Obstat
463 1257 542 1331 fidei
569 1255 711 1331 lormula
736 1255 780 1333 ab
805 1255 940 1331 Urbano
956 1255 1042 1329 vltl.
1062 1255 1220 1331 omuibus
1238 1258 1298 1357 qui

179 1401 222 1450 ex
248 1373 431 1451 schismate
455 1372 499 1446 ad
524 1372 684 1447 unitatem
709 1398 747 1447 se
772 1372 920 1473 recipere
940 1370 1082 1459 vellent,
1104 1371 1296 1472 proposita,

179 1505 214 1564 et
245 1514 265 1562 a
292 1487 470 1561 Benedicta
497 1486 581 1558 xlv.
615 1485 812 1561 confirmata
844 1502 878 1559 et
910 1501 1094 1573 renouuta,
1137 1485 1170 1559 ui
1202 1486 1299 1563 cuius

180 1605 291 1704 graeci
311 1603 506 1705 profitentur
522 1602 727 1677 matrimonii
740 1602 908 1676 viaculum
923 1601 1149 1676 indissolubile
1165 1626 1250 1687 csse,
1266 1618 1300 1676 et

181 1720 338 1821 quamvis
369 1733 505 1820 propter
534 1716 754 1805 adulterium,
782 1716 950 1793 haeresim
982 1732 1039 1793 aut
1068 1716 1154 1791 elias
1178 1741 1299 1795 causas

181 1835 290 1937 possit
313 1834 401 1909 inter
424 1834 585 1932 coniuges
610 1834 672 1908 tori
697 1850 731 1907 et
761 1832 979 1907 habitationis
1005 1832 1173 1933 separatio
1198 1831 1294 1920 fieri,

180 1962 293 2026 tumen
325 1950 395 2025 illis
428 1950 521 2025 sliud
554 1949 804 2025 matrimonium
829 1949 1027 2025 contrahere
1043 1948 1096 2023 ias
1121 1974 1187 2024 non
1206 1975 1294 2023 esse.

181 2067 332 2142 lamrero
356 2067 471 2166 siqui
500 2065 659 2141 accedere
688 2065 829 2167 cupiunt
852 2064 896 2139 ad
925 2064 1088 2145 ecclesiae
1111 2063 1298 2139 catholicae

180 2181 343 2256 unitatem
372 2195 527 2255 tenentur
555 2181 601 2257 ita
634 2180 759 2253 sentire
780 2196 817 2255 et
845 2178 1014 2279 profiteri,
1041 2178 1127 2255 adeo
1156 2194 1194 2252 ut
1225 2179 1300 2255 sine

178 2297 348 2371 eiusmodi
374 2297 582 2395 professione
614 2296 683 2369 illis
714 2295 825 2369 aditus
847 2294 890 2368 ad
915 2297 1072 2370 unionem
1097 2293 1298 2373 catholicam

181 2410 366 2485 nullimode
397 2427 531 2512 pateat,
564 2410 745 2485 dicendum
771 2437 814 2483 ne
840 2411 904 2483 erit
929 2411 962 2483 id
989 2410 1057 2484 illis
1086 2435 1188 2511 posse
1219 2436 1296 2510 per-

181 2523 290 2613 mitti,
327 2526 386 2624 qui
418 2526 485 2598 iam
520 2525 555 2596 in
590 2523 751 2598 ecclesiae
782 2524 968 2598 catholicae
1003 2525 1237 2599 communione
1267 2540 1302 2598 et

182 2640 311 2714 unitate
335 2638 573 2741 reperiuntur?
598 2640 682 2726 Quis
713 2665 818 2713 sanus
848 2639 884 2712 id
907 2639 961 2714 uel
989 2640 1135 2736 cogitare
1165 2640 1302 2738 potest?

186 2755 385 2829 Praesertim
416 2782 493 2830 cum
523 2754 607 2829 haec
638 2752 755 2828 eadem
787 2753 867 2827 fidei
896 2754 1062 2855 professio
1093 2754 1299 2843 identidem,

186 2893 307 2967 nempe
322 2870 359 2940 in
375 2870 461 2943 actis
479 2868 737 2944 solemnioribus
755 2897 776 2942 e
792 2870 923 2967 graecis
940 2870 1044 2945 unitis
1061 2869 1135 2944 fieri
1152 2869 1299 2945 debeat?

261 2984 294 3055 l.
323 2982 444 3057 Obstat
464 3011 533 3059 sac.
551 2982 818 3083 congregationis
835 2984 986 3072 concilii,
1002 2998 1034 3058 et
1047 3011 1096 3059 ss.
1113 2985 1305 3085 inquisitio·

189 3098 245 3172 nis
263 3097 450 3187 decretum,
475 3125 543 3199 quo
562 3116 717 3198 negatum
746 3115 798 3175 est
822 3125 924 3199 posse
946 3101 1141 3200 quempiam
1167 3115 1303 3201 propter

185 3213 389 3289 adulterium
413 3240 548 3289 uxorem
574 3215 716 3289 iuridice
739 3215 892 3289 criminis
917 3216 1103 3290 convictam
1120 3214 1302 3313 etIconies·

185 3355 260 3405 sam
284 3329 459 3418 deserere,
488 3330 535 3403 ita
559 3344 596 3403 ut
619 3329 720 3404 liceat
744 3355 867 3404 novum
892 3330 1060 3407 celebrare
1085 3330 1300 3427 coniugium,

184 3445 340 3545 quamtis
365 3469 486 3542 graeca
511 3443 662 3544 synodus
686 3448 888 3519 contrariam
915 3445 1115 3519 sententiam
1138 3443 1299 3518 emiserit.

186 3561 249 3634 Hic
275 3586 374 3660 porro
398 3576 451 3633 est
475 3586 576 3633 casus
600 3559 667 3633 illis
689 3560 878 3649 identicus,
897 3560 931 3632 in
957 3558 1083 3660 quibus
1100 3559 1194 3633 card.
1215 3558 1304 3631 hicn·

186 3674 300 3750 taltius
325 3674 603 3775 archiepiscopus
629 3674 750 3747 Montis
773 3673 907 3772 Regalis
934 3675 968 3746 in
994 3672 1109 3747 Sicilia
1127 3672 1304 3772 indulgere

185 3789 311 3865 vinculi
336 3789 593 3865 dissolutionem
612 3789 708 3864 visus
727 3803 791 3863 est.

260 3906 369 4006 Atque
399 3923 436 3982 ut
464 3932 534 3981 rem
563 3920 665 3981 totam
696 3904 814 4005 paucis
835 3906 1108 3995 ,concludamus
1137 3906 1169 3980 si
1192 3905 1304 4003 graeci

186 4020 273 4095 uniti
297 4021 452 4097 catholici
479 4039 576 4109 sunt,
600 4020 724 4095 dehent
749 4022 907 4097 omnibus
940 4023 1073 4097 concilii
1096 4021 1305 4097 oecumenici

186 4150 221 4209 et
238 4146 450 4210 romanorum
469 4138 664 4237 pontificum
681 4136 916 4212 sanctionibus
933 4137 1175 4237 obtemperare.
1204 4136 1305 4210 Porro

187 4266 225 4324 ut
248 4276 289 4323 ex
314 4250 425 4328 allatis
452 4252 660 4329 documentis
688 4269 803 4352 patet,
824 4279 892 4328 non
914 4254 1026 4328 solum'
1040 4252 1207 4328 fidelihus
1230 4252 1306 4353 qui·

185 4366 398 4470 buseumque
423 4370 560 4444 vetitum
586 4386 638 4445 cst
662 4371 774 4473 quoad
799 4371 972 4446 uinculum
989 4372 1024 4445 in
1048 4370 1204 4448 adulterii
1221 4375 1306 4443 'c'ssu

1207 4488 1230 4535 s
