3234 5084
336 433 404 505 ito
479 452 540 505 ιιι.
563 452 609 504 ιιι.
631 451 717 504 saon.
739 452 1301 505 mnam.nnmn1ss.mrn.uamsr.

333 560 526 670 coniugium
548 569 753 660 dissolvere,
773 571 833 646 sed
860 586 1031 672 praeterea
1055 570 1268 646 declarantur
1290 598 1447 674 expresse

334 688 429 761 irrita
452 712 493 760 ae
517 686 628 775 nulla,
656 687 780 786 siqua
808 702 886 787 post
914 686 1157 788 separationem
1187 686 1344 784 ooniugia
1367 712 1449 763 oon·

334 803 519 878 trahantur.
549 802 615 890 Qui
641 802 782 902 proinde
800 801 867 877 hoo
891 802 1144 890 attentaverint,
1167 802 1371 904 quicumque
1391 803 1452 877 ds·

333 945 426 992 mum
451 917 500 992 illi
518 919 587 993 sint
604 919 677 992 sive
701 918 812 1017 graeei
830 919 902 993 sive
927 917 1043 1007 latini,
1068 917 1280 1018 polygamiae
1296 918 1450 993 simulta-

334 1060 418 1108 nsae
444 1034 490 1107 rei
517 1034 776 1108 eonstituuntur.

408 1146 624 1246 Quapropter
635 1173 710 1220 cum
731 1145 831 1244 vulgo
849 1146 972 1219 dieitur
984 1145 1161 1220 eeclesiam
1174 1146 1209 1218 in
1221 1147 1351 1244 graecis
1362 1145 1452 1221 eius·

334 1265 424 1339 modi
450 1263 594 1336 divortia
617 1261 776 1351 tolerare,
797 1262 938 1360 intelligi
964 1261 1000 1334 id
1025 1261 1125 1336 debet
1147 1265 1314 1361 nepotioe,
1335 1279 1450 1362 quate·

334 1405 399 1452 nus
425 1378 550 1478 patitur
573 1378 664 1477 quod
689 1378 854 1477 impedire
879 1371 953 1450 non¹
972 1392 1102 1477 potest,
1123 1394 1222 1476 prout
1244 1404 1284 1451 se
1299 1379 1385 1475 gerit
1401 1402 1453 1451 re-

333 1495 399 1567 late
423 1492 466 1565 ad
491 1492 558 1565 alia
584 1508 740 1591 peecata,
771 1490 897 1592 quibus
924 1491 985 1564 lilii
1010 1491 1086 1565 eius
1112 1508 1229 1565 eontra
1254 1492 1364 1592 ipsius
1390 1518 1448 1566 vo·

288 1678 291 1687 ,
334 1608 495 1683 luntatem
513 1633 550 1681 se
567 1607 831 1696 commaculant,
853 1633 996 1707 reosque
1011 1607 1170 1682 efficiunt.
1195 1607 1286 1682 Haeo
1302 1604 1450 1682 iaeinora

334 1725 499 1826 impedire
519 1749 579 1824 pro
598 1722 729 1797 viribus
752 1750 875 1797 munus
899 1737 952 1796 est
980 1722 1268 1822 praepositorum,
1296 1748 1358 1796 seu
1381 1723 1452 1821 epi·

335 1830 534 1939 sooporum,
561 1837 619 1938 qui
645 1838 733 1910 omni
760 1838 888 1911 ratione
913 1852 1066 1935 satagere
1090 1835 1231 1924 debent,
1255 1852 1293 1910 ut
1316 1836 1450 1910 concilii

335 1954 379 2028 ds
397 1953 610 2027 matrimonio
625 1952 778 2025 doctrina
795 1953 831 2024 in
850 1954 979 2052 praxim
996 1951 1193 2026 deducatur.
1214 1950 1313 2039 Quod
1331 1953 1362 2026 si
1380 1953 1449 2052 ipsi

336 2067 561 2166 negligentius
585 2083 688 2166 agant
711 2084 746 2141 et
768 2066 896 2142 abusus
920 2095 961 2141 ex
987 2094 1101 2143 eorum
1126 2067 1257 2142 inmania
1277 2084 1312 2143 et
1333 2068 1451 2143 sonni-

337 2183 449 2257 rentia
473 2184 640 2282 irrepant,
664 2182 858 2257 eommdem
882 2200 1039 2259 oneratur
1055 2183 1271 2259 eonscientia.
1300 2183 1343 2258 Et
1366 2180 1452 2258 iaec

339 2299 512 2374 haetenus.

779 2520 943 2581 CAPUT
963 2522 1007 2579 V.

458 2737 497 2786 ΒΕ
522 2736 694 2788 saturitas
719 2737 913 2789 intentatus
938 2735 1124 2789 airaimian
1149 2735 1328 2789 tumetium

564 2853 621 2902 SEU
647 2854 687 2902 iiii
711 2853 922 2904 sarmatario
948 2852 1042 2904 tarsa
1066 2851 1222 2903 coniuent

593 2965 696 3024 Queat
713 2967 819 3019 tottiiii
838 2969 876 3017 El*
894 2967 1181 3019 consultationis.

754 3175 964 3233 anticanis
982 3177 1003 3231 i.

339 3360 460 3421 Consilii
488 3361 636 3422 tridentini
657 3362 789 3423 doctrina
809 3362 846 3423 de
869 3367 1047 3441 separatione
1067 3366 1163 3443 quoad
1192 3373 1287 3429 torum
1307 3375 1337 3428 et
1357 3369 1445 3431 coha-

410 3458 577 3519 bitationem
598 3460 695 3537 plures
721 3461 759 3521 ob
783 3477 903 3537 causas,
925 3469 1059 3523 manente
1083 3463 1217 3541 vinculo,
1239 3468 1396 3542 exponitur
1414 3474 1445 3527 et

411 3556 583 3619 vindleatur.

408 3786 482 3874 Quo
507 3804 728 3888 protestantes
757 3791 924 3867 faciliores
950 3819 988 3868 se
1010 3793 1171 3893 praebent
1193 3794 1236 3868 ad
1261 3792 1451 3868 dirimenda

335 3901 492 3999 coniugia
515 3903 628 4003 quoad
652 3905 844 3994 vinculum,
873 3932 913 3981 eo
937 3907 1143 3984 difficiliores
1163 3935 1202 3983 se
1228 3908 1389 3983 exhibent
1414 3909 1450 3981 in

335 4015 541 4091 admittenda
564 4019 757 4094 eorumdem
773 4020 995 4097 dissolutione
1012 4024 1124 4124 quoad
1141 4021 1249 4098 torum
1270 4040 1401 4099 tantum
1416 4038 1452 4098 et

335 4129 589 4207 habitationem.
619 4133 714 4221 Quae
743 4135 881 4236 quidem
909 4136 1030 4234 agendi
1062 4140 1145 4214 ratio
1178 4137 1244 4212 sibi
1269 4138 1446 4225 cohaeret;

333 4245 418 4346 quid
444 4248 534 4322 enim
558 4250 659 4325 refert
682 4251 870 4326 dissolvere
894 4253 1052 4352 coniugia
1075 4254 1188 4355 quoad
1205 4269 1315 4331 torum
1336 4270 1370 4329 et
1393 4278 1449 4327 eo-

332 4360 594 4457 habitationem,
622 4367 759 4467 quando
781 4367 882 4465 longe
901 4367 1030 4445 laoilior
1055 4371 1140 4471 ipsis
1165 4370 1315 4471 suppetit
1333 4371 1388 4445 ila
1410 4394 1449 4443 se
