3234 5084
328 411 1283 483 mmmmmmmm

411 548 531 622 Verum
555 562 593 621 ut
617 545 794 620 redeamus
823 544 869 617 ad
893 543 930 616 id
953 540 1045 617 unde
1072 541 1314 629 discessimus,
1345 540 1445 616 aliud

324 664 452 739 crimen
476 662 526 737 ob¹
545 660 636 762 quod
661 660 831 760 separatio
848 658 922 733 fiori
947 674 1056 759 potest
1078 659 1166 732 inter
1189 657 1366 755 coniuges,
1388 672 1446 730 est

326 777 498 879 apostasia
514 804 536 850 a
551 801 631 851 vere
648 775 828 873 religione,
851 800 912 849 seu
936 799 958 848 a
982 772 1148 848 catholica
1171 772 1334 860 ecclesia,
1354 797 1449 872 quae

326 892 520 991 contingere
533 905 643 989 potest
655 904 726 963 tum
738 886 948 962 infidelitatis
967 902 1037 961 tum
1048 886 1200 961 haerasia
1218 887 1442 986 professione.

327 1004 434 1107 quue
459 1005 634 1106 potissime
659 1004 769 1078 locum
790 1002 893 1078 habet
916 1028 993 1077 cum
1017 1003 1121 1076 instat
1144 1002 1369 1103 perversiouis
1387 1027 1446 1101 pe-

326 1120 492 1207 riculnm;
521 1144 726 1220 quamquam
753 1142 910 1218 separare
933 1143 971 1192 se
999 1117 1159 1215 coniuges
1184 1118 1316 1218 possint
1340 1117 1446 1190 ehem

326 1251 365 1309 ut
380 1235 551 1310 horrorem
570 1234 762 1332 significent
778 1233 863 1307 adeo
884 1232 1041 1306 immanis
1063 1232 1222 1308 facinoris
1243 1234 1334 1329 (it).
1355 1232 1447 1304 Saue

327 1377 394 1425 non
415 1350 538 1425 desunt
553 1350 589 1422 in
607 1349 748 1422 historia
764 1347 993 1422 ecclesiastica
1010 1347 1181 1449 praeclara
1197 1345 1351 1445 exempla
1367 1372 1447 1419 san·

326 1481 454 1540 ctamm
482 1464 682 1552 mulierum,
711 1489 799 1564 quae
825 1489 863 1537 se
885 1490 906 1536 a
932 1464 1090 1538 societate
1113 1476 1343 1562 apostatarum
1368 1460 1449 1535 sah·

329 1594 518 1667 traxerunt,
547 1606 731 1679 earumque
756 1579 815 1679 pia
830 1578 952 1676 agendi
970 1579 1054 1653 ratio
1071 1603 1139 1652 non
1156 1575 1261 1651 semel
1284 1576 1448 1654 salutans

328 1696 473 1769 maxime
500 1694 565 1768 luit
587 1694 670 1768 viris
695 1694 804 1794 ipsis,
832 1694 891 1794 qui
921 1693 1157 1793 resipiscentes
1188 1693 1376 1768 nonmodo
1401 1694 1446 1767 ad

328 1810 501 1885 meliorem
520 1808 650 1907 frugem
671 1810 814 1884 revocati
832 1824 929 1897 sunt,
948 1809 1182 1884 verumetiam
1200 1807 1337 1906 gloriosi
1353 1835 1446 1882 mer-

328 1928 426 2026 tyres
444 1939 622 1998 evaserunt
640 1925 672 2020 (1
680 1926 729 2019 i).
752 1923 827 2009 Qua
843 1923 887 1997 de
903 1950 939 1997 rs
955 1923 1160 1998 iaculantum
1177 1922 1342 1998 hahemus
1359 1923 1448 2023 Apo-

329 2039 407 2115 stoli
432 2039 595 2113 mouitum
619 2039 663 2112 ad
687 2038 799 2112 Titum
824 2039 885 2111 iii.
914 2040 974 2112 it.
1003 2038 1249 2113 «haereticum
1274 2038 1447 2114 hominem

330 2171 408 2254 post
422 2179 525 2228 unam
542 2169 576 2228 et
591 2153 775 2228 secundam
793 2153 1035 2256 correptionem
1051 2152 1208 2229 devio.»
1229 2152 1360 2241 Quibus
1376 2180 1449 2229 ser·

329 2268 385 2343 his
403 2267 586 2368 Apostolus
603 2258 719 2343 omnes
737 2295 876 2368 prorsus
893 2267 1140 2369 complectitur,
1162 2269 1254 2343 nulla
1270 2285 1447 2370 parentum

331 2402 390 2459 aut
412 2383 526 2459 uxoris
552 2383 747 2484 exceptione
772 2385 872 2459 lacta.
907 2384 1035 2458 Eodem
1059 2410 1195 2485 quoque
1223 2410 1327 2460 sensu
1351 2384 1448 2460 intel·

330 2498 391 2598 ligi
415 2497 515 2572 debet
539 2496 665 2573 Christi
687 2500 855 2574 sententia
871 2500 951 2572 Luc.
969 2499 1052 2571 xiv.
1074 2501 1134 2573 io.
1157 2499 1226 2572 «Si
1251 2499 1329 2600 quis
1353 2500 1449 2575 veuit

331 2614 374 2689 ed
399 2640 474 2703 me,
496 2629 531 2688 et
555 2640 622 2689 oon
648 2614 719 2690 odit
739 2631 869 2715 patrem
887 2640 986 2689 suum
1003 2628 1037 2688 st
1053 2629 1191 2689 matrem
1208 2630 1444 2690 utmorem...

332 2756 399 2805 non
424 2746 535 2829 potest
556 2757 654 2805 meus
680 2756 757 2805 esse
781 2729 1020 2829 discipulus.»

404 2846 517 2919 Tertia
540 2846 686 2946 denique
708 2871 813 2919 causa
836 2845 1041 2920 dissociandi
1067 2844 1260 2945 coniugium
1284 2859 1336 2919 est
1352 2844 1383 2918 si
1401 2844 1447 2919 al·

331 2974 383 3031 ter
411 2959 590 3057 coniugum
615 2958 756 3032 alterum
780 2960 825 3033 ad
850 2976 1024 3060 peccatum
1048 2958 1218 3062 impellat3
1254 2958 1345 3061 quod
1374 2959 1447 3035 lieri

333 3071 511 3173 multiplici
531 3074 660 3148 ratione
676 3074 868 3165 consucvit,
887 3074 1021 3165 verbis,
1042 3075 1216 3176 exemplo,
1235 3075 1444 3163 seductione,

412 3251 462 3316 (it)
479 3253 508 3302 iu
528 3251 567 3302 bis
587 3250 699 3304 habaida
721 3254 758 3304 cst
778 3254 842 3305 ratio
862 3255 1138 3319 temporum‚iocorum
1160 3266 1189 3305 ec
1202 3267 1372 3319 personarum.
1384 3256 1446 3305 iiam

334 3343 401 3383 nouo
421 3334 546 3397 receptum
566 3334 604 3384 est
621 3332 712 3398 passim
734 3333 760 3384 in
780 3334 867 3386 Galliis
889 3334 1031 3398 pnesertim
1052 3346 1083 3385 ao
1096 3334 1122 3384 in
1140 3335 1271 3386 Geminis
1290 3336 1316 3385 ct
1332 3334 1446 3397 hunda,

333 3415 363 3465 nt
384 3413 542 3466 metanoeis
561 3413 639 3465 mixta
660 3413 829 3479 sciebantur,
841 3416 867 3466 ct
885 3414 978 3466 sicum
990 3413 1073 3464 debita
1084 3414 1215 3477 facultate,
1225 3415 1377 3478 maique
1388 3426 1447 3465 oon·

333 3494 469 3546 ditionibus
489 3494 515 3545 id
535 3494 592 3558 flat,
612 3494 679 3546 licite
698 3493 734 3545 ot.
751 3494 776 3545 Si
803 3495 878 3559 igitur
899 3494 966 3545 licite
985 3494 1099 3547 contrahi
1120 3494 1261 3558 coniugium
1289 3496 1368 3558 potest
1388 3506 1446 3545 cum

333 3574 479 3637 hncmtieis,
491 3588 548 3625 cum
568 3573 656 3626 iisdem
677 3573 744 3626 licite
762 3573 905 3624 cohabitare
923 3573 1039 3637 coniuges
1058 3573 1173 3625 catholici
1193 3576 1296 3638 possunt
1313 3576 1370 3638 post
1390 3572 1447 3624 isae-

333 3668 415 3707 roseos
432 3654 535 3719 crimen,
548 3657 621 3721 prout
636 3668 721 3707 msera
740 3654 767 3706 in
789 3655 840 3707 iliis
859 3654 999 3719 regionibus
1018 3657 1044 3706 ct
1060 3655 1121 3707 aiibi
1140 3655 1194 3708 lieri
1210 3655 1338 3707 musucrit
1350 3655 1448 3707 nemine

333 3737 490 3800 repugnante.

411 3816 460 3877 (iii
476 3817 543 3866 inter
563 3816 657 3867 oetems
675 3815 788 3881 exemplo
806 3814 839 3866 sit
857 3829 878 3866 s.
902 3814 1006 3867 iacchus
1023 3819 1098 3867 Persa
1119 3816 1280 3879 cognomento
1298 3817 1446 3867 intercisos

334 3893 367 3944 ob
386 3892 486 3945 crudele
506 3892 573 3958 quod
593 3894 619 3944 io
637 3894 754 3945 membris
775 3894 878 3958 siugulis
901 3894 1012 3960 corporis
1032 3895 1072 3946 sni
1093 3895 1237 3957 muntium
1256 3894 1381 3945 sustinuit.
1399 3893 1447 3945 iiis

333 3973 447 4037 quamvis
462 3986 492 4024 cx
507 3973 647 4025 christianis
664 3974 816 4039 genitoribus
832 3976 989 4039 progenitus,
1001 3975 1026 4025 in
1042 3973 1121 4039 regis,
1132 3973 1236 4037 gratiam
1256 3986 1306 4024 nou
1322 3972 1447 4023 dubitarit

332 4053 380 4104 soli
401 4057 426 4104 et
443 4053 494 4117 igni
515 4053 609 4104 cultum
628 4054 818 4118 exhiberemus
836 4054 867 4105 de
886 4067 960 4105 causa
981 4054 1035 4105 eius
1057 4055 1178 4105 meteret
1198 4067 1261 4104 uxor
1282 4051 1374 4117 ingenti
1387 4051 1446 4103 alie·

332 4136 388 4186 ctae
405 4134 528 4187 moestitia
538 4148 568 4186 ac
585 4134 670 4187 dolore
688 4136 793 4200 percitae
811 4148 838 4186 se
856 4135 889 4186 ab
907 4135 960 4186 cius
976 4135 1137 4187 coutubernio
1151 4134 1325 4186 subtraxerunt
1339 4144 1446 4196 amnone

333 4214 448 4280 gravibus
470 4215 559 4267 littoris
581 4215 613 4268 de
637 4229 720 4268 errore
738 4215 916 4280 obiurgemui3
939 4214 1031 4279 quibus
1052 4215 1095 4267 ille
1114 4217 1241 4281 permotus
1258 4229 1288 4267 ao
1312 4215 1338 4265 in
1357 4226 1386 4264 se
1407 4224 1445 4263 rc·

335 4308 420 4345 remus
439 4294 473 4345 ad
492 4295 615 4360 quaelibet
634 4295 775 4361 perierem·
794 4308 823 4346 se
840 4293 891 4359 regi
909 4294 1009 4347 obtulit
1026 4297 1063 4347 De
1079 4308 1131 4362 quo
1150 4296 1246 4362 prsetet
1260 4293 1390 4348 Bmonium
1401 4291 1442 4342 (il.

331 4374 510 4440 ,iicnotooiom
524 4388 658 4442 praecum.
676 4375 763 4428 Urbini
787 4380 857 4429 tiae.
870 4389 924 4441 pur.
940 4378 999 4441 ip.
1014 4382 1068 4428 tii.
