3234 5084
316 406 384 476 tit
461 430 586 479 usur.
606 429 692 479 ιιιι.
709 430 839 479 struas.
859 398 1145 481 serumserum.
1165 396 1292 484 ιιιιιιιιᾲ

628 507 633 537 t

386 546 616 620 Temeritatem
643 549 733 646 sapit
756 549 846 648 quod
872 566 990 649 quarto
1013 549 1085 623 loco
1109 550 1239 649 absque
1260 551 1330 625 ullo
1356 551 1434 625 lun-

316 660 472 733 damento
489 661 692 748 scientifico,
715 662 775 736 scd
792 690 833 735 ιι
851 690 941 737 mera
958 664 1153 737 coniectura
1178 682 1212 737 ιι
1229 664 1436 739 divinatione

316 777 389 875 ipse
413 776 559 864 adiecit,
587 778 685 876 quasi
713 805 834 878 nempe
859 778 908 851 illi
935 778 1249 852 iudam-christiani
1269 781 1438 880 potuerint

318 890 444 988 insigni
471 891 519 963 uti
545 890 662 964 lraude
688 909 726 965 ut
749 892 990 993 persuaderent
1007 919 1027 966 a
1045 892 1181 966 Christo
1198 894 1341 966 Domino
1360 920 1438 992 per-

315 1004 456 1077 missum
477 1004 583 1078 luisse
596 1005 774 1079 divortium
794 1007 829 1078 in
848 1033 952 1080 causa
969 1005 1144 1095 adulterii,
1167 1025 1265 1106 prout
1286 1009 1320 1080 in
1333 1009 1436 1083 veteri

316 1116 389 1213 lege
413 1117 578 1190 indultum
604 1119 711 1192 luerat
735 1145 755 1192 a
779 1121 906 1219 Moyse.
937 1121 1027 1193 Haeo
1052 1121 1142 1193 enim
1168 1146 1234 1195 non
1259 1121 1360 1195 modo
1385 1123 1438 1193 in-

316 1232 507 1319 credibilia,
524 1234 585 1307 sed
599 1261 738 1333 prorsus
752 1235 899 1308 absurda
913 1261 990 1309 asse
1002 1235 1311 1334 deprehenduntur.
1329 1238 1438 1311 Evan-

316 1345 394 1442 gelii
420 1347 625 1447 exemplaria
654 1349 804 1422 omnium
837 1349 1028 1422 terebantur
1057 1349 1239 1435 manibus;
1267 1351 1437 1450 quomodo

316 1461 416 1558 igitur
440 1462 628 1561 potuissent
649 1464 706 1538 isti
734 1490 774 1538 ex
800 1464 969 1538 iudaismo
991 1465 1034 1537 ad
1059 1463 1253 1562 religionem
1279 1465 1437 1539 christia-

316 1604 393 1649 nam
408 1579 559 1652 conversi
574 1604 614 1650 ιι
628 1580 764 1678 scriptis
777 1579 959 1654 Clementis
977 1580 1186 1653 alexandrini
1205 1580 1434 1679 exceptionem

316 1687 351 1764 in
377 1718 480 1767 causa
511 1694 665 1768 adulterii
694 1696 727 1766 in
755 1694 812 1769 illa
838 1695 1031 1793 evangelica
1057 1694 1131 1769 loca
1156 1694 1361 1770 transferre?
1388 1698 1437 1771 Eo

314 1805 367 1879 vel
393 1807 502 1904 magis
520 1807 612 1906 quod
634 1809 815 1910 scriptores
839 1808 1000 1882 Clementi
1018 1809 1130 1882 coaevi
1152 1836 1192 1883 ιο
1213 1836 1378 1910 suppares
1396 1811 1438 1882 il-

316 1921 383 1995 lam
398 1923 568 1996 attulerint
581 1940 751 2023 tamquam
764 1951 805 1998 ex
824 1925 997 2022 evangelio
1012 1925 1168 1998 Matthaei
1184 1926 1433 2025 depromptam,

316 2051 353 2109 ut
369 2053 499 2111 constat
522 2064 563 2109 en
588 2037 698 2111 allatis
725 2039 937 2113 documentis
965 2040 1107 2125 lumini,
1133 2039 1310 2138 Theophili
1329 2040 1436 2115 antio-

316 2150 415 2225 cheni
442 2179 483 2226 ac
510 2153 737 2227 Tertulliani?
761 2154 916 2239 Accedit,
950 2155 1040 2254 quod
1066 2153 1229 2252 Origenes
1255 2153 1437 2229 Clementis

316 2266 505 2366 discipulus
523 2295 563 2342 ιο
580 2294 755 2342 successor
772 2270 807 2340 in
828 2269 945 2343 schola
966 2269 1185 2342 alexandrina
1202 2286 1317 2369 aperte
1339 2286 1437 2368 neget

317 2410 337 2455 a
363 2383 478 2482 hloyse
505 2409 564 2482 per
588 2385 773 2483 foeditatem
798 2385 904 2459 luisse
927 2385 1154 2482 significatum
1181 2385 1216 2457 id
1235 2386 1324 2486 quod
1342 2384 1437 2458 Chri·

317 2514 390 2572 stus
417 2524 478 2596 per
503 2501 731 2597 [crematione
756 2525 889 2573 causam
915 2500 1082 2598 expressit
1108 2503 1196 2596 (19).
1226 2499 1323 2585 Quod
1349 2518 1436 2575 certe

317 2638 383 2685 non
402 2613 557 2701 lecisset,
581 2617 610 2687 si
630 2640 670 2687 ea
686 2614 790 2688 verba
810 2613 934 2687 recenti
955 2613 1040 2686 adeo
1059 2612 1314 2713 interpolatione
1330 2641 1437 2713 nuper

317 2726 453 2802 inducta
476 2728 621 2802 luissent
645 2729 736 2802 iuxta
762 2729 950 2802 adversarii
977 2729 1083 2802 nostri
1111 2726 1295 2802 somniumJ

402 2845 471 2916 lam
493 2845 748 2944 expendendum
769 2861 822 2919 est
850 2861 961 2918 utrum
991 2844 1122 2918 felicius
1153 2846 1229 2942 Hng
1265 2871 1436 2944 pugnave-

319 2957 381 3044 rit,
409 2958 489 3030 dum
516 2960 562 3031 uti
590 2958 633 3031 ab
658 2959 768 3032 aliena
796 2985 898 3032 manu
930 2959 1090 3033 insertam
1122 2976 1223 3032 totam
1253 2960 1436 3059 pericopen

317 3072 432 3144 Matth.
449 3073 536 3145 xix.
555 3076 588 3144 9.
607 3073 713 3147 luisse
725 3074 907 3148 contendit.
925 3074 1074 3148 Proiecto
1088 3074 1122 3145 id
1139 3074 1247 3173 primo
1260 3100 1327 3147 non
1344 3074 1436 3147 evin·

317 3188 363 3261 cit
385 3187 530 3261 varietas
555 3189 759 3277 lectionum,
788 3216 877 3289 quae
908 3190 941 3261 in
971 3189 1035 3263 hoo
1060 3204 1225 3263 commate
1256 3188 1430 3287 reperitur,

317 3301 490 3401 Siquidem
505 3319 598 3375 tanta
614 3328 655 3376 aa
672 3329 738 3377 non
758 3320 827 3391 est,
849 3318 948 3403 prout
968 3302 1064 3401 fingit
1089 3302 1208 3376 doctus
1234 3301 1290 3374 hic
1306 3318 1340 3375 et
1357 3327 1434 3374 eru·

401 3498 450 3561 (ta)
466 3501 502 3548 lin
523 3499 597 3548 verbe
608 3498 719 3561 origenis
737 3511 766 3548 cx
778 3499 820 3548 cit.
834 3504 894 3548 urm.
905 3500 969 3548 xiv.
983 3498 1009 3546 in
1023 3499 1110 3548 natta.
1123 3511 1149 3548 n.
1164 3503 1202 3548 at.
1226 3497 1435 3547 «prostrantes

317 3577 428 3628 iudaicus
439 3577 562 3643 quispiam
582 3578 634 3641 vir,
651 3592 681 3627 ex
693 3579 724 3628 iis
733 3579 776 3640 qni
789 3577 947 3641 Sospimtoris
963 3577 1039 3628 nostd
1054 3576 1180 3627 dochinus
1200 3576 1314 3640 refragari
1326 3576 1434 3637 audent,

317 3660 397 3707 lasum
416 3658 496 3721 ipsum
514 3671 572 3709 cnm
591 3657 666 3708 dixit:
690 3660 778 3708 omnis
797 3660 845 3722 qut
863 3657 993 3708 duruerit
1012 3669 1124 3707 uxorem
1137 3669 1231 3717 sumn,
1253 3658 1362 3720 excepta
1375 3654 1434 3717 sor·

317 3738 457 3788 nicationis
474 3737 647 3799 cassasset!
666 3750 725 3787 cnm
743 3736 890 3799 moechari,
903 3736 1067 3800 repudiandas
1086 3735 1171 3786 uxoris
1189 3737 1333 3800 potestatem
1349 3734 1435 3784 iecisse

318 3815 383 3865 hand
400 3830 469 3868 secus
487 3831 517 3867 ιο
538 3819 662 3881 Moysen,
684 3830 757 3880 quem
775 3830 820 3881 pro
840 3816 931 3867 duritia
951 3815 1033 3867 cordis
1050 3815 1135 3880 populi
1153 3815 1231 3879 legem
1251 3815 1336 3866 tulisse
1355 3813 1431 3864 dixit:

315 3900 340 3945 st
359 3896 434 3946 iliud:
452 3901 499 3960 qut
516 3895 674 3958 foeditatem
689 3899 717 3946 in
728 3909 760 3946 ea
777 3898 891 3957 incenit,
910 3895 975 3945 idem
990 3907 1044 3945 csse
1059 3894 1132 3945 docet
1152 3907 1181 3944 ac
1197 3892 1365 3943 fornicationis
1376 3904 1432 3941 cau·

316 3987 385 4037 sain,
405 3978 502 4038 propter
522 3988 596 4038 quam
612 3976 664 4026 iure
685 3975 773 4025 mulier
791 3987 806 4024 a
826 3975 880 4024 viro
902 3973 1024 4037 repudiari
1043 3973 1131 4036 possit.
1153 3974 1245 4023 Verum
1259 3972 1318 4021 huic
1335 3984 1434 4034 respon·

317 4053 425 4103 densium
444 4059 493 4117 ast,
514 4055 608 4104 ιιιιιιιιι
628 4069 657 4105 ιο
681 4054 741 4118 tegis
754 4054 883 4117 mandato,
902 4053 1113 4105 muliaradnltsrii
1135 4066 1177 4103 raa
1194 4051 1316 4117 lapidibus
1326 4050 1434 4102 necanda

317 4133 362 4193 sit,
380 4146 430 4183 noo
448 4136 487 4184 ito
501 4132 659 4195 foeditatem
675 4146 728 4184 esse
748 4133 964 4197 construendam,
986 4146 1032 4185 nac
1048 4135 1235 4197 enimpropter
1253 4130 1432 4192 adulterium,

318 4213 356 4260 ret
375 4212 480 4264 similem
502 4213 611 4277 aliquam
626 4213 802 4278 turpitudinem
823 4212 921 4264 libellus
939 4212 1034 4277 repudii
1054 4211 1197 4264 scribendus
1215 4214 1272 4274 est,
1296 4212 1321 4261 et
1334 4208 1432 4273 conlegi

319 4293 343 4341 in
365 4305 451 4343 manus
469 4293 617 4355 tradendus,
636 4296 676 4344 sed
698 4293 828 4357 quodlibet
846 4293 947 4345 forsitan
964 4292 1261 4357 peccatnm,ioeditntem
1281 4301 1434 4355 nuncupasse

319 4372 427 4433 itoysern
440 4374 487 4421 stc.
501 4392 512 4413 υ
