3234 5084
356 393 427 468 stt
499 405 867 465 nmrmmnnmrrm.
888 407 928 460 rr
945 407 1058 460 muns.
1079 406 1175 460 nra.
1197 405 1321 460 nnarsr.

240 519 242 522 ’
354 532 399 607 ad
419 554 574 631 poenam.
587 526 763 628 Siquidem
786 526 1027 602 interveniente
1048 524 1210 614 diuortio,
1231 550 1299 600 non
1322 524 1475 602 abolemr

358 644 416 719 illa
432 641 679 720 oonloedemtio
697 640 876 743 nuptialis,
891 640 939 714 ita
950 656 989 715 ut
1000 639 1067 714 sibi
1085 640 1246 739 coniuges
1263 640 1353 731 sint,
1372 642 1473 718 etiam

357 760 525 862 separati;
554 784 630 832 eum
656 756 727 832 illis
745 773 858 831 autem
880 755 1081 832 adulterium
1097 756 1327 846 committant,
1347 757 1474 859 quibus

359 876 484 950 luerint
507 875 620 950 etiam·
633 889 711 975 post
736 900 836 947 suum
862 871 1039 972 repudium
1064 871 1230 971 copulati,
1249 872 1303 947 vel
1327 871 1387 947 illa
1402 873 1475 949 viro

358 990 411 1065 vel
436 989 494 1063 ill'e
517 989 662 1066 mulieri.
686 990 756 1063 Nee
782 1003 892 1061 tamen
919 987 986 1062 nisi
1012 987 1047 1059 in
1073 987 1207 1064 civitate
1218 987 1280 1061 llai
1298 988 1416 1076 nostri,
1438 988 1473 1062 in

357 1119 473 1179 monte
498 1120 616 1180 saneto
640 1105 736 1192 eius,
764 1101 843 1177 talis
868 1118 921 1176 est
945 1128 1049 1177 eausa
1074 1127 1150 1178 eum
1176 1128 1290 1176 uxore·
1321 1101 1473 1177 Ceterum

358 1218 457 1294 aliter
480 1245 518 1293 se
542 1218 669 1294 habere
694 1218 770 1292 iura
794 1216 989 1316 gentilium,
1016 1216 1095 1318 quis
1120 1216 1271 1315 ignorat,
1289 1217 1348 1292 uhi
1374 1218 1476 1293 inter-

359 1335 471 1434 posito
496 1334 636 1436 repudio
653 1333 728 1408 sine
746 1350 841 1407 reatu
865 1331 979 1434 aliquo
1003 1331 1143 1408 ultionis
1165 1332 1346 1423 humanae,
1367 1347 1401 1407 et
1417 1333 1475 1408 illa

358 1450 415 1525 eui
431 1449 576 1525 voluerit
598 1447 714 1537 nubit,
735 1463 769 1523 ot
795 1446 852 1522 ille
873 1474 977 1549 quam
1001 1445 1164 1536 voluerit,
1184 1447 1289 1522 duoit.
1310 1447 1371 1522 Cui
1395 1474 1476 1524 oon·

360 1564 533 1640 suetudini
551 1562 664 1639 simile
676 1560 821 1664 aliquid,
843 1578 979 1663 propter
994 1561 1218 1637 israelitarum
1236 1561 1409 1652 duritiam,
1423 1563 1475 1637 ri·

359 1679 459 1754 detur
475 1678 670 1779 permisisse
695 1678 830 1779 Moyses
851 1677 895 1751 de
913 1675 1027 1752 libello
1050 1677 1194 1777 repudii.
1216 1676 1292 1765 Qua
1309 1678 1344 1750 in
1362 1704 1399 1752 re
1419 1704 1477 1753 ex·

361 1794 514 1897 probatio
534 1821 636 1896 quam
657 1793 878 1894 approbatio,
894 1793 1031 1868 divortii
1051 1792 1160 1889 magis
1179 1810 1319 1893 apparet
1333 1796 1473 1891 (176).)

361 1912 445 1986 Item
470 1909 561 2012 quod
586 1911 634 1984 ait
661 1910 770 1984 Troet.
791 1909 849 1981 lx.
869 1910 906 1983 io
929 1908 1065 1982 Io:rln
1090 1935 1158 2010 qua
1181 1909 1425 2010 responsione,
1446 1912 1476 1986 si

360 2023 586 2113 meministis,
607 2023 672 2100 hoo
688 2023 736 2098 ait
751 2021 949 2122 (Christus):
963 2022 1058 2111 Quod
1074 2024 1162 2098 Deae
1175 2026 1363 2114 moimmit,
1388 2028 1478 2100 marre

360 2165 426 2214 που
449 2154 587 2240 reperet.
607 2139 651 2213 llt
674 2139 736 2240 qui
767 2138 855 2214 bene
879 2138 1001 2214 eruditi
1028 2154 1108 2216 eunt
1137 2140 1172 2214 in
1201 2140 1269 2216 fide
1292 2141 1475 2231 eatholiea,

364 2271 528 2332 noverunt
545 2255 636 2357 quod
659 2255 751 2331 Deus
777 2255 894 2331 leserit
917 2255 1073 2356 nuptias,
1094 2272 1128 2332 st
1144 2258 1232 2334 siout
1248 2258 1441 2335 eoniunotio
1457 2286 1479 2335 a

361 2373 446 2461 Deo,
457 2373 505 2448 ita
517 2373 697 2449 divortium
714 2399 735 2447 a
751 2372 888 2448 diabolo
905 2373 1036 2448 sit.Sed
1055 2387 1232 2474 propterea
1249 2373 1284 2450 in
1300 2401 1405 2451 eausa
1416 2376 1479 2451 lor·

366 2488 546 2568 nicationis
560 2487 637 2564 lieet
649 2514 787 2565 uxorem
803 2487 987 2577 dimittere,
1004 2488 1085 2589 quia
1102 2489 1180 2590 ipsa
1199 2516 1276 2566 esse
1292 2516 1377 2566 uxor
1390 2491 1480 2592 prior

360 2605 489 2694 noluit,
505 2631 594 2706 quae
607 2604 710 2680 fidem
723 2602 936 2703 coniugalem
949 2604 1069 2680 marito
1087 2631 1155 2680 non
1172 2607 1319 2682 servavit
1339 2609 1477 2706 (1'l'l).»

434 2721 554 2796 Verum
568 2747 678 2821 nsque
690 2718 872 2821 anoipitem
886 2745 924 2794 se
936 2719 973 2793 in
986 2718 1052 2795 hae
1066 2720 1219 2796 doctrina
1236 2722 1405 2797 alleator
1421 2737 1480 2797 aut

360 2832 504 2909 dubium
528 2834 682 2909 exhibuit
697 2833 732 2908 in
749 2832 891 2909 obiectis
913 2832 1017 2924 loeis,
1038 2835 1143 2910 multo
1166 2861 1246 2912 vero
1270 2836 1384 2914 minus
1399 2835 1480 2914 sibi·

362 2949 499 3048 metipsi
525 2948 743 3024 eontrarium.
1081 3044 1085 3050 ἡ

436 3062 569 3137 Etenim
594 3062 778 3139 adversarii
802 3063 850 3137 in
863 3063 966 3165 priori
991 3079 1081 3140 textu
1105 3091 1148 3140 ex
1176 3065 1236 3140 lib.
1261 3066 1310 3140 De
1334 3064 1476 3142 adulter.

363 3176 545 3276 ooaiopit'e,
573 3203 635 3278 pro
658 3194 749 3253 serto
775 3195 954 3254 assumunt
983 3205 1013 3254 s.
1034 3178 1259 3278 Augustinum
1284 3180 1480 3256 nominatim

362 3292 408 3367 ad
436 3291 670 3393 quaestionem
694 3294 738 3370 ds
768 3294 935 3371 solutione
968 3294 1155 3395 ooniugalis
1186 3295 1313 3371 vinculi
1344 3311 1481 3396 propter

363 3405 568 3482 adulterium
592 3408 772 3498 allusisse;
796 3426 963 3498 attamen,
984 3410 1033 3485 uti
1060 3426 1151 3510 patet
1173 3436 1215 3484 ex
1240 3409 1390 3484 reoitatis
1405 3409 1480 3483 eius

364 3521 500 3612 vorbis,
521 3523 596 3625 ipse
613 3524 672 3598 illa
692 3523 832 3625 protulit
854 3525 1037 3623 generatim
1053 3524 1096 3598 de
1112 3525 1310 3627 quaestione
1332 3522 1479 3622 ooniugii

363 3637 536 3726 uniuersa,
556 3665 659 3740 quam
676 3665 775 3713 nemo
792 3638 964 3737 negaverit
980 3665 1141 3740 umquam
1159 3638 1284 3715 talibus
1300 3637 1479 3714 obnoxiam

363 3778 442 3828 esse
470 3751 746 3842 difficultatibus,
783 3779 871 3855 quae
902 3753 1037 3829 nonnisi
1063 3779 1163 3851 aegre
1194 3752 1389 3840 solvuntur,
1417 3777 1480 3826 nee

265 3915 267 3928 ·
366 3865 529 3943 haetenus
547 3868 630 3943 lorte
648 3868 883 3944 solutaesunt.
898 3868 1034 3943 Materia
1050 3867 1142 3942 enim
1159 3865 1480 3942 matrimonialisdi·
1558 3941 1560 3944 .

367 3981 467 4059 lieilis
482 3997 535 4059 est
552 3983 636 4060 iuris
655 3983 833 4084 utriusque
850 3982 985 4083 peritia,
1000 3980 1151 4058 dillioilis
1172 3980 1309 4058 moralis
1325 3978 1479 4081 discipli·

366 4123 431 4174 nae
455 4098 724 4189 institutoribus,
746 4097 899 4173 difficilis
921 4095 1103 4176 Bibliorum
1128 4095 1394 4201 expositoribus,
1412 4092 1480 4170 dif-

438 4284 504 4349 (170)
519 4286 580 4351 cap.
594 4287 686 4339 vl1.et
700 4287 766 4338 7177.
778 4286 827 4338 loa.
837 4284 880 4336 eit.
890 4290 999 4349 μμπ
1008 4295 1078 4349 naq.

436 4362 503 4426 (177)
517 4363 896 4430 musulaniorum
909 4375 962 4428 req.
