3234 5084
284 449 353 501 cir.
367 448 463 501 vans
480 449 763 513 numunianum,
778 448 1017 502 suscensens.
1034 452 1104 501 aar.
1121 452 1166 503 rv.
1209 429 1284 500 527.

163 571 314 670 privatae
330 590 496 668 pmscnee
514 584 685 669 nequeunt
701 567 888 644 dissolvere
901 571 1071 669 proprium
1085 570 1280 667 coniugium

164 701 272 759 ratum
296 706 511 785 quacumque
527 682 571 756 de
594 707 719 769 causa,
739 684 771 757 si
795 683 945 785 excipias
968 685 1158 782 ingressum
1180 684 1215 756 in
1233 710 1283 757 re·

163 800 343 897 ligionem,
364 797 456 899 quod
473 798 613 898 quidem
631 799 685 873 ius
702 824 743 872 ex
759 799 831 873 Dec
848 817 1035 898 promanat.
1056 798 1209 874 Ceterum
1227 826 1282 872 ne

163 942 230 1015 que
261 930 397 1016 propter
427 914 654 989 infirmitatem
686 915 980 1015 nupervenientem
1008 941 1119 1014 neque
1147 931 1284 1015 propter

162 1030 354 1118 haeresim,
375 1029 519 1105 aliamve
541 1056 679 1105 causam
705 1031 778 1104 iure
802 1031 931 1132 pollent
955 1029 1073 1105 fideles
1098 1031 1280 1104 dirimendi

163 1162 273 1219 ratum
298 1145 493 1244 coniugium
526 1145 645 1218 initum
672 1171 733 1245 per
757 1146 859 1220 verba
888 1146 932 1219 de
958 1144 1130 1245 praesenti
1156 1144 1200 1218 ad
1226 1172 1283 1218 ex·

163 1260 377 1359 primendum
407 1286 632 1348 consensum
665 1260 818 1362 adeoque
848 1260 952 1335 alteru
978 1260 1090 1335 adhuc
1125 1260 1160 1332 in
1194 1260 1282 1334 vivis

163 1391 283 1473 agento
307 1402 411 1451 novas
440 1403 517 1451 cum
546 1376 614 1452 alio
639 1376 809 1452 celebrare
834 1376 972 1477 nuptias
998 1392 1181 1477 nequount.
1213 1376 1284 1450 llac

163 1491 290 1565 ratione
316 1492 571 1592 respondissent
595 1496 719 1595 pariter
744 1493 797 1568 vel
823 1494 889 1593 ipsi
910 1494 1112 1580 Pontifices,
1140 1493 1201 1592 qui
1234 1492 1284 1564 di·

163 1608 413 1708 spensationem
438 1609 474 1682 in
499 1610 711 1695 matrimonio
736 1626 809 1683 rato
834 1609 916 1682 dare
940 1624 1198 1683 consueverunt.

236 1724 329 1799 ldem
353 1724 409 1798 dic
433 1724 477 1800 de
501 1725 616 1799 causis
642 1751 784 1826 quarum
813 1725 1013 1799 mentionem
1040 1724 1155 1798 iniecit
1183 1725 1284 1798 lnno·

162 1837 291 1910 centius
316 1838 351 1909 in
376 1863 439 1912 suo
471 1840 653 1940 rescripto:
683 1839 855 1939 siquidem
881 1838 916 1910 in
943 1864 983 1912 eo
1009 1865 1075 1913 non
1103 1839 1215 1936 agitur
1240 1838 1284 1912 de

163 1953 297 2040 causis,
318 1953 444 2052 quibus
463 1954 649 2053 permoveri
670 1954 820 2029 Pontifex
846 1955 956 2054 possit
972 1954 1016 2028 ad
1034 1954 1283 2028 concedendam

161 2065 215 2140 vel
239 2067 471 2164 denegandam
498 2070 635 2167 petitam
660 2069 971 2169 dispensationem,
1000 2069 1194 2169 dequibus
1226 2071 1283 2142 ln·

163 2182 339 2256 nocentius
354 2208 419 2257 non
432 2183 518 2281 agit,
534 2184 596 2258 sed
613 2184 657 2259 de
680 2186 794 2261 causis
812 2185 938 2287 quibus
964 2185 1108 2260 invicem
1123 2186 1284 2283 coniuges

162 2296 312 2396 separari
330 2322 487 2397 esposse
511 2314 723 2375 autumarent
739 2302 875 2402 propria
893 2301 1102 2375 anctoritate.
1123 2300 1279 2387 Accedit,

163 2410 349 2486 clausulam
375 2412 466 2486 illam
485 2415 675 2513 generatam
701 2418 908 2491 lnnocentii:
941 2418 1067 2504 «Quod
1086 2418 1150 2491 etsi
1168 2434 1285 2518 posset

163 2552 230 2599 non
260 2528 449 2602 inconsulte
478 2530 605 2618 videri,
637 2533 727 2632 quod
752 2560 792 2606 ex
818 2560 887 2633 quo
916 2532 1166 2608 matrimonium
1197 2533 1285 2605 inter

161 2641 327 2739 legitimas
353 2671 516 2745 personas
534 2672 595 2746 per
612 2647 714 2722 verba
736 2647 779 2723 de
801 2650 972 2749 praesenti
990 2649 1218 2735 contrahitur,
1241 2649 1284 2721 il·

163 2758 205 2831 lt'c
219 2761 403 2834 uiuentibus
424 2764 461 2835 tit
484 2763 575 2835 nullo
593 2790 671 2838 cocu
683 2791 778 2864 posse
796 2764 960 2839 dissolui»
981 2765 1159 2867 complecti
1181 2766 1283 2839 etiam

161 2898 279 2948 casum
304 2876 348 2953 de
373 2872 529 2976 ingressu
554 2881 589 2953 in
614 2880 831 2979 religionem,
851 2897 891 2956 ut
906 2898 997 2983 patet
1013 2910 1054 2956 ex
1071 2882 1284 2957 adversativa

163 2989 304 3064 formula
328 3019 396 3092 qua
422 3020 506 3068 usus
531 3012 583 3070 est
614 2997 785 3071 Pontifex:
819 2999 920 3073 «Nos
945 3014 1057 3073 tamen
1083 2997 1236 3073 nolentes
1262 3025 1283 3072 a

162 3105 457 3204 praedecessorum
483 3125 674 3185 nostrorum
690 3113 844 3211 vestigiis
870 3113 1040 3189 declinare
1057 3132 1154 3189 etc.»
1173 3113 1284 3187 Adco-

162 3245 230 3320 que
254 3222 355 3297 nimis
380 3223 555 3323 probarat,
577 3227 608 3301 si
633 3254 750 3328 presse
775 3245 984 3316 sumeretur,
1005 3246 1039 3305 et
1062 3229 1283 3329 quemadmo-

162 3336 244 3411 dum
269 3363 385 3413 casum
412 3341 543 3441 excepit
563 3342 738 3441 ingressus
764 3344 798 3416 in
825 3342 1042 3443 religionem,
1065 3346 1117 3418 sic
1139 3345 1168 3419 si
1192 3354 1282 3444 ‘opus

161 3450 283 3527 luisset
301 3470 336 3527 et
359 3453 401 3531 de
425 3458 624 3557 quaestione
647 3475 764 3535 nostra
789 3460 910 3535 luisset
934 3460 1088 3549 locutus,
1117 3460 1284 3561 potuisset

160 3566 315 3666 excipere
327 3567 614 3669 dispensationem
636 3600 724 3674 quae
743 3601 765 3647 a
781 3575 941 3649 Pontifice
956 3574 1174 3651 obtineretur.
1192 3577 1281 3674 Ergo

162 3680 307 3757 inaniter
330 3702 469 3783 urgetur
493 3688 675 3764 auctoritas
700 3689 804 3763 huius
822 3690 1015 3779 Pontificis,
1044 3692 1143 3794 quasi
1164 3718 1283 3767 sense-

163 3793 207 3867 rit
230 3794 320 3870 haud
347 3825 448 3900 posse
472 3827 667 3902 supremum
691 3804 857 3879 ecclesiae
881 3822 984 3905 caput
1014 3806 1227 3906 dispensare.

234 3910 336 3986 ldulto
360 3942 439 3992 vero
464 3917 579 3992 minus
604 3917 744 3993 alterum
770 3921 956 3997 Innocentii
975 3923 1037 3994 111.
1059 3922 1278 4024 rescriptum,

162 4022 254 4123 quod
271 4045 392 4124 urgent
414 4030 450 4103 hi
468 4031 634 4130 theologi,
654 4058 725 4108 rem
737 4035 885 4111 conficit.
913 4036 969 4115 Sic
985 4037 1076 4111 enim
1095 4036 1198 4111 habet
1222 4037 1280 4110 ln·

163 4140 340 4215 nocentius
366 4143 399 4215 in
425 4170 500 4246 cap.
529 4149 636 4248 Super
660 4177 716 4235 eo,
745 4150 836 4249 quod
856 4151 891 4225 in
916 4151 1064 4227 medium
1084 4154 1290 4253 proferunt:.

165 4253 306 4355 «Super
323 4280 363 4330 eo
379 4258 471 4358 quod
497 4262 708 4363 interrogasti
727 4264 771 4338 de
788 4282 997 4373 sacramento
1012 4267 1182 4367 coniugii,
1202 4267 1281 4343 bre-

159 4368 246 4491 viter
271 4371 478 4472 respondeo:
505 4375 595 4453 illam
620 4405 723 4479 quam
747 4379 882 4470 dixisti,
910 4399 1046 4482 apatre,
1059 4385 1194 4484 coniugi
1215 4402 1280 4457 tra·
