3234 5084
336 390 413 463 <aii
485 410 547 463 nn.
563 409 613 463 ur.
629 409 715 465 srcr.
731 409 851 461 serens
882 409 923 461 ns
939 408 1052 463 rsnrsn
1068 410 1165 465 sins.
1179 410 1304 469 muer.

411 527 461 601 Er
473 526 679 629 praefatione
691 543 782 628 patet
793 525 881 600 banc
894 525 1122 602 collectionem
1135 526 1332 603 adornatam
1345 529 1453 605 inisse

339 641 531 745 aquodam
556 642 744 731 sacerdote,
772 643 832 744 qui
859 642 1049 742 Discipulos
1069 643 1295 719 Umbrenoinm
1325 672 1454 720 nuncn-

339 774 455 861 patur,
474 761 603 860 quique
619 759 764 834 affirmat
779 759 960 833 maximam
977 758 1081 833 huius
1098 759 1210 859 operis
1227 774 1356 861 partem
1373 787 1454 837 con·

339 873 459 949 seeum
483 899 560 948 esse
583 901 624 949 ex
648 873 947 975 responsionibus,
967 894 1054 975 quas
1079 874 1172 951 iuxta
1194 874 1379 951 veridicum
1404 876 1455 952 ia·

338 1014 453 1076 mam,
485 989 679 1065 Theodorus
708 989 846 1065 dederat
869 989 1064 1092 presbytero
1088 989 1182 1066 lloda
1202 992 1316 1088 (lei).
1334 991 1454 1078 Quoad

338 1102 478 1179 alteram
502 1130 582 1180 vcro
607 1121 760 1206 partem,
788 1132 862 1179 eam
891 1106 991 1181 refert
1014 1106 1187 1208 accepisse
1211 1132 1253 1181 cx
1276 1108 1452 1208 responsis

339 1219 524 1310 Theodori,
545 1247 634 1322 quae
651 1221 740 1297 idem
753 1220 848 1296 Eode
866 1237 1037 1297 mutuatus
1054 1222 1163 1298 iuerat
1179 1248 1219 1297 ex
1237 1222 1346 1297 libello
1362 1226 1454 1299 Scot-

339 1351 443 1410 torum
466 1363 488 1413 a
511 1336 658 1438 quodem
683 1336 856 1412 sacerdote
878 1337 1042 1415 coniecto.
1226 1352 1230 1359 '

409 1449 544 1525 Certum
571 1451 713 1553 proinde
735 1451 868 1528 videtur
884 1478 926 1527 ex
943 1451 1106 1528 hactenus
1122 1451 1286 1552 expositis
1303 1452 1456 1529 Theodo-

338 1591 413 1642 rum
437 1582 606 1643 auctorem
631 1594 700 1643 non
723 1567 831 1643 fuisse
852 1569 1100 1643 Poenitsnis'cis'e
1119 1567 1212 1670 quod
1238 1567 1304 1668 ipsi
1330 1568 1457 1644 adscri-

337 1680 448 1772 bitur,
467 1708 508 1757 ea
524 1682 598 1759 sola
615 1683 657 1758 de
673 1709 795 1772 cansa,
815 1683 907 1785 quod
923 1682 1081 1759 exhibeat
1098 1682 1174 1757 eius
1195 1709 1359 1784 responsa
1374 1682 1455 1758 daia

337 1795 607 1898 quaestionibus,
623 1822 711 1899 quse
726 1796 778 1872 illi
796 1796 987 1899 prepositae
1002 1797 1152 1885 inerant3
1172 1795 1278 1872 multo
1294 1823 1374 1872 reru
1390 1798 1456 1872 mi·

339 1938 404 1985 nus
428 1938 506 1987 esse
529 1928 699 1989 auctorem
720 1911 855 1987 illarum
877 1912 1029 1987 omnium
1044 1911 1278 1989 collectionum
1296 1910 1377 2012 plus
1393 1911 1460 1985 mi·

340 2050 447 2101 nusve
466 2024 675 2127 pleniorum,
696 2052 785 2129 quae
801 2026 866 2101 sub
882 2026 1036 2102 eiusdem
1053 2029 1191 2102 nomine
1202 2025 1370 2101 Theodori
1387 2023 1461 2101 vul·

337 2154 435 2238 gatae
452 2156 533 2215 sunt
546 2142 660 2237 (263).
673 2140 763 2216 lstse
779 2166 897 2217 omues
914 2139 1127 2217 collectiones
1145 2140 1273 2217 nullam
1289 2164 1452 2241 umquem

337 2255 570 2331 anctoritatem
594 2255 763 2357 publicam
787 2272 906 2333 nactae
930 2272 1028 2346 suni,
1048 2254 1111 2331 sed
1128 2255 1262 2331 luerunt
1286 2255 1457 2333 collectio-

337 2394 399 2443 nes
416 2371 585 2471 privatae‚
600 2398 664 2445 nec
674 2395 837 2473 umquam
855 2372 1024 2461 sancitae,
1040 2371 1125 2473 quin
1144 2371 1246 2447 etiam
1264 2396 1333 2446 non
1351 2370 1456 2447 semel

336 2485 523 2561 contrariam
545 2485 733 2562 canonibus
758 2486 896 2589 publica
918 2486 1115 2563 auctoritate
1140 2486 1346 2563 constitutis.

408 2598 469 2674 111.
499 2598 594 2686 Quae
618 2625 696 2676 cum
720 2601 768 2675 its
788 2599 884 2689 sint,
911 2598 1151 2703 inquirendum
1177 2599 1275 2674 tertio
1299 2613 1455 2702 superest

338 2714 382 2790 de
398 2741 479 2793 vera
498 2715 665 2792 Theodori
689 2716 859 2793 sententia
881 2715 972 2793 circa
994 2713 1293 2793 dissolubiliutem
1317 2731 1377 2791 aut
1399 2716 1455 2791 iu·

409 2932 475 2997 (tut)
493 2937 530 2986 lin
542 2935 700 2999 wionis
711 2935 799 2986 verba:
812 2953 825 2980 s
833 2936 929 2986 llorum
939 2935 1014 2999 igitur
1024 2932 1157 2987 maalmam
1167 2936 1261 2999 pariam
1272 2934 1351 2986 iertur
1359 2933 1450 2985 nmine

334 3012 462 3076 veriloquo
478 3013 563 3065 besire
578 3014 711 3066 mmorire
723 3015 791 3065 Eois
802 3014 928 3079 presbyter
943 3014 1105 3080 cognomento
1119 3013 1273 3066 christianus
1287 3027 1303 3064 a
1316 3012 1448 3066 rmunbiii

334 3093 444 3144 mtistite
453 3092 583 3145 Theodora
592 3094 720 3145 sciseitm
729 3095 877 3159 recepisse.»

407 3173 473 3238 (act)
487 3173 561 3225 ‘iales
569 3175 641 3225 sunt:
653 3174 779 3239 captiuis
790 3174 959 3227 mimicas
971 3173 1147 3241 mantiam
1158 3173 1283 3226 iindictrs
1291 3172 1448 3239 melnen

334 3252 498 3318 duantum.
506 3253 595 3304 omnia
606 3253 714 3317 rapiinis
723 3254 888 3319 barberiaco,
898 3254 919 3309 sl
931 3254 1105 3319 sereremus,
1116 3253 1272 3318 reperiuntur
1280 3253 1307 3303 in
1316 3254 1451 3304 Psanites·

332 3333 394 3385 iicil
405 3330 539 3385 Theodori.
552 3332 606 3384 Alia
616 3332 717 3397 insuper
726 3334 840 3385 collectio
852 3334 978 3385 omninoa
988 3333 1141 3386 Dscberlssr
1151 3332 1318 3399 iniqnendens
1324 3332 1449 3384 uratur

203 3410 206 3415 ’
331 3415 358 3467 in
368 3413 454 3466 codiee
463 3414 602 3465 monaeensi
612 3416 638 3465 ei
649 3413 788 3479 parisiensi,
796 3426 910 3479 quaeque
920 3416 1017 3467 mnas
1028 3417 1228 3481 iiassppquae
1235 3412 1450 3479 omniampsrinb·

330 3495 373 3543 tur
384 3495 409 3543 in
420 3493 487 3544 dieto
498 3493 695 3545 Paeniteniinii.
708 3497 737 3545 ln
752 3493 881 3545 codicibus
895 3492 1038 3544 memoratis
1058 3493 1119 3545 baec
1137 3492 1246 3558 capiuda
1266 3492 1447 3544 inscribuntur:

332 3573 450 3625 omenes
460 3575 668 3638 &noricense
676 3573 752 3625 urbis
762 3578 871 3635 bomne,
880 3574 954 3637 atquc
964 3574 988 3623 in
997 3572 1123 3624 codicibus
1132 3572 1325 3637 posterioribusr
1335 3575 1448 3635 ωροτε·

330 3653 415 3703 riom
433 3653 551 3716 Grenoru
565 3655 602 3704 li.
615 3653 813 3718 miscerier
827 3656 978 3718 Aucusilnl.
991 3655 1052 3704 ilem
1064 3651 1256 3704 Posuiicnitnie
1270 3651 1338 3716 qnod
1348 3651 1449 3702 exbibet

330 3731 410 3783 codes
427 3731 671 3797 mersenburgensis,
684 3746 789 3784 necnon
801 3733 915 3784 collectio
929 3746 994 3797 quse
1009 3733 1113 3784 habetur
1126 3733 1152 3783 ln
1163 3731 1249 3783 codice
1263 3733 1368 3794 coion,
1382 3741 1448 3794 quae

329 3812 430 3876 rnigaia
440 3813 525 3863 snnts
540 3812 754 3862 Wasserscbleben
765 3814 827 3863 toni.
839 3814 872 3863 ii.
885 3820 907 3864 i.
919 3826 933 3865 e
944 3819 967 3865 a.
977 3814 1046 3864 etii.
1060 3814 1117 3864 iet
1127 3816 1151 3864 i.
1162 3814 1215 3863 iiae
1223 3811 1383 3863 collectiones
1393 3823 1447 3875 per·

330 3891 388 3942 inde
397 3905 427 3942 ac
436 3890 544 3956 capitula
553 3890 700 3942 dacheriano
710 3893 735 3942 el
743 3904 850 3943 mnones
859 3893 970 3956 Gregorii
979 3892 1114 3943 annueres
1125 3894 1184 3943 soni
1190 3890 1361 3943 Paeniteniirii
1368 3891 1447 3942 'ibeo-

329 3971 397 4036 dorlr
408 3971 563 4022 inordinatae
573 3973 632 4022 sunt
641 3973 667 4022 et
676 3972 805 4036 contusae,
817 3985 882 4038 quse
891 3973 1003 4024 coninslo
1014 3972 1110 4036 mult,
1122 3974 1152 4024 ut
1166 3984 1232 4024 nora
1246 3971 1389 4036 compilatio
1401 3983 1445 4022 sen

329 4050 442 4103 micetio
451 4050 607 4114 systemsiisr
616 4052 642 4101 et
653 4050 725 4114 plsrra
734 4051 908 4116 conficeretur,
919 4051 1037 4116 qnscsnb
1047 4052 1149 4104 nomine
1157 4051 1359 4104 Psoruentlsilr
1368 4050 1445 4103 rien·

328 4128 388 4182 corr
401 4130 534 4194 generatim
554 4129 671 4194 adopbia
689 4131 734 4182 esi.
746 4134 783 4181 iix
793 4131 833 4181 bis
846 4131 1033 4182 collectionibus
1050 4132 1115 4183 lnier
1130 4145 1157 4183 se
1171 4132 1318 4196 comparatu
1342 4129 1445 4182 entrecii

327 4211 386 4260 sunt
396 4210 488 4272 tesius,
499 4221 563 4273 qnos
572 4207 599 4258 ln
610 4208 720 4260 mium
731 4210 813 4260 attuli.
824 4210 935 4262 cim.
943 4211 987 4261 w.
998 4212 1030 4261 ii.
1042 4210 1258 4263 wsssoescbleben
1267 4210 1332 4275 proi.
1343 4209 1408 4260 luris
1419 4210 1445 4259 in

328 4286 455 4339 nnlrerut
467 4287 576 4339 iirilem.
586 4288 612 4338 in
621 4300 662 4353 cp.
674 4300 749 4352 germ
758 4287 868 4340 ornum
877 4287 1080 4354 mussula
1094 4288 1218 4345 arcimics
1233 4286 1405 4344 mutauit
1414 4288 1443 4338 is

329 4366 474 4421 manduci.
488 4366 723 4422 mummius.
735 4367 822 4422 Hebae
839 4375 907 4422 iani.
918 4368 1013 4434 panii
1024 4382 1094 4436 seqq.
