3234 5084
342 445 411 517 tor
460 465 522 515 ιιι.
543 464 591 514 ιιι.
611 461 698 513 stur.
718 463 849 514 surm.
867 465 907 515 nr
924 464 1037 516 ms.
1058 464 1152 516 ιιιι.
1170 465 1294 517 cuusr.

340 582 457 686 pudii,
481 581 517 653 in
540 606 627 655 noua
650 580 845 669 constituit,
864 596 902 653 ut
919 582 1027 682 possit
1041 580 1182 657 dissolri
1200 584 1449 661 matrimonium

340 714 450 773 ratum
479 695 686 798 perfectioris
709 695 798 769 vitae
823 695 1001 770 sectandae
1024 721 1141 771 causa
1164 698 1207 771 Et
1231 700 1450 799 quemadmo-

338 813 421 887 dum
437 837 498 911 per
513 826 652 885 mortem
668 809 874 910 corporulmn
892 810 1101 912 abrumpitur
1113 813 1285 887 vinculum
1301 815 1445 889 carnalis

339 926 508 1025 coniugii,
528 926 575 999 ita
592 950 652 1024 per
668 941 807 1001 morum
834 925 1042 1025 spiritualem
1065 926 1229 1027 ιριιιιιιιιι
1253 929 1445 1003 coniunctio

338 1042 518 1117 dirimitur.

410 1158 451 1230 In
463 1172 583 1258 quarta
593 1156 790 1230 difficultate
801 1157 906 1256 potita
918 1183 958 1231 ex
971 1155 1266 1232 indissolubilitate
1277 1159 1448 1233 matrimo-

339 1272 387 1345 nii
405 1272 604 1348 iuredivino
615 1298 656 1347 ac
668 1271 811 1345 naturali
829 1271 909 1344 latet
925 1272 1168 1372 aequivocatio.
1180 1273 1355 1373 Siquidem
1367 1299 1448 1348 oon·

337 1384 461 1486 iugalis
472 1384 617 1462 foederis
629 1385 912 1460 indissolubilitas
924 1400 977 1460 cst
987 1386 1125 1486 quidem
1139 1387 1275 1487 utrique
1288 1385 1354 1460 iuri
1369 1394 1447 1461 oon·

337 1502 473 1591 formis,
489 1527 530 1576 sc
541 1501 655 1589 edam,
673 1502 702 1575 si
720 1498 826 1588 lubet,
843 1500 879 1574 in
890 1516 1034 1602 utroque
1050 1499 1124 1574 iure
1139 1500 1299 1589 lundata;
1314 1518 1447 1577 estnon

336 1633 389 1693 est
405 1617 490 1691 adeo
506 1632 649 1716 utroque
665 1615 739 1690 iure
751 1615 799 1689 ita
815 1616 997 1717 imperata,
1015 1631 1055 1689 ut
1070 1614 1249 1690 dissolutio
1265 1617 1446 1692 intrinsece

336 1733 427 1807 mdo
443 1731 511 1806 dici
528 1731 648 1806 debeat
663 1747 778 1832 utpote
793 1731 960 1806 contraria
977 1731 1146 1832 primariis
1162 1732 1339 1831 utriusque
1353 1733 1446 1833 prin·

257 1945 261 1953 .
336 1845 619 1948 cipiis.llioquin
631 1848 723 1921 Deus
741 1872 924 1947 numquam
942 1845 1108 1944 potuisset
1124 1844 1205 1919 dare
1221 1845 1445 1948 dispensatio·

336 1989 433 2052 nem,
453 1978 511 2035 aut
527 1962 717 2063 permittere
737 1977 775 2036 ut
795 1962 885 2035 licite
903 1959 1088 2061 aliquando
1104 1961 1353 2037 dissolveretur.
1374 1965 1445 2037 lam

334 2104 413 2153 vero
430 2077 682 2154 constatlleum
698 2077 782 2151 etin
799 2076 938 2175 antiquo
964 2076 1098 2152 loedere
1115 2079 1328 2153 matrimonio
1343 2079 1443 2152 etiam

334 2209 563 2268 consummato
580 2192 779 2267 solutionem
796 2190 1001 2280 indulsisse,
1021 2208 1055 2265 et
1070 2192 1105 2265 in
1124 2218 1209 2267 novo
1227 2194 1351 2293 puriter
1366 2220 1444 2294 per-

317 2305 462 2381 mittere
486 2305 685 2381 solutionem
709 2306 856 2402 coniugii
878 2306 913 2377 in
934 2305 1131 2380 infidelitate
1154 2308 1327 2381 contracti.
1345 2307 1443 2393 Quod

331 2421 362 2497 si
380 2422 426 2496 ita
442 2438 514 2511 est,
535 2436 627 2523 patet
642 2421 867 2498 omnimodam
890 2420 1219 2496 indissolubilitatem
1236 2440 1352 2497 neutro
1370 2424 1445 2496 iure

331 2534 479 2625 firmari,
500 2535 651 2637 adeoque
671 2538 733 2610 rite
752 2534 921 2609 nonnullis
947 2535 982 2607 in
1007 2535 1143 2609 casibus
1161 2536 1209 2608 ita
1223 2537 1295 2610 Deo
1310 2534 1444 2610 volente

331 2674 434 2748 posse
457 2650 648 2750 coniugium
674 2647 834 2736 dissolvi,
855 2675 954 2747 porro
977 2674 1066 2723 unus
1091 2675 1133 2722 ex
1156 2648 1211 2722 bis
1236 2648 1372 2723 ossibus
1389 2666 1446 2724 est

328 2764 577 2839 matrimonium
602 2780 709 2839 ratum
726 2790 767 2836 ex
784 2788 852 2864 quo
875 2762 1001 2863 aliquis
1026 2762 1202 2835 transitum
1224 2762 1307 2836 iacit
1321 2761 1366 2835 ad
1384 2788 1443 2837 so·

314 2876 474 2951 'lemnem
498 2877 671 2975 religionis
696 2875 952 2977 professionem.

400 2990 443 3066 Ut
454 3007 641 3091 postremas
652 2988 842 3063 difficultati
860 2989 1015 3078 satisfiat,
1031 2989 1158 3063 suflicit
1169 2989 1439 3065 animadvertere

322 3104 563 3182 conscentiam
586 3104 806 3180 extrinsecam
831 3130 908 3179 esse
933 3104 1040 3179 sacris
1061 3103 1258 3192 ordinibus,
1278 3104 1339 3205 qui
1357 3130 1439 3179 con·

324 3235 415 3297 stare
430 3222 573 3323 possunt
588 3245 665 3294 cum
682 3236 715 3294 et
730 3218 805 3294 sino
823 3216 901 3305 illa,
921 3244 984 3292 nec
1008 3217 1075 3292 nisi
1100 3216 1263 3292 ecclesiae
1283 3217 1358 3317 lege
1378 3245 1438 3293 eos

322 3333 460 3410 mdiues
477 3333 741 3435 suscipientibus
760 3333 853 3407 illam
867 3332 1058 3433 impositam
1076 3357 1153 3405 esse
1170 3331 1372 3407 iustissimis
1391 3331 1437 3406 de

322 3449 437 3524 causis
449 3464 487 3523 ut
499 3475 562 3523 sno
574 3447 647 3523 loeo
659 3447 870 3523 ostendimus
888 3449 979 3542 (tt).
995 3446 1108 3520 Perse
1120 3460 1232 3520 auum
1248 3472 1316 3521 non
1333 3471 1434 3545 repu-

321 3580 403 3663 gnat
417 3579 526 3641 statum
544 3563 735 3663 coniugalis
746 3587 822 3639 cum
835 3560 892 3634 his
904 3559 1102 3650 ordinibus,
1122 3582 1234 3660 neque
1249 3586 1326 3634 cum
1344 3574 1435 3634 statu

320 3676 518 3755 sacerdotali
531 3679 741 3766 nominatim,
751 3694 789 3752 ut
801 3691 904 3777 patet,
920 3675 1040 3750 ceteris
1052 3674 1203 3763 omissis,
1217 3702 1257 3748 ex
1269 3672 1436 3751 ecclesiae

314 3782 460 3894 'graecae
471 3792 665 3895 disciplina.
677 3792 799 3867 Contra
807 3818 887 3866 vero
896 3789 1074 3890 religiosae
1085 3790 1308 3890 professionis
1316 3815 1432 3865 essen-

318 3912 367 3987 tia
382 3910 483 3985 etiam
498 3910 534 3982 in
550 3907 778 3984 continentiae
795 3905 1007 4007 professione
1023 3905 1190 3981 consistit.
1208 3902 1280 3979 Hac
1301 3903 1433 3979 ratione

317 4026 443 4127 optime
455 4022 653 4122 intelligitur
662 4022 831 4123 quomodo
840 4020 1047 4095 dissolvatur
1055 4018 1306 4094 matrimonium
1321 4033 1430 4091 ratum

317 4166 378 4242 per
390 4139 632 4242 professionem
651 4136 863 4237 religiosam,
880 4162 947 4211 non
959 4150 1070 4211 autem
1084 4158 1146 4236 per
1158 4158 1328 4208 sacrorum
1342 4131 1432 4206 ordi·

315 4280 395 4330 num
414 4253 680 4357 susceptionem,
696 4275 873 4353 quaecum
888 4248 946 4324 illo
959 4265 1078 4325 natura
1091 4272 1234 4324 suauon
1248 4262 1424 4353 repugnat.

385 4418 972 4486 (commutesceepveeeu.
