3234 5084
283 452 352 505 car.
369 452 418 505 ιιι.
435 452 476 503 nr
490 449 589 504 suaso
607 452 699 503 rann.
715 451 779 504 cra.
796 451 910 503 nanim.
928 451 1023 503 utra.
1040 453 1111 503 ιιι.
1125 454 1148 504 ι.
1210 430 1282 502 etv·

161 599 253 658 rum,
283 571 357 645 sive
380 570 472 670 quod
499 568 704 643 universalia
728 583 761 643 et
783 567 967 643 conformia
991 593 1059 642 non
1083 567 1172 654 sint,
1208 569 1281 643 sive

160 686 251 786 quod
265 685 447 785 loquantur
459 685 496 755 io
508 684 642 784 rapula,
664 683 759 757 nulla
768 682 858 757 lacta
871 681 1076 783 exceptionis
1089 681 1277 767 mentione;

161 801 234 876 sive
258 799 348 900 quod
368 813 567 873 cunctanter
593 798 745 873 animum
770 823 870 871 suum
894 796 1047 897 aperiant
1062 797 1083 883 ,'
1098 796 1171 869 sive
1188 796 1280 896 quod

161 933 305 1015 quatuor
333 915 483 1015 priorum
513 913 703 989 seculorum
737 912 874 987 vacillet
904 911 1040 987 traditio
1070 911 1282 987 documentis

161 1030 247 1103 inter
268 1055 307 1102 se
330 1027 583 1102 decertantibus
605 1030 719 1124 (aot).

235 1143 297 1218 Ast
320 1144 405 1218 hacc
429 1169 714 1218 commemorasse
737 1168 778 1218 ac
802 1141 967 1217 refellisse
990 1143 1097 1215 unum
1121 1159 1193 1229 est,
1221 1167 1285 1215 nee

163 1258 256 1332 aliud
280 1285 321 1332 ea
344 1259 521 1344 evincunt,
543 1284 645 1359 quam
666 1258 824 1358 spiritum
849 1256 1065 1356 systematis,
1091 1273 1131 1331 ut
1145 1271 1281 1342 vocant,

163 1399 280 1448 corum
304 1373 364 1473 qui
389 1373 557 1448 destinata
581 1398 685 1473 opera
705 1372 912 1446 contendunt
930 1372 1051 1471 quavis
1068 1396 1133 1470 ope
1149 1370 1285 1471 propria

164 1487 347 1561 adstruere.
368 1487 543 1589 Siquidem
559 1513 601 1561 en
622 1486 799 1575 adductis,
823 1485 891 1560 alia
907 1511 975 1560 non
993 1502 1073 1560 sunt
1089 1486 1156 1560 nisi
1173 1511 1286 1560 merae

163 1601 368 1677 assemioues
381 1603 474 1677 omni
490 1602 670 1677 destitutae
686 1601 923 1688 fundamento,
943 1600 1011 1675 alia
1027 1601 1194 1675 iniuriosa
1206 1619 1286 1676 sunt

165 1716 340 1790 universae
366 1716 559 1817 antiquitati
587 1743 690 1816 qnam
721 1715 915 1816 despiciunt
936 1731 1053 1815 utpote
1076 1715 1143 1790 sibi
1168 1714 1286 1790 adver-

166 1858 266 1919 sam,
300 1832 516 1932 produntque
554 1830 798 1907 intolerabilem
825 1845 989 1905 tumorem
1013 1856 1082 1932 quo
1115 1856 1154 1904 se
1185 1855 1288 1931 super

164 1963 291 2021 veteres
309 1971 427 2020 omnes
446 1945 627 2035 extollunt,
650 1946 928 2046 praeferuntque3
949 1945 1016 2020 alia
1032 1973 1074 2020 ax
1090 1946 1191 2020 dictis
1209 1963 1288 2021 sunt

164 2078 278 2162 aperte
302 2060 401 2133 salsa.
426 2058 561 2133 Falsum
586 2059 677 2133 enim
702 2074 754 2133 est
779 2074 894 2159 patres
920 2059 955 2132 in
980 2059 1133 2134 diversas
1158 2059 1285 2134 abiisse

164 2177 229 2252 hac
252 2178 288 2249 in
313 2202 350 2250 re
379 2176 584 2263 sententias,
613 2175 699 2249 adeo
729 2191 767 2248 ut
790 2201 830 2249 se
854 2176 996 2250 invicem
1022 2175 1208 2263 collidant;
1240 2177 1284 2250 si·

164 2291 301 2390 quidem
326 2316 370 2363 ne
393 2315 484 2364 unus
509 2289 646 2389 quidem
672 2305 743 2376 est,
771 2289 832 2388 qui
857 2305 972 2389 aperte
997 2290 1168 2389 permittat
1191 2291 1287 2364 alteri

166 2406 359 2503 coniugium
379 2405 461 2478 dum
480 2404 594 2479 adhuc
612 2405 648 2478 in
668 2403 756 2478 vivis
773 2420 826 2480 est
847 2431 927 2504 pars
949 2404 994 2479 eb
1014 2405 1217 2480 adulterium
1234 2407 1287 2480 di-

166 2518 285 2593 missa.
306 2518 440 2594 Falsum
458 2519 538 2594 item
552 2533 606 2593 est
622 2533 818 2593 cunctanter
834 2544 875 2593 ac
891 2518 1005 2594 auimo
1020 2521 1119 2620 quasi
1138 2521 1288 2621 penden-

169 2648 220 2706 tes
240 2649 353 2733 patres
373 2634 480 2709 luisse
501 2634 651 2723 locutos3
667 2633 791 2708 falsum
809 2634 951 2734 insuper
966 2635 1125 2710 vacillare
1141 2654 1286 2710 veterem

168 2747 381 2823 traditionem
401 2749 445 2824 ab
461 2750 663 2825 documenta
686 2750 773 2826 inter
792 2775 831 2824 se
847 2748 1070 2837 decertantia,
1089 2750 1140 2826 uti
1157 2777 1198 2826 ex
1215 2751 1288 2825 sin-

167 2862 323 2961 gulorum
342 2863 726 2964 analysiostendimus.

250 2980 348 3052 Nune
370 3005 450 3055 vero
470 2981 629 3059 addimus
652 2984 697 3059 ad
722 2983 907 3084 pleniorem
929 2984 1069 3060 istorum
1095 2983 1290 3060 confutatio

170 3120 265 3182 nem,
289 3119 332 3166 ne
352 3120 456 3168 unum
474 3097 613 3196 quidem
633 3115 813 3199 suppetere
833 3126 873 3174 ex
886 3100 1017 3198 integra
1035 3100 1186 3200 quinque
1198 3098 1289 3199 prio-

171 3235 245 3282 rum
278 3206 468 3282 seoulcrum
507 3212 646 3310 periodo
680 3213 869 3313 exemplum
907 3213 1047 3289 alterius
1083 3214 1285 3288 matrimonii

171 3322 308 3422 impune
332 3324 494 3397 mntracti
520 3341 597 3423 post
621 3325 744 3425 prioris
769 3327 925 3426 coniugis
949 3327 994 3403 ob
1014 3328 1215 3402 adulterium
1239 3327 1288 3399 di-

169 3436 379 3512 missionem.
401 3437 549 3514 Omissis
567 3441 657 3513 euim
675 3441 764 3531 illis,
784 3444 845 3543 qui
870 3442 1098 3518 annuentibus
1116 3442 1287 3517 nonnullis

170 3550 302 3647 ignavis
321 3552 513 3654 episcopis,
534 3554 581 3629 ita
597 3573 851 3653 sogesserunt,
878 3558 939 3658 qni
958 3572 1134 3659 propterea
1154 3557 1199 3631 ab
1215 3556 1288 3631 Ori-

170 3689 255 3762 gene
271 3667 416 3764 graviter
434 3668 612 3768 vapulant,
633 3696 701 3746 non
718 3671 884 3747 halrenms
905 3673 972 3748 uisi
990 3673 1114 3749 lactum
1132 3671 1289 3747 Fabiolae

245 3913 312 3979 (2⁰5)
327 3915 369 3966 Uti
384 3917 467 3969 carol.
485 3918 605 3971 munus
626 3919 652 3969 iu
673 3932 716 3984 op.
735 3933 813 3985 gam.
833 3920 979 3974 cmorata
1000 3922 1050 3985 leq.
1069 3921 1143 3973 ctatt.
1158 3919 1287 3985 cellmua

169 3991 203 4043 dc
225 3991 340 4046 dicatio
359 4008 421 4047 cum
437 3998 517 4048 aerbo
540 4001 697 4064 Mamptc
723 4002 750 4051 et
767 3998 877 4051 tradito.
894 4000 1004 4051 Koblenz
1021 4002 1046 4052 et
1069 4000 1202 4051 nudamur.
1220 4007 1287 4050 1816.

170 4085 225 4136 pag.
248 4080 279 4124 aa
298 4086 369 4138 seqq.
393 4076 454 4127 ltem
473 4079 575 4130 Maurus
596 4079 675 4143 ungat
696 4080 721 4130 in
741 4093 782 4145 op.
798 4093 874 4144 germ
904 4083 1099 4132 Demonstrabo
1121 4080 1196 4145 rettq.
1220 4080 1288 4131 clert-

169 4151 366 4203 attane-cathol.
377 4155 438 4204 tom.
451 4157 484 4205 11.
496 4160 598 4221 August
610 4157 708 4210 vindat.
724 4165 791 4210 tata.
804 4171 861 4223 pag.
872 4166 939 4222 stas
953 4172 999 4210 nco
1014 4173 1065 4210 non
1077 4160 1166 4212 Thoar.
1177 4160 1289 4212 Dollinsr

169 4231 303 4296 canonista:
314 4233 452 4285 matriacus
469 4235 495 4285 ln
511 4249 552 4300 op.
573 4250 651 4301 germ.
670 4237 827 4291 Illustrottc
844 4241 943 4292 rottoa.
965 4240 1053 4305 aptus
1071 4242 1102 4292 11.
1123 4240 1202 4294 codic.
1229 4242 1289 4293 Unt-

170 4311 369 4363 versaretur
388 4312 412 4376 §.
423 4320 447 4365 a.
461 4314 493 4365 ad
509 4323 562 4368 111.
580 4329 624 4368 sen
641 4320 782 4371 hocwar
793 4321 947 4371 martinos.
961 4321 992 4371 11.
1011 4323 1074 4385 part.
1093 4321 1200 4374 Vindob.
1218 4329 1285 4373 tosa.

170 4404 225 4456 pag.
245 4400 270 4442 a.
281 4392 349 4457 apud
367 4393 513 4459 ltoslorltny
524 4409 565 4461 op.
580 4397 623 4449 cit
633 4411 689 4463 pag.
704 4405 816 4453 tat-tat.
