3234 5084
324 422 391 505 478
477 454 538 507 um.
560 454 606 506 ru.
628 453 714 506 sacr.
735 453 865 506 aarum.
887 453 1051 505 neruuiss.
1069 453 1164 505 rara.
1182 452 1304 504 eumer.

322 575 443 661 ficere,·
471 599 551 672 ergo
575 574 691 648 merito
716 572 806 645 idem
831 572 977 646 dicimus
1002 571 1046 644 de
1071 586 1147 647 voto
1171 572 1336 647 castitatis
1360 571 1440 646 reli-

320 690 455 789 giosae3
486 715 562 762 cum
588 715 666 786 ergo
692 688 727 761 in
752 688 817 762 boc
841 704 918 763 voto
943 687 987 762 de
1017 688 1137 762 effectu
1162 703 1310 775 constet,
1336 706 1371 765 et
1396 689 1441 763 de

320 807 393 881 iure
409 805 524 879 divino
543 832 608 879 non
625 819 776 892 constet,
797 803 866 878 imo
886 803 1090 877 sufficienter
1106 803 1266 904 probetur
1282 810 1349 878 nob
1366 806 1439 878 exi·

320 938 427 1011 stere,
454 920 641 995 sistendum
667 935 719 994 est
749 919 785 992 in
814 918 887 993 iure
918 918 1166 1006 eeclesiastico,
1192 918 1235 993 de
1259 945 1328 1019 quo
1351 921 1437 994 satis

320 1052 461 1112 constat.

391 1152 539 1227 Alteram
563 1149 792 1253 probationem
814 1150 901 1224 eruit
923 1150 1046 1224 Suarez
1063 1176 1103 1223 ex
1120 1176 1181 1238 eo,
1204 1149 1297 1249 quod
1314 1151 1372 1225 bio
1387 1151 1437 1223 el·

320 1268 426 1343 lectus
450 1295 519 1342 non
541 1267 681 1342 excedat
697 1264 954 1367 amplitudinem
971 1264 1221 1341 ecclesiasticae
1238 1267 1435 1365 potestatis,

319 1400 358 1461 ut
380 1399 511 1460 constat
534 1410 576 1457 ex
600 1382 756 1458 adductis
783 1381 921 1456 loannis
945 1382 1048 1454 XXII.
1069 1380 1203 1470 verbis,
1231 1408 1320 1482 quae
1343 1381 1439 1456 illam

318 1515 533 1601 supponunt;
567 1514 637 1572 tum
669 1524 710 1573 ex
741 1496 909 1572 illimitata
942 1496 1098 1572 facultate
1127 1523 1148 1571 a
1178 1496 1313 1573 Christo
1341 1500 1440 1574 Petro

318 1638 481 1689 concessa
505 1612 633 1712 ligandi
659 1638 699 1687 ac
725 1612 899 1700 solvendi,
930 1612 1159 1712 pascendique
1185 1638 1265 1687 oves
1290 1639 1385 1687 suas.

391 1728 536 1802 Tertiam
561 1727 708 1828 denique
734 1726 964 1827 probationem
995 1728 1119 1826 promit
1150 1753 1191 1801 er
1217 1727 1322 1815 lacto,
1351 1755 1435 1815 een,

319 1861 357 1918 ut
380 1844 456 1946 ipse
479 1844 650 1944 loquitur,
670 1870 710 1917 ex
726 1844 841 1944 sipon,
871 1841 1035 1917 ecclesiae
1060 1843 1219 1917 nimirum
1246 1844 1366 1942 agendi
1388 1871 1440 1918 ra·

319 1959 428 2049 tione,
450 1975 616 2060 quatenus
640 1959 784 2033 ecclesia
807 1957 942 2033 diversa
958 1958 1087 2032 ratione
1105 1958 1169 2033 hac
1191 1974 1355 2059 potestate
1371 1987 1438 2036 usa

318 2090 391 2163 cst,
418 2075 499 2148 dnm
519 2072 626 2149 noluit
650 2074 741 2148 bunc
764 2073 920 2148 effectum
938 2101 999 2174 per
1024 2091 1137 2149 votum
1159 2074 1251 2177 quod
1278 2076 1314 2148 in
1339 2092 1438 2152 sacra

318 2190 528 2266 ordinatione
551 2190 733 2278 emittitur,
753 2206 813 2265 ant
836 2216 897 2291 per
912 2190 1057 2292 simplex
1077 2207 1192 2265 roturn
1217 2193 1382 2268 eastitatis
1399 2195 1437 2267 in

318 2303 434 2379 seculo
458 2305 679 2392 servandum
699 2303 805 2380 voluit
828 2319 942 2379 autem
965 2332 1027 2381 seu
1052 2306 1248 2397 constituit,
1283 2324 1321 2382 ut
1346 2309 1439 2384 buno

318 2419 472 2496 effectum
498 2421 696 2521 produceret
712 2437 827 2497 votum
848 2420 987 2494 solemne
1012 2421 1203 2521 religionis,
1228 2425 1319 2525 quod
1341 2426 1438 2524 prius

319 2537 363 2611 ad
388 2536 424 2609 id
448 2561 516 2610 non
549 2536 801 2637 requirebatur,
829 2553 868 2611 ut
891 2553 983 2637 patet
1007 2563 1068 2637 per
1098 2538 1253 2639 exempla
1277 2565 1317 2613 ex
1348 2542 1439 2614 anti-

318 2653 447 2754 quitate
470 2652 700 2751 ecelesiastica
724 2652 932 2754 deprompta.
963 2653 1001 2725 lu
1028 2654 1082 2727 bis
1112 2653 1202 2727 enim
1228 2653 1354 2729 nullam
1381 2681 1439 2730 so·

317 2768 459 2845 lemncm
473 2769 646 2869 religionis
659 2770 902 2870 professionem
921 2771 1127 2859 invenimus,
1144 2771 1205 2846 sed
1222 2772 1438 2871 propositum

317 2886 504 2961 servandae
528 2888 714 2974 castitatis,
742 2887 885 2985 eiusque
910 2886 1171 2962 observantiam.
1199 2887 1288 2974 Quia
1312 2913 1438 2988 nempe

319 3000 469 3075 nondum
493 3002 637 3076 ecclesia
660 3001 899 3092 constituerat,
927 3020 966 3077 ut
989 3030 1050 3103 per
1075 3004 1182 3077 solum
1209 3003 1359 3078 solemne
1386 3031 1440 3077 re·

317 3113 455 3212 ligionis
487 3131 600 3191 votum
629 3115 825 3215 coniugium
858 3116 1083 3192 dirimeretur.
1116 3117 1223 3219 ldque
1255 3117 1437 3194 confirmat

317 3230 470 3331 exemplo
498 3248 649 3307 votorum
686 3231 915 3333 simplicium,
947 3259 1036 3335 qnae
1064 3259 1085 3307 a
1115 3232 1328 3308 scholasticis
1356 3235 1432 3308 Sco.

318 3347 396 3423 lesu
414 3347 520 3423 emitti
538 3346 665 3437 solent,
686 3373 775 3449 quae
792 3347 873 3421 olim
896 3350 964 3422 vim
984 3373 1051 3423 non
1068 3347 1238 3423 habebant
1254 3347 1435 3423 dirimendi

263 3472 268 3481 '
317 3463 568 3539 matrimonium
594 3479 720 3552 ratum,
744 3479 863 3563 postea
882 3489 962 3538 vero
982 3490 1023 3538 ex
1044 3464 1280 3538 constitutione
1305 3464 1438 3563 pontili-

317 3578 390 3666 eia,
417 3606 492 3654 eam
516 3581 584 3653 vim
614 3579 736 3678 adepta
765 3595 845 3653 sunt
873 3582 962 3675 (tu).
992 3577 1080 3651 Hinc
1103 3578 1273 3653 concludit
1295 3604 1336 3653 ex
1362 3577 1438 3652 sola

318 3693 481 3769 ccclesiae
505 3710 668 3794 potestate
693 3694 912 3770 derivandum
933 3693 1024 3768 hune
1045 3694 1200 3769 ellectum
1224 3693 1268 3768 de
1292 3691 1438 3768 dissolu·

318 3809 408 3884 tione
433 3809 579 3908 coniugii
611 3810 672 3884 rati
699 3827 732 3884 et
765 3836 832 3884 non
858 3811 1080 3884 consummati
1105 3837 1166 3910 per
1191 3810 1436 3910 professionem

318 3925 526 4024 religiosam,
548 3953 635 4027 quae
660 3927 743 4001 iuris
769 3927 988 4002 ecelesiastici
1014 3944 1085 4015 est,
1105 3928 1225 4003 saltem
1249 3927 1361 4028 quoad
1380 3952 1438 4002 so-

211 4135 218 4151 .
317 4041 535 4117 lemnitatem.

390 4158 499 4233 Ceteri
532 4184 611 4233 vero
636 4158 782 4257 theologi
819 4159 955 4234 nonnisi
980 4158 1125 4233 diversis
1155 4158 1267 4232 verbis
1298 4156 1435 4231 easdem

318 4272 422 4349 hasce
450 4272 663 4373 probationes
682 4269 858 4362 evolvunt}
879 4274 947 4349 nisi
974 4272 1065 4374 quod
1083 4272 1142 4347 alii
1166 4272 1329 4347 adiiciunt
1348 4270 1438 4345 hane

388 4423 439 4487 (48)
455 4425 546 4488 Nempe
561 4425 670 4487 Gregorii
682 4426 748 4476 xltl.
762 4424 787 4474 tn
799 4427 884 4476 coust.
903 4424 1061 4477 ascendente
1078 4427 1196 4477 Dmotno.
