3234 5084
347 434 416 485 err.
434 386 1093 498 rr.nro1ss.mrn.mrr,aorreoaonn.
1207 413 1277 488 tta

171 552 263 627 dieat
287 574 354 624 non
380 573 595 623 essenorum
619 547 867 624 matrimonium
891 564 925 624 et
947 548 1162 648 coniugium,
1185 564 1280 626 ante-

171 691 273 767 quam
298 664 343 738 sit
366 677 646 737 consummatum.
663 662 705 736 At
728 681 817 738 oerte
843 662 908 737 hoe
932 662 1061 738 indicat
1083 663 1195 763 ipsum
1219 690 1281 739 no·

171 804 247 852 men
272 790 548 861 consummatum,
575 774 674 876 quasi
704 776 888 875 perfeetum
915 792 949 851 et
972 776 1161 853 absolutum
1186 779 1277 873 (l).»

243 891 339 980 Quae
363 890 501 992 quidem
526 889 609 965 satis
630 906 754 965 temere
773 891 866 966 diota
889 916 966 967 esse
985 891 1161 981 ridentur3
1187 891 1281 966 dilli-

169 1006 312 1082 oultates
333 1021 465 1094 autem,
488 1005 613 1105 quibus
635 1006 832 1105 responderi
848 1031 916 1081 non
934 1032 1037 1106 posse
1057 1021 1208 1081 autumat
1223 1006 1281 1082 hio

170 1137 306 1209 auctor,
332 1119 434 1220 paulo
458 1135 535 1220 post
558 1121 764 1195 excutiemus
789 1121 904 1221 iisque
925 1121 1010 1198 satis
1030 1136 1131 1223 utque
1147 1119 1281 1197 abunde

172 1235 368 1336 responderi
391 1235 620 1311 ostendemus.

244 1350 382 1427 lnterim
405 1377 447 1427 ex
471 1351 633 1427 haetenus
664 1351 765 1426 dictis
795 1366 887 1451 patet
914 1350 1013 1427 nohis
1044 1350 1281 1427 vindicandum

171 1472 250 1541 esse
273 1465 436 1542 eeclesiae
459 1466 552 1542 eirea
575 1464 667 1541 hune
694 1464 873 1542 articulum
901 1464 1090 1542 doctrinam
1119 1465 1281 1542 adamus

171 1605 289 1656 omnes
313 1581 388 1657 eius
411 1581 675 1681 impugnatores.
696 1579 794 1668 Quod
817 1606 898 1657 roro
914 1582 1033 1657 attinet
1052 1581 1095 1656 sd
1119 1580 1184 1656 ltus
1205 1580 1282 1655 rin·

171 1692 301 1783 dioias,
320 1693 533 1793 praemittere
548 1694 662 1769 adhue
678 1693 839 1770 debemus
855 1694 934 1771 illas
950 1694 1137 1771 scientifice
1153 1708 1282 1795 speetu·

173 1825 226 1883 tas
250 1809 362 1883 varias
385 1835 463 1884 esse
491 1834 553 1909 pro
577 1808 818 1884 sententiarum
848 1811 1036 1899 varietate,
1075 1833 1164 1911 quae
1196 1808 1282 1884 inter

172 1924 357 2000 eutholioos
382 1923 556 2024 theologos
579 1924 680 2024 viget.
701 1925 877 2026 Siquidem
903 1925 963 2001 alii
986 1923 1152 2001 eiusmodi
1169 1924 1282 2000 disso-

173 2041 335 2117 lationem
359 2056 514 2141 inpetunt
536 2067 577 2116 ex
601 2041 675 2115 inre
698 2040 863 2135 naturali;
882 2039 942 2115 alii
966 2068 1008 2116 ex
1032 2041 1107 2116 iure
1122 2038 1282 2116 ecolesin-

172 2156 280 2244 etioo;
310 2153 368 2229 alii
392 2155 528 2230 demum
552 2181 593 2229 ex
617 2155 691 2231 iure
713 2155 841 2232 divino.
871 2156 1141 2257 Unumquodque
1167 2169 1280 2231 anm

173 2269 334 2369 placitum
364 2269 436 2344 suis
464 2269 694 2369 peculiaribus
721 2286 859 2369 urgetur
887 2270 1165 2358 diffieultatibes,
1192 2293 1280 2371 quas

171 2382 389 2459 dissimulare
412 2410 475 2459 nee
491 2408 673 2484 pensamus
690 2411 754 2461 neo
769 2385 949 2474 debemus,
970 2402 1009 2461 ut
1024 2412 1065 2460 ex
1082 2410 1196 2460 earnm
1214 2383 1283 2459 eol·

172 2498 298 2573 latione
320 2499 404 2600 quid
420 2500 638 2575 verisimilius
655 2499 863 2575 oensendum
879 2500 927 2575 sit
945 2499 1156 2597 colligamus.
1176 2498 1284 2571 Abso-

171 2609 240 2685 luta
265 2613 464 2713 quaestiono
487 2613 679 2710 dogmatica
702 2611 746 2687 de
770 2612 937 2689 solutione
960 2613 1109 2711 coniugii
1134 2613 1197 2687 ruti
1224 2608 1284 2712 per

171 2725 354 2803 solemnem
379 2728 553 2827 religionis
578 2728 841 2828 professionem,
861 2729 1082 2829 expendenda
1098 2727 1162 2802 erit
1177 2753 1283 2829 quae·

172 2842 237 2917 stio
262 2842 467 2942 theologica,
495 2860 607 2919 utrum
624 2843 703 2918 eliis
719 2843 881 2943 grauibus
899 2845 942 2919 de
958 2845 1073 2918 causis
1089 2843 1283 2941 coniugium

173 2973 282 3032 ratum
306 2954 480 3060 pontificia
503 2952 771 3060 dispensatione
786 2977 887 3062 atque
915 2962 1112 3036 auctoritate
1141 2958 1283 3033 dissolri

173 3073 299 3174 possit,
326 3074 370 3149 de
393 3098 461 3176 qna
485 3072 623 3177 quidem
649 3078 846 3177 quaestione
869 3076 995 3179 duplex
1012 3077 1183 3152 doctorum
1206 3076 1285 3151 sen·

172 3186 277 3262 tentia
301 3186 459 3277 habetur,
487 3214 630 3290 quarum
655 3191 761 3265 altera
789 3216 863 3265 eam
895 3206 1092 3291 potestatem
1122 3189 1284 3265 eoelesiae

172 3327 234 3376 seu
258 3326 343 3377 rom.
363 3302 513 3404 pontitioi
538 3304 698 3402 denegat,
726 3304 830 3379 altera
853 3330 932 3380 vero
957 3304 1113 3380 adstruit.
1279 3320 1281 3325 ’

244 3417 288 3491 Ut
312 3417 508 3518 igiturque
533 3442 595 3516 par
619 3433 672 3493 est
696 3418 934 3517 perspicuitate
957 3445 997 3493 no
1013 3419 1171 3494 methodo
1192 3419 1284 3492 inoe-

172 3529 311 3620 dnmus,
340 3530 509 3606 distinctis
540 3530 693 3608 artioulis
722 3532 766 3607 de
797 3533 851 3606 his
880 3534 1038 3609 omnibus
1067 3532 1286 3635 pertraetabi·

172 3668 268 3731 mus,
303 3644 492 3746 praemissa
520 3646 666 3745 generali
701 3646 853 3721 doctrina
881 3673 902 3721 a
929 3646 1073 3724 ooneilio
1103 3647 1285 3722 tridentino

173 3758 313 3833 definita
336 3761 402 3835 hoe
425 3786 555 3836 eanone
570 3760 623 3833 lll.
646 3786 732 3836 sess.
752 3762 864 3834 lllllll.
877 3763 936 3834 «Si
954 3762 1031 3862 quis
1048 3763 1189 3851 dixerit,
1212 3787 1286 3836 ma·

173 3874 368 3948 trimoninm
393 3892 519 3965 ratum,
540 3902 607 3951 non
624 3892 909 3967 consummatum,
931 3904 992 3979 per
1008 3876 1190 3952 solemnem
1208 3876 1286 3951 reli-

174 3986 286 4087 gionis
311 3990 555 4090 professionem
580 3989 718 4067 ulterius
744 3993 923 4093 ooniugum
948 4020 1016 4069 non
1043 3993 1175 4082 dirimi;
1204 4019 1286 4068 ana·

175 4101 290 4178 therm
315 4105 397 4178 sit.»

246 4288 282 4352 (⁷)
299 4291 384 4354 opera
396 4293 475 4343 varta
487 4256 816 4359 remunerandorum.
832 4294 1068 4344 tantominus
1083 4294 1164 4347 ouer.
1178 4304 1231 4357 pu.
1242 4293 1284 4343 ιν,

175 4371 472 4435 memm
