3234 5084
308 391 376 464 tlt
452 412 513 463 nn.
526 411 574 463 m.
590 410 677 463 smr.
695 412 826 464 mrum.
842 413 883 464 nr
899 412 1012 465 mores.
1028 412 1122 465 rrrrn.
1139 413 1262 468 unusr.

309 529 558 604 matrimonium
585 528 714 603 nullum
739 529 947 617 declaretur,
971 532 1053 631 qnia
1077 530 1280 607 celebratum
1296 533 1361 608 tuit
1382 535 1421 607 in

306 645 413 744 gradu
438 646 740 743 consanguinitatis
767 663 827 721 aut
851 648 1046 735 affinitatis,
1075 674 1136 722 seu
1160 674 1236 724 cum
1261 649 1332 723 alio
1354 651 1419 723 im·

309 761 501 862 pedimento
527 762 700 856 irritante3
722 788 800 835 nam
826 787 902 835 cum
924 763 1172 839 matrimonium
1203 765 1333 839 nullum
1360 766 1420 840 de·

308 875 472 964 claretur,
501 891 589 950 recte
610 893 754 977 possunt
777 877 938 975 coniuges
964 877 1007 950 ed
1031 876 1124 951 aliud
1149 879 1312 967 transire;
1340 896 1420 954 tunc

309 1006 422 1065 autem
447 989 513 1064 late
537 991 572 1065 id
590 1017 650 1091 per
667 991 847 1066 divortium
860 990 986 1065 dicitur
1000 991 1095 1078 lieri,
1111 1018 1188 1066 cnm
1204 1018 1282 1068 vere
1304 996 1420 1067 matri·

309 1105 458 1177 monium
479 1130 545 1178 non
565 1106 710 1179 extiterit
728 1107 844 1202 (18⁵1).
865 1105 924 1179 Dr.
944 1106 1021 1205 lloy
1033 1106 1151 1179 eadem
1163 1107 1266 1181 verba
1277 1108 1416 1205 intelligi

309 1219 431 1293 debere
454 1221 624 1294 existimat
646 1221 711 1295 hoc
744 1246 868 1295 sensu:
894 1219 993 1308 Quod
1026 1222 1219 1319 coniugium
1250 1222 1420 1296 secundae

309 1334 479 1423 mulieris,
512 1335 693 1435 superstite
724 1335 856 1434 priore,
886 1362 943 1407 occ
971 1335 1109 1409 diverto
1134 1338 1254 1422 eiecto,
1283 1336 1415 1422 idest,

310 1475 352 1522 ne
385 1464 455 1522 tum
487 1449 626 1549 quidem
654 1449 764 1524 locum
799 1448 942 1539 habeat,
970 1475 1072 1550 quam
1101 1451 1194 1551 prior
1221 1451 1344 1525 coniux
1377 1451 1421 1525 ob

310 1562 512 1637 adulterium
534 1564 676 1638 dimissa
700 1564 745 1639 sit
765 1566 880 1660 (188).
901 1565 967 1651 Qui
993 1590 1116 1640 sensus
1136 1591 1177 1639 eo
1207 1566 1422 1641 verisimilior

309 1677 454 1765 uidetur,
478 1677 570 1777 quod
588 1679 619 1751 ei
638 1679 747 1753 laneat
771 1679 934 1754 orationis
958 1680 1084 1768 series,
1113 1680 1314 1779 laveantque
1331 1681 1421 1781 prin-

309 1795 401 1894 cipia
423 1795 581 1868 ciusdem
601 1794 772 1895 pontilicis
795 1813 911 1895 aperte
935 1795 1021 1870 alias
1048 1799 1246 1881 constituta,
1271 1796 1419 1897 alioquin

310 1909 447 1985 deberet
469 1936 584 1984 secum
609 1910 683 2011 ipse
712 1937 875 2011 pugnare.
894 1911 988 1986 Adeo
1010 1938 1126 1986 rerum
1150 1929 1203 1986 est
1226 1912 1317 1986 haud
1342 1938 1422 1986 con-

310 2025 460 2100 tendisse
473 2025 705 2098 Innocentium
722 2025 832 2100 citatis
856 2026 969 2100 verbis
994 2026 1109 2126 aliqua
1131 2027 1260 2101 ratione
1280 2026 1423 2101 divortio

310 2141 438 2228 lavere,
457 2157 496 2214 ut
513 2139 556 2213 ad
573 2141 647 2215 eius
665 2142 894 2217 auctoritatem
912 2168 955 2215 ne
972 2142 1143 2218 launoius
1159 2142 1297 2243 quidem
1310 2143 1424 2217 eonlu

310 2256 419 2352 gerit,
454 2255 547 2356 quod
571 2272 660 2330 certe
693 2254 802 2330 lacere
827 2282 894 2331 non
919 2258 1110 2346 omisisset,
1139 2259 1169 2332 si
1194 2282 1318 2332 causae
1341 2282 1424 2333 suae

311 2395 387 2445 esse
411 2372 690 2471 patrocinaturam
709 2397 786 2446 aum
805 2372 925 2448 luisset
942 2375 1134 2473 suspicatus
1154 2374 1266 2469 (189).

772 2615 810 2711 o.
838 2613 956 2686 xxrrr.

679 2840 716 2887 lie
732 2834 844 2886 concilio
863 2835 1005 2887 milevitano
1015 2837 1047 2886 ll.

384 3046 516 3120 Sanctis
532 3046 720 3144 Augustino
735 3061 771 3121 et
786 3047 980 3123 lnnoeentio
992 3046 1150 3121 addimus
1168 3062 1335 3146 postreom
1352 3048 1426 3124 loco

313 3162 541 3237 auctoritatem
566 3160 699 3237 concilii
723 3161 929 3252 milevitani,
951 3177 989 3237 ut
1004 3162 1056 3237 sic
1072 3188 1356 3263 praeoccupemus
1377 3180 1425 3237 te-

312 3276 518 3378 chnasquas
535 3277 662 3352 invexit
675 3277 864 3367 launoius,
883 3294 923 3352 ut
938 3276 1053 3378 aliquo
1068 3277 1185 3366 modo,
1204 3278 1235 3352 si
1254 3277 1327 3351 lieri
1349 3304 1425 3378 pos·
1495 3301 1497 3303 ’

312 3409 384 3480 set,
411 3393 485 3467 eius
508 3393 577 3468 rim
600 3409 785 3469 enervaret.
814 3393 988 3495 Siquidem
1013 3392 1078 3468 hoc
1097 3393 1278 3468 concilium
1300 3393 1356 3467 cui
1373 3394 1426 3465 in-

311 3507 426 3582 terfuit
450 3533 479 3581 s.
500 3506 724 3607 Augustinus,
744 3534 906 3583 canonem
924 3507 1048 3596 edidit,
1068 3509 1127 3608 qni
1147 3507 1307 3582 tribuitur
1325 3507 1425 3582 etiam

312 3620 455 3696 concilio
468 3620 615 3697 alricano
629 3621 698 3711 ll,
714 3621 978 3720 carthaginiensi
991 3622 1066 3710 xl,
1081 3622 1269 3723 legiturque
1286 3621 1424 3696 totidem

315 3871 321 3881 “
384 3871 451 3935 (187)
465 3875 577 3923 Emmnn
586 3871 707 3922 Gonmlm
716 3871 798 3923 Tollen
812 3873 1006 3923 commentario
1017 3872 1147 3936 perpetua
1159 3872 1188 3921 ttt
1202 3870 1320 3935 tinum
1335 3871 1425 3920 usim

311 3953 413 4002 Deerat.
424 3952 536 4016 Gregorii
547 3953 590 4002 lli.
601 3950 743 4003 Francolur.
754 3951 787 4002 ad
797 3954 912 4003 Moenum
926 3958 995 4003 1690.
1004 3952 1066 4001 tom.
1077 3953 1120 4000 lv.
1128 3963 1183 4013 cup.
1194 3951 1215 4000 l.
1226 3950 1251 3999 in
1263 3950 1301 4000 tit
1313 3951 1379 3999 xlv.
1389 3951 1426 3998 lie

312 4028 434 4082 dlomltts
446 4044 471 4081 u.
480 4038 516 4083 tt.
524 4032 662 4096 allegatque
672 4045 718 4097 pro
728 4045 774 4082 aua
783 4030 982 4096 interpretatione
992 4029 1105 4081 Glossam
1112 4029 1188 4080 verm
1197 4032 1293 4091 circem·
1304 4028 1425 4080 eamdam
1521 4107 1524 4112 ἰ

311 4123 361 4173 qne
377 4111 505 4173 amplexus
523 4113 561 4163 est
578 4112 779 4163 Turriscremnto.
790 4110 830 4163 cl.
840 4111 915 4163 mam
928 4110 1064 4162 llartorelll
1076 4123 1118 4175 op.
1128 4110 1172 4162 cit.
1183 4121 1238 4174 pen.
1247 4116 1301 4162 tto.

384 4189 452 4331 llglll
467 4191 619 4333 lslddpnddlre
641 4267 673 4320 ad
692 4269 863 4320 innocentium
886 4267 1043 4319 recurrerunt
1060 4267 1113 4319 sive
1130 4268 1301 4328 cnemnltius,
1321 4264 1374 4316 sive
1389 4267 1424 4316 lo.

313 4345 472 4409 Gerlrardus,
491 4359 571 4410 neque
584 4361 640 4398 eum
655 4346 703 4398 sibi
719 4345 811 4397 obiecit
825 4345 910 4396 sixtus
924 4345 1041 4397 mensu.
