3234 5084
432 461 502 513 car.
514 459 548 511 v.
560 459 600 511 ns
617 457 726 512 sonur.
742 458 870 511 rurmr.
884 460 980 512 uara.
996 459 1068 512 aun.
1079 459 1103 517 1.
1246 439 1316 512 ttt

279 582 513 657 Controversia
530 579 616 654 haec
627 594 679 654 est
695 578 781 653 satis
797 578 951 679 arcuque,
967 578 1002 651 iu
1019 604 1088 679 qua
1105 578 1272 678 ancipites
1282 607 1320 655 se

206 696 371 771 interdum
395 710 525 770 veteres
549 708 662 792 patres
687 692 917 768 ostenderunt.
945 694 1033 767 Sane
1059 720 1088 768 s.
1110 692 1319 791 Augustinus

203 811 336 888 scribit:
368 811 462 885 «Sed
487 810 517 884 si
539 836 607 883 non
632 809 742 883 omnis
768 808 943 884 fornicatio
966 809 1067 883 etiarn
1091 810 1319 885 moeclic‘dici

203 942 333 1029 potest,
356 926 416 999 ubi
437 927 482 1000 sit
505 925 540 997 in
557 923 724 1022 Deculogo
742 923 912 1023 prohibita
933 922 992 996 illa
1009 923 1196 1013 fornicatio,
1217 951 1320 1025 quam

203 1042 331 1117 iaciunt
354 1042 436 1129 viri,
458 1042 517 1141 qui
540 1066 661 1116 uxores
686 1065 753 1113 non
777 1039 923 1128 habent,
943 1066 1020 1114 cum
1033 1040 1211 1128 luminis,
1231 1066 1321 1141 quae

202 1159 359 1232 maritum
381 1184 446 1232 non
470 1158 615 1246 habent,
642 1173 754 1233 utrum
780 1156 923 1232 inveniri
947 1156 1075 1257 possit,
1103 1155 1233 1253 ignoro.
1253 1156 1318 1231 Sed

203 1275 234 1349 si
259 1274 337 1347 lurti
363 1274 498 1348 nomine
522 1272 608 1348 bene
632 1273 829 1372 intelligitur
859 1272 969 1346 omnis
999 1271 1115 1344 illicita
1143 1262 1319 1371 usurpatio

202 1388 252 1462 rei
275 1387 406 1461 alienae
432 1391 518 1484 (uon
543 1387 632 1462 enim
657 1388 810 1489 rapinam
835 1387 1006 1488 permisit,
1027 1386 1086 1487 qui
1103 1384 1227 1459 furtum
1245 1411 1319 1484 pro·

203 1502 333 1591 hibuit,
357 1501 417 1577 sed
434 1503 551 1602 utique
575 1528 597 1577 a
621 1519 716 1603 parte
741 1518 845 1577 totum
870 1501 1011 1600 intelligi
1028 1501 1134 1576 voluit
1150 1499 1319 1601 quidquid

203 1643 314 1692 rerum
339 1617 481 1717 proximi
511 1617 708 1715 aufertur),
737 1618 885 1717 prolecto
917 1633 950 1692 et
978 1617 1114 1691 nomine
1146 1614 1319 1690 moechiae

202 1733 313 1809 omnis
334 1732 471 1808 illicitus
495 1733 693 1808 concubitus
718 1749 820 1834 atque
843 1731 976 1807 illorum
1002 1730 1225 1805 membrorum
1249 1755 1318 1806 non

200 1847 369 1946 legitimus
392 1872 477 1921 usus
502 1846 692 1947 prohibitus
716 1847 816 1922 debet
844 1846 984 1945 intelligi
1008 1850 1110 1943 (6).»
1137 1845 1194 1920 Sic
1215 1844 1316 1919 etiam

200 1990 232 2038 s.
251 1964 478 2064 Hieronymus
505 1963 657 2038 scribens
682 1963 726 2037 ad
751 1960 940 2037 Amandum
972 1961 1204 2063 presbyterum
1234 1959 1318 2034 haec

201 2078 327 2153 habet:
360 2077 560 2166 «Quamdiu
582 2079 666 2152 vivit
688 2078 759 2167 uir,
781 2077 858 2152 licet
874 2076 1006 2152 adulter
1030 2075 1095 2164 sit,
1115 2075 1194 2150 licet
1217 2073 1319 2150 sodo-

200 2195 304 2284 mita,
331 2192 411 2269 licet
429 2193 569 2291 flagitiis
594 2192 751 2267 omnibus
776 2208 973 2293 coopertus,
997 2207 1031 2266 et
1054 2190 1098 2266 ab
1121 2216 1225 2265 uxore
1243 2216 1320 2289 pro·

195 2323 273 2409 pter
297 2309 373 2382 boec
405 2309 527 2382 scelere
552 2308 741 2393 derelictae,
776 2307 917 2382 maritus
942 2306 1016 2382 eius
1043 2319 1236 2406 reputatur,
1254 2304 1319 2379 'cui

201 2421 342 2496 alterum
364 2424 476 2497 virum
501 2423 654 2523 accipere
678 2449 745 2498 non
769 2422 848 2498 licet
867 2425 964 2519 (l).u
985 2420 1117 2509 Quibus
1132 2419 1262 2509 verbis,
1281 2434 1320 2495 ut

201 2553 308 2638 putet,
330 2565 359 2612 s.
375 2539 498 2613 Ductor
513 2563 580 2612 nun
591 2537 635 2612 ob
652 2537 761 2613 solum
778 2536 980 2611 adulterium
993 2562 1111 2635 presse
1127 2550 1314 2635 sumptum,

199 2654 260 2728 sed
283 2653 328 2728 ob
352 2652 422 2727 alia
450 2653 579 2752 flagitia
604 2653 717 2754 quoad
746 2668 855 2726 torum
888 2676 1108 2752 mensamque
1141 2649 1184 2725 ab
1214 2674 1318 2724 uxore

198 2768 354 2842 maritum
379 2766 490 2843 deseri
514 2794 634 2869 posse,
666 2792 858 2869 supponere
888 2766 1046 2856 videtur,
1073 2765 1225 2866 adeoque
1250 2763 1317 2838 sub

199 2881 432 2958 fornicationis
457 2909 517 2959 seu
535 2883 707 2959 moechiae
727 2882 866 2958 nomine
885 2897 995 2958 cetera
1011 2881 1154 2956 crimina
1170 2906 1319 2980 compre·

200 2995 323 3086 bandi,
350 2998 475 3100 quibus
499 2999 648 3098 legitime
671 2999 867 3097 coniugium
893 2996 1034 3072 dissolui
1060 2996 1180 3097 possit.

272 3114 345 3188 Non
370 3114 482 3189 minus
503 3116 681 3216 perspicue
702 3114 738 3187 id
759 3115 870 3215 ipsum
888 3140 918 3189 s.
940 3113 1090 3188 lsidorus
1107 3111 1317 3213 hispalensis

199 3228 331 3304 tradere
354 3228 487 3303 videtur
510 3230 591 3304 dum
615 3230 677 3320 ait:
709 3228 865 3305 «Omnis
891 3228 1066 3305 immunda
1090 3226 1229 3329 pollutio
1253 3228 1317 3302 lor·

198 3343 324 3419 nicetio
344 3343 486 3432 dicitur,
512 3344 667 3445 quamvis
692 3343 839 3445 quisque
863 3343 997 3418 diversa
1023 3341 1242 3442 turpitudinis
1259 3369 1318 3418 ro-

198 3457 327 3559 luptate
351 3458 584 3560 prostituatur.
616 3459 667 3532 Ex
694 3458 925 3534 delectatione
941 3450 1032 3533 euim
1049 3457 1237 3532 lomicaudi
1261 3483 1318 3533 ra·

200 3573 251 3648 ria
274 3575 459 3674 gignuntur
487 3575 633 3673 flagitia,
652 3573 777 3674 quibus
806 3590 839 3649 et
864 3600 1004 3673 regnum
1034 3573 1095 3647 Dei
1126 3573 1314 3662 clauditur,

198 3689 356 3765 ethome
381 3716 403 3765 a
427 3691 497 3765 Deo
521 3707 697 3791 separatur
717 3694 819 3787 (8).»
846 3691 889 3764 llt
913 3688 970 3764 alii
996 3689 1139 3789 passim.
1179 3676 1185 3685 ⁶

269 3804 391 3879 Verum
414 3804 469 3880 vix
487 3804 643 3879 dubitare
660 3804 711 3880 las
730 3820 802 3893 est,
822 3804 858 3878 in
877 3804 1048 3879 substrata
1065 3803 1202 3879 materia
1220 3803 1317 3879 adul·

199 3919 274 3992 terii
297 3946 413 3996 rocem
437 3920 588 4020 rigoroso
614 3946 717 3995 sensu
742 3945 819 3995 esse
842 3919 1096 4020 accipiendam,
1116 3944 1183 3993 non
1201 3935 1316 3995 autem

275 4176 310 4241 (e)
327 4180 424 4238 Quccst
444 4182 473 4232 tn
493 4181 579 4234 Bcod.
599 4183 694 4246 maan
707 4184 793 4233 Lm.
806 4194 832 4232 n.
844 4183 869 4233 t.

275 4258 311 4321 (7)
326 4258 372 4309 Εὐ.
383 4259 489 4312 vallars
501 4275 540 4327 ep.
554 4265 605 4314 ΙΝ.
621 4263 655 4314 al.
667 4264 785 4314 cmii.
798 4275 824 4315 a.
837 4268 862 4313 t.

274 4338 598 4402 (8)Ltb.11.sentcttttor.
617 4356 660 4394 seu
683 4345 722 4394 De
738 4354 842 4395 summo
864 4341 947 4406 bone,
963 4353 1017 4408 etp.
1030 4341 1140 4394 xxxrtt.
1156 4354 1183 4393 n.
1199 4342 1313 4406 ηοω.

199 4416 239 4469 ed.
254 4418 360 4472 trevali.
375 4422 467 4474 nona
484 4428 553 4475 teet.
568 4423 628 4474 tom
644 4424 686 4474 vt.
702 4435 727 4487 p.
743 4426 798 4475 tte.
