3234 5084
279 463 348 514 ero.
362 458 407 511 u.
424 461 464 512 nr
478 460 555 512 oras.
569 460 835 525 rerumrerum
848 461 1153 516 consueuerant.
1209 444 1276 515 tte

167 580 300 680 ligitur,
323 577 416 678 quod
441 576 597 677 loquatur
621 577 664 651 dc
689 602 730 657 eo
753 577 845 678 quod
870 580 1062 679 contingere
1086 583 1275 671 consuevit,

168 723 235 771 non
251 710 362 769 autem
381 693 425 768 de
441 720 524 767 casu
542 693 785 794 exceptionali,
805 694 994 770 cuiusmodi
1012 714 1064 770 est
1084 698 1278 796 coniugium

167 825 273 884 ratum
299 825 335 883 et
358 835 426 883 non
451 824 736 896 consummatum
758 808 926 907 siquidem
953 836 1093 885 necesse
1116 829 1275 901 nonest,

165 940 203 999 ut
225 951 302 999 cum
328 924 521 1023 coniugium
539 940 648 999 ratum
669 923 867 998 dissolvitur
892 923 1064 1022 religionis
1084 928 1201 1016 causa,
1219 926 1279 1028 qui

165 1056 279 1115 manet
304 1042 338 1112 in
364 1040 477 1115 seculo
501 1040 742 1114 continentiam
767 1040 978 1139 profiteatur,
998 1040 1037 1114 ut
1052 1041 1123 1115 vult
1139 1042 1281 1141 lloghcr·

165 1170 237 1243 tus,
266 1155 326 1228 sed
360 1170 469 1253 potest
501 1154 604 1228 alium
631 1154 698 1229 sibi
730 1155 906 1252 coniugem
936 1154 1040 1231 libere
1070 1181 1275 1257 comparare.

166 1270 209 1343 Ut
233 1270 383 1343 omittam
409 1285 524 1343 notum
552 1269 700 1369 prolecto
723 1269 832 1363 fnisse
861 1269 1021 1370 episcopo
1052 1269 1276 1373 eboracensi,

165 1384 257 1485 quod
284 1385 407 1459 lactum
434 1385 541 1458 luerat
565 1385 679 1460 seculo
701 1386 758 1460 vix
783 1402 936 1461 anteacto
961 1385 1005 1460 ab
1034 1385 1175 1485 Angliae
1203 1412 1282 1487 rege

166 1499 325 1597 Englrido
344 1503 434 1596 (rt).

239 1614 338 1701 Quod
353 1615 383 1689 si
397 1616 579 1716 episcopus
587 1616 784 1691 veronensis
793 1617 836 1690 de
845 1642 912 1717 quo
926 1642 1037 1692 sermo
1046 1633 1098 1692 est
1109 1619 1143 1691 in
1157 1645 1232 1719 cap.
1242 1621 1277 1692 ⁸1.

165 1732 223 1806 Eo·
242 1730 392 1832 publico,
414 1731 454 1804 dc
475 1759 618 1806 macero.
641 1735 807 1832 cooiupct.
828 1734 1171 1810 excommunicatione
1195 1734 1282 1808 mul·

168 1848 248 1921 tavit
277 1848 484 1945 coniugem,
516 1873 605 1947 quae
630 1847 779 1921 nondum
808 1865 1040 1923 consummato
1070 1848 1281 1924 matrimonio

166 1961 361 2060 religionem
380 1963 512 2060 ingredi
534 1965 769 2052 constituerat,
790 1991 851 2065 per
867 1966 1088 2064 ignorantiam
1106 1966 1142 2039 id
1160 1966 1282 2040 fecisse

165 2078 330 2152 dicendus
355 2094 428 2165 est,
457 2078 599 2178 eiusque
623 2080 823 2153 sententiam
849 2079 1039 2155 Alexander
1059 2082 1119 2155 lll.
1141 2081 1283 2156 irritavit

165 2191 368 2266 contrarium
394 2191 551 2265 sanciens
572 2194 661 2288 (80).
682 2194 813 2268 Exinde
830 2210 922 2294 patet
940 2192 1026 2267 nihil
1043 2195 1116 2270 sive
1136 2220 1178 2268 ex
1194 2196 1283 2269 Sori-

168 2322 267 2405 ptura
292 2307 365 2380 sive
388 2334 428 2380 ex
454 2304 635 2381 traditione
657 2309 784 2408 opponi
812 2334 934 2409 posse,
963 2309 1054 2412 quod
1083 2309 1281 2385 catholicam

166 2420 353 2495 doctrinam
380 2420 539 2495 infirmet.

239 2535 416 2637 Reliquum
443 2536 545 2634 igitur
569 2552 622 2612 est
644 2555 683 2612 ut
706 2564 747 2612 ea
771 2537 1012 2627 dissolvamus,
1033 2565 1122 2640 quae
1139 2539 1271 2639 pseudo

166 2651 375 2725 hlaldonatus
395 2677 470 2724 cum
488 2650 566 2726 aliis
584 2652 761 2727 catholicis
777 2653 937 2753 opposuit
953 2653 1151 2753 deprompta
1164 2680 1205 2727 ex
1224 2680 1284 2731 na·

167 2785 242 2841 tura
266 2768 374 2868 ipsius
400 2768 603 2842 matrimonii
630 2794 669 2842 ao
687 2769 909 2857 sacramenti,
929 2768 1055 2870 quibus
1073 2769 1283 2844 adnectimus

167 2907 256 2982 quae
279 2909 320 2956 ex
344 2883 465 2957 iisdem
490 2882 640 2958 lontibus
666 2910 687 2957 a
712 2884 930 2959 novatoribus
956 2900 1184 2960 arcessuntur.

242 2999 357 3097 ltaque
379 2999 594 3074 verissimum
619 3026 697 3074 ease
722 3001 866 3075 latemur
894 3000 1144 3076 matrimonium
1175 3015 1283 3074 ratum

168 3140 189 3187 a
214 3130 445 3188 consummato
470 3130 591 3188 notura
616 3142 683 3189 non
708 3116 865 3203 dillerre3
886 3133 921 3191 at
946 3110 985 3192 ex
1002 3115 1121 3191 divina
1140 3116 1285 3217 disposi-

168 3230 259 3303 tione
282 3229 443 3303 dillerunt
466 3229 577 3329 quoad
602 3232 750 3330 effectus.
771 3230 947 3332 Siquidem
976 3226 1169 3329 coniugium
1200 3228 1284 3304 fide-

167 3345 248 3418 lium
266 3362 532 3419 consummatum
553 3347 600 3419 ita
616 3345 853 3421 indissolubile
870 3362 939 3435 est,
959 3363 997 3421 ut
1013 3346 1106 3420 nullo
1122 3371 1283 3447 nmquam
1375 3337 1378 3345 ’

168 3463 202 3533 in
221 3487 303 3535 casu
321 3461 395 3535 eius
415 3460 585 3535 vinculum
607 3462 761 3562 abrumpi
779 3464 902 3563 possit,
923 3461 1086 3563 quamdiu
1104 3462 1188 3536 alter
1203 3488 1285 3536 con·

168 3576 282 3675 iugum
306 3576 340 3649 in
361 3576 448 3650 vivis
465 3592 528 3649 est.
545 3576 667 3651 Contra
684 3604 763 3650 vero
780 3578 1029 3651 matrimonium
1048 3594 1155 3651 ratum
1174 3577 1283 3651 locum

168 3692 305 3790 praebet
328 3691 566 3775 dissolutioni,
591 3691 638 3765 ita
662 3693 732 3767 Deo
756 3693 909 3781 volente,
930 3693 973 3766 ad
992 3694 1169 3794 perfectius
1187 3693 1285 3765 insti-

168 3820 276 3880 tutum
300 3800 565 3881 consectandum
591 3806 626 3878 in
652 3806 793 3881 solemni
829 3808 1006 3906 religiosae
1034 3810 1125 3884 vitae
1156 3807 1284 3907 proles·

169 3921 278 3995 sione.
307 3921 404 4008 Quod
429 3922 586 4025 quidem,
607 3938 644 3996 ut
661 3923 817 4023 superius
843 3925 1081 4024 exposuimus,
1103 3923 1147 3999 ab
1164 3924 1285 3999 extrin-

169 4064 247 4113 seoo
272 4040 446 4139 provenit,
475 4066 536 4115 seu
561 4067 583 4115 a
606 4039 777 4115 voluntate
801 4041 930 4115 divina.
1025 4060 1029 4069 ’
1256 4034 1258 4041 ’

241 4251 293 4315 (to)
306 4252 339 4303 at
348 4251 396 4303 hoc
409 4254 435 4305 tn
445 4254 574 4322 hypothesi
584 4256 616 4308 de
624 4256 730 4323 genam
740 4256 886 4309 collectione
897 4270 1034 4324 moenum,
1043 4270 1108 4321 quae
1116 4255 1164 4309 suh
1173 4255 1285 4322 haberti

169 4330 322 4383 mutanda
332 4333 431 4384 nomine
441 4333 626 4387 circumfertur:
640 4349 697 4389 nam
708 4338 733 4388 et
743 4336 790 4388 hoo
801 4350 868 4388 nunc
877 4350 891 4386 a
901 4336 992 4389 criticis
1006 4342 1115 4401 negatur.

242 4410 293 4473 (to)
306 4410 359 4462 uit.
371 4411 413 4461 ΙΙΙ.
424 4412 553 4465 Decrctol.
565 4413 606 4465 tlt.
621 4421 659 4466 tt.
