3234 5084
335 450 404 522 116
462 473 524 523 un.
547 473 594 523 ur.
617 472 703 524 srcr.
725 472 858 524 inmun.
879 472 919 523 nr
945 470 1316 524 attenuarentur.

407 574 504 678 Quod
528 616 608 665 tero
633 607 763 691 spectat
787 592 831 664 ad
856 592 931 665 eius
956 586 1214 678 auctoritatem,
1242 605 1361 689 utpote
1384 590 1457 664 sibi

333 709 559 796 contrariam,
588 708 773 783 adversarii
809 708 902 783 nullo
928 710 964 780 in
997 704 1105 808 pretio
1142 706 1255 808 opeda
1281 720 1455 781 auctorem

332 821 526 896 babendum
560 810 637 896 esse
671 822 783 923 palam
822 823 980 911 edicunt,
1017 820 1163 923 eumque
1193 820 1375 895 traducunt
1399 821 1454 895 sin

333 938 447 1012 minus
474 954 512 1012 ut
538 939 769 1038 deceptorem,
791 938 909 1013 saltem
934 954 972 1012 ut
995 934 1093 1011 ¹valde
1109 937 1235 1011 debilis
1254 938 1400 1025 mentis,
1421 948 1455 1010 et

333 1054 474 1150 exiguae
499 1054 660 1126 scientiae
678 1054 848 1127 bominem
872 1053 1020 1139 babent,
1041 1051 1104 1125 etsi
1121 1053 1199 1126 viva
1216 1051 1397 1151 phantasia
1413 1078 1455 1126 ac

331 1168 572 1267 imaginatione
597 1170 800 1269 praeditum.
831 1170 963 1242 Iamdiu
988 1167 1215 1242 Tertullianus
1247 1168 1452 1241 montanista

330 1285 490 1372 etractus,
507 1312 546 1359 eo
564 1286 655 1387 quod
673 1286 770 1360 novis
788 1284 1003 1383 dogmatibus
1019 1284 1064 1357 ab
1081 1310 1121 1358 eo
1146 1284 1366 1383 propugnatio
1392 1284 1450 1356 bic

328 1419 444 1474 auctor
470 1402 658 1475 contrarius
683 1418 798 1489 esset,
827 1417 901 1474 cta
927 1399 1104 1474 catholicis
1135 1399 1185 1472 illi
1210 1398 1447 1487 obiicierctur‚

328 1542 461 1590 summo
482 1542 558 1588 cum
584 1516 748 1589 dedecore
766 1517 810 1589 dc
833 1543 874 1590 eo
899 1516 1037 1589 disserit
1059 1517 1148 1613 (11).
1170 1515 1324 1588 Attamen
1350 1540 1451 1589 nemo

328 1656 433 1704 sanus
460 1629 667 1703 inficiabitur
690 1657 813 1729 magna
837 1658 915 1704 eum
940 1630 983 1703 ad
1009 1627 1449 1729 probandumauotoritate

330 1744 474 1846 pollere;
499 1746 670 1846 siquidem
697 1747 740 1819 ad
766 1747 842 1820 eius
869 1746 1099 1819 auctoritatem
1121 1743 1333 1845 appellarunt
1356 1742 1451 1818 velut

325 1861 369 1963 ad
395 1878 563 1935 auctorem
591 1861 792 1961 inspiratum
827 1889 856 1935 s.
885 1863 1042 1934 irenaeus
1072 1861 1167 1956 (12),
1196 1858 1351 1932 Clemens
1376 1858 1446 1932 ale-

327 1977 447 2049 xandr.
462 1980 553 2074 (13),
565 1992 600 2051 et
612 1976 776 2075 Origenes
788 1979 821 2070 (1
829 1978 878 2071 i).
893 1976 1105 2076 Quamquam
1117 2001 1196 2049 vero
1203 1974 1248 2048 ab
1260 1975 1327 2049 hoo
1340 2001 1445 2049 censu

325 2118 398 2163 eam
428 2108 622 2191 expungant
638 2119 668 2166 s.
693 2092 919 2193 Hieronymus
941 2093 1035 2188 (lb),
1064 2088 1232 2164 Eusebius
1255 2092 1328 2187 (16)
1344 2089 1446 2163 Atha·

323 2207 441 2280 nasius
470 2209 565 2303 (11);
587 2224 697 2280 tamen
716 2233 834 2281 omnes
852 2222 1017 2279 testantur
1040 2233 1117 2279 eum
1137 2221 1306 2279 auctorem
1322 2230 1447 2303 magno

326 2321 361 2392 in
379 2323 486 2421 pretio
508 2350 529 2396 a
545 2323 714 2397 veteribus
732 2322 887 2396 habitum
905 2321 1028 2409 luisse,
1050 2321 1174 2395 eteius
1192 2320 1316 2393 librum
1333 2322 1448 2393 utilem

323 2463 411 2526 esse,
432 2457 466 2511 et
491 2440 534 2512 ad
563 2439 751 2513 faciendam
777 2441 880 2512 fidem
902 2438 1025 2512 veteris
1053 2436 1246 2512 traditionis
1271 2453 1305 2510 et
1324 2436 1446 2511 doctri·

325 2580 390 2627 nae
407 2553 571 2628 ecclesiae
596 2556 755 2629 idoneum
778 2558 867 2654 (18).
885 2557 1025 2628 Tantum
1045 2571 1156 2627 autem
1179 2552 1288 2642 abest,
1309 2567 1346 2625 ut
1366 2555 1442 2627 Ter·

325 2669 486 2744 tullianus
503 2671 640 2745 officere
657 2673 767 2771 pessit
783 2670 973 2745 auctoritati
991 2669 1158 2759 Pastoris,
1178 2684 1216 2742 ut
1232 2695 1307 2743 eam
1329 2669 1443 2768 potius

323 2785 455 2874 evehat,
477 2812 553 2859 cum
576 2814 616 2859 ex
638 2814 679 2861 eo
705 2786 892 2860 habeamus
910 2786 1005 2859 illum
1024 2785 1179 2858 habiturn
1202 2785 1309 2859 fuisse
1332 2809 1444 2859 asser·

324 2916 427 2974 terem
453 2903 639 2977 catholicae
660 2903 829 2990 veritatis,
858 2901 912 2975 cui
931 2902 1155 2976 montanistae
1180 2901 1342 2976 novitates
1360 2926 1444 2975 suas

319 3042 490 3116 opponere
514 3018 703 3092 voluerunt.

391 3239 442 3303 (11)
457 3239 513 3291 Lib.
524 3243 562 3292 De
576 3241 741 3306 pudetttcc.
755 3244 786 3292 x.
799 3241 841 3292 nbi
857 3240 949 3293 scribit:
963 3260 976 3284 α
988 3239 1105 3291 cederem
1122 3238 1167 3290 tibi
1180 3235 1340 3303 (psychica),
1350 3237 1439 3289 cisen·

316 3318 391 3380 pars
411 3319 529 3384 Putatis
550 3333 614 3384 quac
633 3321 686 3371 sola
704 3320 821 3371 moechos
837 3320 913 3382 amat,
930 3318 1016 3369 divino
1028 3318 1189 3369 incremento
1206 3317 1336 3369 meruisset
1351 3316 1438 3380 incidi,

317 3398 339 3450 sl
356 3411 407 3450 nou
427 3399 459 3451 ab
471 3400 539 3452 omui
559 3401 665 3453 concilio
682 3401 841 3453 welmiarutn
867 3401 1004 3451 vestrarum
1018 3399 1084 3449 iuter
1098 3397 1238 3465 apocrypha
1251 3401 1277 3451 ct
1297 3397 1360 3450 laisa
1379 3396 1440 3448 iudi-

316 3482 424 3541 uretur,
445 3479 557 3535 adultera
577 3484 604 3532 ct
619 3481 680 3546 ipsa,
703 3484 730 3533 ct
752 3480 810 3532 inde
825 3483 928 3545 pamm
940 3479 1092 3531 sociorum.»

387 3560 439 3623 (tr)
452 3559 508 3612 tin.
526 3563 569 3610 iv.
585 3562 662 3612 Ceut.
674 3559 776 3611 haeres
786 3574 808 3610 c.
821 3567 844 3611 t.

387 3640 438 3703 (ta)
453 3640 508 3693 tio.
518 3644 538 3691 1.
548 3644 644 3693 strom.
654 3653 680 3691 n.
694 3649 732 3693 29.

388 3721 440 3782 (11)
453 3722 483 3770 lu
498 3720 571 3784 epist.
582 3720 615 3771 ad
627 3733 691 3771 rom.
701 3723 767 3771 xvi.
783 3724 821 3771 11.

385 3801 436 3864 (ts)
451 3803 489 3850 De
499 3803 564 3852 otrtc
576 3800 680 3852 illustr.
693 3814 715 3851 c.
729 3807 766 3851 to.

384 3880 435 3942 (to)
451 3882 522 3931 11111.
533 3879 625 3931 moles.
636 3880 680 3931 lib.
697 3883 728 3930 v.
745 3894 769 3930 c.
787 3886 826 3931 25.

387 3961 438 4023 (17)
455 3961 485 4010 In
498 3961 575 4027 epar.
585 3958 707 4023 peccat
718 3962 782 4023 opp.
793 3961 855 4009 un.
865 3960 898 4009 11.
911 3966 950 4010 to.
961 3962 1000 4010 to.

385 4040 437 4103 (ta)
453 4042 517 4090 sane
535 4052 556 4090 s.
570 4040 734 4103 Hieronymus
753 4039 771 4088 1.
784 4054 807 4090 e.
819 4052 893 4102 agens
908 4039 939 4089 dc
956 4041 1075 4100 Pastore,
1093 4038 1187 4090 scribit:
1202 4059 1215 4084 ι
1225 4038 1298 4104 Apud
1314 4038 1437 4104 quadam

310 4117 430 4171 Graeciae
439 4120 555 4170 ccclesias
577 4117 651 4171 etiarn
669 4118 768 4184 publice
785 4119 883 4182 legitur.
904 4119 1089 4171 cerasunto
1109 4118 1190 4184 liber,
1211 4120 1334 4184 multique
1354 4119 1386 4171 da
1406 4133 1437 4170 cc

313 4199 464 4263 senptmum
478 4200 590 4250 actuum
604 4210 756 4263 usurpavere
770 4198 963 4248 testimoninm.»
975 4201 1008 4249 Et
1022 4212 1043 4249 s.
1056 4197 1205 4249 Athanasius
1221 4199 1313 4262 pariter
1328 4199 1377 4249 loc
1389 4198 1433 4248 cit.

310 4279 354 4331 ait:
366 4298 378 4323 ι
390 4280 453 4329 Sunt
468 4282 494 4330 et
508 4279 551 4329 alii
571 4278 637 4341 libri,
658 4291 707 4329 nou
723 4277 824 4341 quidem
840 4277 968 4341 mueniei,
987 4277 1033 4328 scd
1049 4292 1112 4342 quos
1135 4279 1220 4341 patrae
1236 4279 1370 4329 sanxerunt
1385 4275 1434 4341 legi

310 4360 341 4410 iis
360 4361 403 4423 qui
422 4359 452 4409 ad
475 4359 549 4410 tidem
563 4359 693 4422 accedunt,
704 4359 856 4423 cupiuntque
877 4358 1014 4422 inpietatis
1036 4358 1112 4409 verbo
1132 4357 1237 4420 institui,
1254 4359 1282 4409 ut
1295 4358 1434 4422 sapienta

309 4439 455 4494 3111111111
465 4442 492 4493 et
502 4442 607 4492 Pastor.
624 4440 664 4491 cl.
675 4439 764 4491 cattia
781 4439 828 4489 loo.
843 4438 886 4491 cit.
902 4440 950 4490 art.
963 4446 985 4489 t.
