3234 5084
274 431 343 481 car.
361 429 405 479 rv.
423 428 463 479 nr
477 425 590 477 unaue.
608 425 699 476 emur
713 426 751 476 tr
764 425 837 477 curt.
855 424 1000 479 sunum.
1022 425 1093 477 mr.
1112 425 1148 477 ιι.
1197 403 1266 475 tid

154 571 257 647 scopo
283 570 383 645 quem
412 541 479 617 sihi
506 540 689 615 tridentina
716 541 869 641 synodus
894 540 1095 640 proposuit,
1131 556 1170 614 ut
1197 540 1275 640 ipsa

154 661 304 763 praelata
325 674 398 746 est,
428 657 631 754 insigniores
657 657 836 756 impiorum
869 656 1044 730 hominum
1077 656 1220 731 haeream
1243 673 1274 732 ct

153 804 275 851 errores
310 770 554 873 exterminandi
585 788 619 845 et
647 771 940 846 anathematismis
974 770 1138 871 plectendi
1168 773 1271 866 (tt);

156 907 321 992 repugnat
334 904 506 990 praeterea
523 887 633 987 ipsius
650 887 790 961 canonis
811 886 937 973 verbis,
957 885 1083 987 quihus
1096 886 1275 963 anathema

155 1007 348 1081 decernitur
368 1007 404 1077 iu
430 1029 513 1090 eos,
542 1005 602 1100 qui
625 1002 772 1076 dicerint
795 998 963 1076 ecclesiam
986 1028 1095 1075 more
1119 1028 1193 1077 cnm
1216 1004 1274 1077 do-

156 1124 225 1195 ccit
249 1137 279 1194 ct
304 1120 395 1192 dccet
417 1122 515 1191 iacto
540 1117 760 1215 evangelicam
784 1132 815 1190 ct
838 1116 1049 1215 apostolicam
1073 1115 1269 1203 doctricem,

152 1251 289 1334 propter
303 1233 501 1307 adelmum
512 1231 649 1304 alterius
666 1233 839 1329 coaittpom
849 1232 1093 1305 matrimonium
1104 1257 1168 1305 non
1180 1257 1275 1331 poam
1354 1278 1357 1291 ·

157 1351 304 1425 dcccclvi.
333 1350 368 1421 Si
387 1350 489 1448 igitur
505 1349 549 1421 de
565 1347 717 1422 doctrina
733 1362 766 1420 at
783 1346 919 1446 quidem
936 1345 1131 1444 evangelica
1146 1362 1180 1420 et
1196 1374 1274 1447 apo·

158 1466 276 1541 stolica
301 1467 431 1564 agitur,
462 1492 524 1539 seu
548 1463 590 1537 da
615 1462 767 1538 doctrina
792 1488 895 1563 quam
920 1461 1065 1537 ecclesia
1096 1463 1227 1561 accepit
1252 1489 1274 1537 a

156 1581 293 1655 Christo
318 1596 352 1654 et
370 1579 414 1653 ab
433 1578 613 1680 Apostolo,
642 1600 675 1652 et
699 1578 732 1651 vi
750 1579 849 1652 cuius
865 1576 1015 1653 decernit
1031 1592 1166 1676 proptor
1182 1576 1275 1655 adul·
1294 1622 1296 1626 »

157 1696 275 1769 terium
300 1695 502 1770 matrimonii
527 1694 699 1767 vinculum
720 1717 787 1767 non
806 1718 907 1791 posse
923 1690 1084 1780 dissolvi,
1104 1692 1273 1791 quomodo

157 1811 315 1884 affirmari
343 1825 453 1909 potest
483 1810 518 1881 in
543 1834 583 1883 eo
601 1834 729 1883 canone
754 1808 809 1905 agi
834 1806 877 1880 de
894 1833 930 1881 re
946 1804 1156 1907 disciplinari
1174 1832 1215 1883 ac
1231 1806 1293 1879 li·'
1354 1824 1356 1828 ’

158 1925 255 2011 hera,
271 1942 330 1999 aut
347 1925 464 1999 saltem
482 1923 659 1997 mutationi
676 1921 839 2008 obnoxia,
866 1920 965 2021 quasi
991 1946 1114 2019 nempe
1133 1919 1274 1995 ecclesia

155 2042 341 2115 doctrinam
359 2039 484 2112 Christi
501 2056 534 2113 et
555 2037 706 2139 Apostoli
725 2037 902 2112 immutare
919 2035 1059 2136 posset?
1076 2036 1148 2117 Hoc
1163 2036 1274 2112 dicem

156 2158 295 2257 impium
320 2182 403 2230 saue
424 2172 487 2229 est.
516 2154 669 2254 Denique
687 2170 850 2254 repugnat
867 2153 932 2253 ipsi
954 2152 1117 2228 historiae
1133 2152 1273 2229 munnio

157 2274 248 2346 iuxta
272 2298 373 2372 quam
398 2286 529 2344 constat
554 2270 594 2343 in.
616 2269 725 2368 prima
749 2269 855 2343 lorma
880 2269 1060 2343 anathema
1076 2267 1201 2342 directe
1227 2269 1274 2342 in·

157 2386 283 2459 ssictum
302 2385 407 2459 hrisse
424 2385 458 2456 in
475 2409 554 2470 eos,
570 2382 630 2483 qui
644 2382 794 2457 dicerent
810 2383 1025 2458 matrimonia
1037 2400 1271 2458 consummata

156 2499 200 2574 oh
224 2499 425 2574 adulterium
450 2525 553 2599 posse
577 2498 731 2574 dissolri.

230 2619 335 2691 lmmo
357 2614 503 2691 dicimus
524 2640 687 2689 canonem
707 2615 799 2689 huuc
819 2641 885 2689 non
907 2615 1007 2689 modo
1027 2614 1269 2701 doctrinalem,

155 2732 395 2806 verumetiam
419 2757 494 2805 esse
519 2730 755 2829 dogmaticum,
785 2731 844 2831 qni
874 2730 1005 2806 scilicet
1026 2730 1170 2805 adstruit
1193 2728 1273 2804 fidei

156 2846 278 2944 dogma
301 2847 345 2920 ab
368 2846 525 2922 omnihus
556 2846 713 2921 fidelihus
745 2846 885 2922 firmiter
909 2845 1088 2921 tenendum
1113 2861 1147 2919 et
1170 2843 1274 2945 proh·

158 2961 315 3048 teudum;
341 2964 388 3037 ita
413 2980 523 3037 tameo
549 2980 587 3037 ut
610 2961 777 3036 obiectum
799 2962 963 3036 directum
984 2960 1087 3036 huius
1107 2959 1274 3059 dogmatis

158 3078 203 3150 sit
227 3078 409 3151 inerrantia
433 3077 595 3153 ecclesiae
621 3076 656 3150 in
692 3076 990 3152 indissolubilitate
1018 3075 1274 3152 matrimonialis

155 3190 284 3266 vinculi
310 3192 345 3264 in
371 3191 526 3268 adulterii
549 3219 632 3268 casu
656 3192 829 3280 docenda;
857 3193 1057 3271 indirectum
1090 3209 1201 3266 autem
1229 3192 1276 3265 sit

157 3308 438 3384 indissolubilitas
453 3309 541 3408 ipsa,
558 3336 661 3411 quam
674 3309 819 3383 ecclesia
832 3308 931 3384 docet
943 3310 1034 3383 iuxta
1045 3307 1274 3406 evangelicam

156 3440 190 3498 et
201 3425 419 3525 apostolicam
434 3424 633 3500 doctrinam.
648 3424 813 3511 Quocirca
825 3425 884 3524 qui
897 3423 1072 3499 ecclesiam
1083 3425 1171 3498 circa
1183 3422 1275 3496 huuc

155 3541 330 3614 articulum
343 3541 466 3615 erroris
478 3541 611 3615 incusat
626 3556 678 3614 est
696 3542 873 3615 haereticos
889 3596 897 3625 ‚
915 3556 1017 3639 atque
1038 3539 1073 3612 in
1093 3537 1274 3613 anathema

157 3656 294 3730 incurrit
309 3686 317 3743 ;
337 3657 489 3757 quivero
506 3658 704 3731 contrarium
727 3656 912 3730 doctrinam
930 3671 1019 3730 tenet
1030 3654 1149 3730 saltem
1169 3653 1203 3726 in
1222 3678 1274 3728 er-

158 3795 230 3844 rore
253 3788 406 3845 versatur
430 3772 563 3845 haeresi
590 3772 753 3870 proximo.

228 3885 358 3959 Exinde
383 3886 544 3972 infertur,
572 3900 609 3958 ut
634 3911 738 3984 supra
763 3885 930 3974 diximus,
959 3886 1094 3984 insigne
1114 3884 1205 3985 quod
1223 3883 1275 3955 in-

157 3998 295 4072 tercedit
319 3999 503 4074 discrimen
530 3998 617 4074 intcr
637 4000 783 4099 priorem
801 4025 842 4074 ac
859 4000 1079 4099 posteriorem
1099 3999 1201 4073 huius
1218 4024 1275 4072 ca-

156 4114 253 4186 nonis
268 4113 419 4199 sormam3
429 4118 513 4213 {nam
527 4114 618 4188 iuxta
631 4114 776 4214 priorem
785 4140 854 4190 uno
865 4113 1051 4215 eodemque
1063 4113 1275 4199 anathemate

155 4226 303 4300 obvoluti
321 4244 436 4302 essent
453 4246 522 4303 tum
540 4249 717 4307 novatores
739 4247 810 4306 tum
827 4231 961 4329 graeci;
982 4258 1043 4331 per
1057 4231 1273 4333 posteriorem

235 4383 285 4445 (te)
304 4385 331 4433 tn
356 4385 489 4446 pmemisaa
510 4387 638 4436 Doctrina
658 4386 691 4436 dc
710 4389 875 4438 sacramento
895 4388 1060 4438 mctrtmontt
1073 4398 1134 4439 test.
1149 4387 1236 4438 ΠΝ,
1261 4416 1264 4425 ·
