3234 5084
349 404 423 478 '380
485 421 609 477 rm.111.
626 423 712 476 eser.
729 423 860 476 iamai.
877 423 917 476 ns
934 422 1045 478 molas
1062 426 1157 478 stra.
1174 424 1297 478 ermsr.

354 570 527 618 romanum
543 546 655 640 (ilo).
667 542 706 616 ln
724 542 867 642 allegata
882 560 993 619 aulem
1011 544 1178 619 clausula:
1199 547 1241 618 Si
1253 572 1287 619 se
1305 547 1469 620 coneneie

352 687 416 732 oon
428 650 554 758 potest;
572 660 675 732 oedut
691 662 745 733 cui
759 660 919 746 voluerit,
939 686 1028 761 quae
1048 659 1278 735 difficultatem
1307 659 1461 749 facessit,

342 801 466 850 sermo
488 774 678 849 nullatenus
703 790 757 849 est
781 775 825 851 de
849 775 1006 851 facultate
1031 772 1196 863 nubendi,
1216 777 1350 851 virente
1373 778 1465 867 viro,

354 889 415 965 sed
441 906 568 964 tantum
596 906 671 990 post
693 890 768 965 eius
790 890 940 981 obitum,
967 892 1060 965 iuxta
1088 888 1254 993 receptam
1280 908 1361 966 tuno
1384 909 1470 966 tern-

354 1007 448 1105 poris
465 1005 697 1107 disciplinam,
718 1004 788 1106 qua
804 1005 967 1080 adulteris
983 1005 1126 1080 facultas
1139 1006 1368 1104 denegabatur
1382 1006 1469 1083 alios

343 1123 490 1221 ‘nuptias
516 1122 602 1194 inire
627 1137 704 1221 post
727 1121 868 1195 alterius
892 1120 1048 1219 'coniugis
1069 1122 1198 1195 obitum
1215 1124 1329 1219 (ill).

427 1235 579 1321 Ceterum
607 1237 812 1334 ingenuino
836 1236 1134 1338 vetustissimoque
1156 1236 1387 1312 Poenitentiali
1413 1264 1466 1311 ro

355 1376 470 1440 mano,
495 1351 586 1452 quod
604 1351 638 1423 in
657 1377 721 1425 usn
740 1379 800 1452 per
821 1350 918 1451 plura
942 1351 1056 1426 seoula
1073 1353 1197 1426 llomae
1211 1351 1290 1441 luit,
1311 1351 1470 1453 quodque

353 1494 394 1543 ex
419 1466 535 1540 eodiee
558 1467 736 1566 petaviano
752 1469 866 1564 (278),
886 1466 1007 1542 litteris
1024 1466 1217 1542 uncialibus
1234 1469 1361 1567 scripto
1378 1470 1469 1542 eirea

355 1599 505 1682 tempora
529 1581 676 1678 Gregorii
701 1583 745 1654 ll.
766 1581 873 1655 edidit
896 1580 1045 1656 Marinus
1062 1581 1110 1654 nil
1128 1580 1194 1655 tale
1213 1583 1389 1681 reperitur.
1407 1581 1469 1656 illa

355 1697 446 1770 enim
470 1694 669 1795 disciplina,
689 1694 734 1769 ad
750 1721 853 1796 mam
868 1694 989 1770 alludit
1005 1693 1082 1768 Ant.
1103 1694 1281 1794 Augustini
1300 1698 1469 1795 poeniten·

359 1810 439 1886 tiele
463 1811 598 1885 nonnisi
624 1810 733 1884 serius
759 1810 897 1884 indueta
921 1827 991 1899 est,
1018 1827 1057 1886 ut
1081 1835 1144 1884 suo
1168 1809 1248 1884 loeo
1265 1809 1428 1884 vidimus.

432 1924 715 2027 Quandoquidem
744 1942 857 1999 autem
882 1925 926 1999 de
950 1924 1177 2026 poenitentiali
1208 1950 1344 1999 mmano
1368 1923 1470 1999 verba

343 2042 519 2129 lecimus,
555 2066 622 2114 non
652 2040 714 2114 abs
739 2066 775 2113 re
798 2040 863 2114 erit
886 2039 963 2114 heio
986 2041 1134 2116 adiioere
1164 2040 1297 2113 deemta
1326 2038 1469 2114 duarum

356 2156 560 2256 synodorum
587 2181 817 2243 romanarum,
838 2181 924 2255 quas
939 2156 1092 2230 omnium
1114 2155 1246 2255 primm
1260 2180 1302 2227 ex
1318 2180 1400 2227 mss.
1412 2180 1470 2230 eo·

356 2271 492 2346 dicibus
514 2271 622 2346 edidit
645 2270 736 2344 eard.
757 2271 957 2345 Franciseus
976 2270 1198 2358 lierberinus,
1228 2296 1383 2369 quaeque
1406 2268 1469 2342 ali-

357 2413 460 2487 quam
487 2385 718 2462 difficultatem
745 2387 949 2486 praeseferre
969 2385 1137 2459 uidentur.
1164 2383 1276 2459 Altera
1304 2382 1469 2458 eelebmia

358 2518 411 2576 est
435 2501 500 2576 sub
523 2503 677 2600 Eugenio
708 2502 751 2574 ll.
774 2529 830 2576 au.
855 2504 937 2574 eie.
961 2500 1139 2574 duodeoim
1161 2498 1293 2572 scilieet
1316 2525 1371 2571 an.
1394 2513 1472 2598 post

358 2634 498 2693 mortem
523 2617 632 2692 Caroli
654 2619 698 2690 li.
719 2618 758 2690 ln
777 2618 875 2692 ouius
892 2644 966 2718 cap.
986 2619 1044 2689 36.
1060 2615 1238 2704 statuitur:
1257 2612 1376 2687 «Nulli
1394 2612 1472 2687 lieet

357 2751 496 2833 excepta
521 2759 625 2808 eausa
651 2733 901 2821 iomioationis,
921 2731 1106 2806 adhibitam
1129 2756 1264 2804 uxorem
1282 2728 1471 2831 relinquere

359 2863 392 2921 et
409 2847 510 2920 aliam
528 2847 706 2947 copulare,
735 2847 862 2946 alioqui
887 2860 1168 2945 transgressorem
1192 2846 1294 2946 priori
1317 2844 1473 2920 eonvenit

357 2959 481 3033 sociari
506 2960 700 3058 coniugio.»
724 2961 762 3032 ln
787 2960 892 3035 altera
912 2986 991 3036 vem
1012 2961 1076 3035 sub
1098 2962 1206 3035 Leone
1232 2960 1285 3032 il.
1306 2987 1362 3034 an.
1384 2962 1466 3033 853.

358 3087 472 3147 ooaota
490 3099 565 3174 oap.
584 3078 642 3147 36.
659 3073 748 3147 idem
765 3076 945 3176 repetitur:
965 3075 1080 3149 «Nulli
1099 3074 1197 3149 lioeat
1213 3090 1352 3174 excepta
1368 3100 1471 3148 eausa

359 3187 587 3263 lomioationis
602 3189 788 3263 adhibitam
800 3215 938 3263 uxorem
954 3188 1160 3289 relinquere,
1180 3205 1215 3263 et
1230 3188 1353 3262 deinde
1368 3188 1471 3262 aliam

357 3301 538 3402 copulare:
574 3302 702 3403 alioqui
735 3319 1017 3401 transgressorem
1042 3304 1197 3377 eonvenit
1220 3302 1323 3403 priori
1349 3302 1470 3376 sociari

431 3478 498 3542 (ile)
513 3480 596 3532 iteiert
614 3480 680 3531 enim
694 3479 746 3545 lpse
760 3481 817 3531 int.
828 3480 977 3544 Augustinus
986 3492 1012 3530 se
1021 3478 1084 3530 illud
1097 3480 1215 3544 reperisse
1224 3479 1277 3530 sine
1288 3478 1415 3543 scriptoris
1429 3481 1474 3530 aot

357 3558 414 3610 libri
430 3559 588 3623 luserlptione
602 3563 799 3624 Romanumque
812 3559 960 3623 appellasse,
973 3558 1079 3622 quoties
1091 3558 1205 3621 esurire,
1218 3558 1314 3623 lnquit,
1330 3558 1361 3610 ati
1377 3559 1473 3609 pedm

358 3651 447 3691 manus
465 3640 568 3690 venerit.
581 3640 620 3690 cl.
633 3639 687 3691 alos
701 3639 803 3704 praelat.
815 3652 856 3703 op.
869 3638 911 3689 elt.

430 3719 496 3783 (777)
511 3722 574 3770 sene
589 3719 841 3783 autumationum
853 3721 911 3769 nota
922 3719 953 3770 nd
966 3719 1013 3770 hoo
1021 3718 1157 3783 eapltnlnm
1174 3718 1274 3769 scribit:
1286 3721 1349 3770 Pori
1361 3721 1472 3770 mortem

359 3801 425 3861 oiri,
436 3797 500 3850 eddi
511 3799 611 3851 deluit.
624 3799 659 3849 m.
672 3813 729 3863 pag.
741 3804 779 3851 el.

432 3880 498 3945 (278)
514 3880 598 3932 Codex
615 3881 762 3931 esurimus
779 3880 934 3944 nuncupatus
942 3882 981 3931 ost
991 3893 1020 3930 ex
1032 3879 1085 3930 eina
1098 3877 1235 3943 professore
1244 3881 1274 3929 l).
1283 3881 1384 3931 Patauio
1392 3880 1472 3943 parle-

358 3960 434 4012 menti
444 3963 567 4021 senatore,
578 3960 614 4011 oti
625 3962 728 4012 testumr
739 3961 858 4010 liorinus.
870 3960 953 4010 (lodex
964 3962 1001 4010 est
1008 3958 1118 4009 omnium
1130 3957 1330 4021 nodosissimas,
1340 3962 1471 4023 noegmio·

360 4053 415 4089 mm
422 4039 454 4090 nd
462 4041 544 4091 minus
555 4052 688 4103 annornm,
700 4043 775 4103 alque
784 4042 868 4091 erulos
878 4052 907 4089 ex
919 4040 1034 4090 mehlriis
1045 4038 1160 4090 mmrnls.
1169 4039 1208 4089 Gi.
1216 4040 1338 4089 Morinum
1346 4038 1472 4103 lnsppen·

359 4119 460 4169 «licead
483 4132 544 4184 opos
562 4123 599 4170 lie
613 4121 792 4184 poentientia,
811 4117 851 4168 ed.
863 4120 978 4180 intrerp.
996 4124 1064 4169 11787.
1077 4131 1131 4182 pag.
1144 4124 1183 4169 52.
1197 4117 1236 4169 ci.
1249 4118 1349 4182 insuper
1363 4117 1472 4168 eiusdem

360 4200 468 4249 auctoris
486 4202 524 4248 De
539 4201 637 4263 poenit.
653 4197 696 4249 lib.
710 4200 752 4249 17.
765 4210 820 4261 rap.
832 4199 921 4247 xviii.
932 4209 978 4247 neo
989 4210 1038 4247 non
1050 4198 1097 4249 lib.
1107 4200 1149 4248 lx.
1160 4210 1215 4262 cap.
1226 4201 1301 4248 71717.
1314 4200 1396 4256 Quum
1414 4210 1474 4247 vero

360 4280 432 4327 vetris
441 4278 489 4328 imo
502 4278 675 4329 poenitentiale
686 4277 856 4329 eclesiarum
871 4279 1042 4341 nuncupetur,
1061 4280 1160 4330 eentum
1174 4279 1231 4344 plus
1244 4279 1326 4331 mirus
1336 4277 1474 4330 marte

358 4372 380 4407 s.
391 4356 502 4421 Gregorii
515 4359 549 4408 ii.
566 4359 671 4410 reatem
682 4358 822 4411 eonimtum
832 4356 1049 4409 mimdieendom
1058 4362 1105 4409 est.
