3234 5084
272 389 276 400 “
312 425 497 481 riemanr
519 423 616 479 arnse
638 424 1163 482 rano.crn.ntnus.nnrn.nnr.1.
1241 407 1311 482 stt

191 546 292 625 licilis
317 546 503 645 theologis,
524 543 676 620 difficilis
698 544 782 619 iuris
804 543 969 621 naturalis
994 544 1256 646 interpretibus,
1275 565 1315 626 ut

190 663 398 766 patefaciunt
422 663 600 736 innumera
625 686 729 763 propa
752 659 927 735 volumina
951 660 1018 737 hac
1033 660 1078 740 de
1099 688 1136 737 re
1152 680 1310 755 exarata,

190 796 224 855 ct
239 779 457 881 quaestiones
481 776 684 853 theoreticae
700 803 741 852 ac
758 781 950 877 practicae,
968 777 1111 879 quaein
1129 777 1205 854 dies
1222 780 1315 856 exci-

192 911 314 972 tantur.
336 894 388 967 Ad
412 893 478 968 hos
503 893 607 992 igitur
630 892 739 968 nodos
765 891 887 967 alludit
910 918 940 967 s.
962 892 1195 991 Augustinus,
1216 921 1314 995 prae·

191 1011 307 1087 sertim
322 1035 399 1084 cum
413 1007 597 1084 Pollentina
611 1034 678 1083 non
692 1007 782 1082 hanc
795 1007 903 1083 solam
917 1034 986 1109 qua
1002 1009 1046 1083 de
1063 1009 1196 1107 agimus
1212 1036 1315 1112 quae

192 1127 337 1201 ationem
362 1124 551 1224 Augustino
577 1121 772 1198 solvendam
795 1125 1028 1223 proposuerit,
1053 1124 1114 1198 sed
1134 1124 1220 1199 alias
1233 1125 1315 1225 ‘plo-

193 1266 268 1328 res,
298 1266 379 1313 num
403 1238 654 1314 matrimonium
679 1239 766 1310 inter
791 1236 996 1313 christianos
1013 1254 1047 1312 et
1063 1238 1219 1314 infideles
1240 1239 1315 1315 lici·

193 1372 266 1430 tum
289 1353 360 1428 sit?
376 1355 464 1426 Num
483 1352 585 1427 liceat
608 1351 701 1426 fideli
727 1351 896 1426 dimittere
919 1351 1095 1428 mulierem
1120 1352 1314 1428 infidelem?

192 1469 394 1544 Numidam
421 1467 602 1542 dicendum
628 1468 674 1542 ait
697 1467 740 1541 de
766 1467 893 1568 nuptiis
919 1467 954 1540 in
979 1467 1177 1543 infidelitate
1201 1469 1309 1558 initis,

192 1611 233 1660 ac
256 1584 301 1660 do
323 1583 503 1682 iungendis
527 1583 616 1657 inter
640 1582 774 1656 fidelem
796 1599 831 1657 et
849 1582 1021 1657 infidelem
1042 1583 1086 1658 oh
1111 1583 1313 1658 adulterium

189 1697 345 1797 coniugis
370 1695 545 1772 infidelis?
563 1696 702 1785 Quidni
720 1695 806 1772 haec
822 1696 994 1796 promittat
1017 1697 1239 1773 christianam
1261 1724 1314 1774 re·

190 1813 348 1913 ligionem
362 1811 546 1913 amplecti?
557 1812 711 1912 aliasque
726 1811 892 1887 eiusmodi
908 1813 1081 1909 (tratur
1093 1812 1218 1914 quihus
1234 1840 1313 1889 cum

190 1928 266 2003 inse
298 1929 422 2028 egerit,
455 1929 650 2029 profitetur,
680 1954 719 2003 aa
744 1927 836 2002 haud
860 1943 988 2002 certum
1015 1954 1112 2016 esse,
1142 1955 1223 2003 num
1250 1930 1313 2004 rite

190 2045 297 2120 nodos
324 2044 388 2119 hos
414 2069 532 2119 omncs
556 2043 754 2144 expedierit.
771 2043 894 2118 Contra
917 2069 998 2118 vero
1022 2045 1113 2145 quod
1135 2045 1253 2123 attinet
1268 2045 1312 2119 ad

194 2176 405 2262 praesentem
429 2159 686 2261 quaestionem,
707 2158 800 2233 omni
816 2158 884 2233 sub
902 2176 1057 2260 respectu
1075 2159 1167 2235 illam
1188 2161 1309 2259 agitat,

189 2291 224 2350 et
248 2291 319 2351 tuto
344 2301 384 2350 ac
409 2275 553 2350 fidenter
577 2274 696 2364 solvit,
723 2290 762 2349 ut
784 2275 957 2365 uidimus,
987 2275 1073 2350 nihil
1096 2276 1284 2351 haesitans.

263 2390 317 2465 Ad
333 2391 474 2472 alterum
490 2416 571 2466 vero
588 2406 713 2465 textum
730 2390 790 2491 qui
811 2390 968 2465 obiicitur
989 2418 1030 2467 ex
1046 2392 1132 2466 libro
1146 2392 1195 2466 De
1204 2392 1269 2493 fide
1281 2408 1313 2466 et

191 2505 283 2581 hortis
295 2505 777 2607 operid.,animadvertendum
790 2522 844 2581 est
856 2505 948 2580 hunc
961 2507 1085 2581 librum
1096 2506 1313 2607 scriptumab

191 2621 380 2721 Augustino
396 2623 505 2698 inisse
522 2637 601 2696 ante
617 2621 723 2697 libros
737 2623 786 2696 Dc
804 2624 965 2722 coniugiis
982 2622 1178 2696 dulcoris
1195 2624 1309 2720 (tro).

190 2735 277 2811 Fieri
298 2738 416 2839 utique
441 2737 570 2838 potuit,
590 2754 629 2813 ut
644 2762 676 2811 s.
693 2737 817 2812 Doctor
840 2737 907 2811 hac
931 2763 1033 2839 snper
1049 2762 1087 2811 re
1103 2752 1183 2811 tunc
1199 2736 1313 2811 animo

192 2850 353 2941 haeserit,
381 2879 484 2954 quam
509 2878 586 2927 cunr
612 2867 731 2952 postea
754 2852 835 2926 data
858 2877 961 2953 opera
986 2852 1224 2953 expendisset,
1253 2850 1315 2925 du·

188 2963 286 3038 bium
318 2991 417 3041 omne
450 2965 617 3055 excussit,
646 2991 687 3040 ac
711 2960 760 3039 ita¹
781 2965 997 3042 sentiendum
1022 2992 1101 3042 esse
1126 2965 1315 3041 luculenter

191 3079 352 3155 ostendit.

264 3195 455 3296 Numquam
481 3221 560 3273 vero
585 3223 615 3272 s.
636 3197 846 3296 Augustinus
873 3199 1077 3272 contrarium
1103 3197 1237 3285 docuit,
1258 3195 1311 3271 vel

191 3310 226 3382 in
255 3311 340 3411 ipsis
372 3310 495 3399 libris,
531 3338 618 3413 quos
644 3328 721 3387 ante
744 3338 833 3414 opus
856 3313 906 3386 Do
932 3314 1094 3412 coaiopiia
1118 3310 1314 3385 motasse

190 3423 340 3528 scripsit.
369 3425 458 3499 Sane
481 3441 610 3500 tantum
637 3426 751 3516 abest,
784 3443 822 3501 ut
846 3420 881 3499 in
906 3426 993 3502 libro
1017 3427 1067 3500 Dc
1094 3427 1173 3499 dono
1201 3427 1313 3498 cocio-

187 3541 265 3640 goli
277 3542 375 3639 (180)
406 3539 608 3617 dissolubile
633 3543 669 3615 in
693 3568 797 3617 causa
818 3541 973 3617 adulterii
1002 3541 1173 3641 praedicet
1198 3539 1315 3614 matri·

190 3655 359 3746 monium,
392 3672 430 3731 ut
460 3657 572 3758 potius
603 3657 744 3732 firmiter
773 3654 1108 3732 indissolubilitatem
1132 3653 1309 3743 stabiliat,

190 3795 332 3874 eamque
357 3773 393 3846 in
418 3772 544 3848 Christi
577 3772 721 3848 ecclesia
754 3774 855 3848 unice
880 3773 1065 3849 consistere
1097 3771 1243 3848 affirmet
1267 3770 1312 3847 oh

261 4049 328 4113 (rte)
343 4050 398 4102 lte.
409 4052 429 4100 Ι.
442 4065 514 4117 capp.
526 4054 547 4114 1„
559 4053 625 4102 xltt.
639 4054 692 4103 XV.
704 4053 771 4103 XVI.
784 4054 861 4103 xvrt.
873 4053 921 4103 etc.

263 4128 329 4192 (179)
344 4131 408 4180 sene
424 4129 461 4179 ott
477 4130 611 4181 ostendunt
628 4129 734 4182 edltores
747 4133 827 4182 Maur.
841 4129 867 4180 tn
877 4129 1059 4182 Admoatttona
1072 4130 1184 4196 procris,
1195 4128 1237 4180 hic
1247 4126 1310 4180 liher

189 4206 272 4260 editus
281 4211 319 4260 est
328 4208 502 4274 manonttno
509 4210 797 4275 nn.ttt.;tthrlreroed
806 4208 1139 4275 Pollenttumllsenrttuottt
1149 4208 1309 4263 edultum

189 4287 284 4339 armti
294 4289 353 4339 sunt
368 4300 408 4339 an
420 4294 476 4341 trs.
487 4289 719 4355 maurenascae
730 4292 787 4355 post
799 4301 887 4341 annos.

261 4366 328 4431 (tto)
343 4369 416 4418 Hunc
432 4367 522 4418 tibrum
541 4369 654 4433 vulgartt
671 4383 693 4420 s.
704 4369 855 4434 Augustinus
871 4380 912 4418 nn.
924 4371 979 4419 tut.
