3234 5084
388 451 459 504 aar·
471 451 495 503 ι.
507 449 734 505 canussius
750 452 958 506 ιιιιιιιιιιι.
979 454 1051 506 ιιι.
1069 455 1113 506 ιι.
1264 432 1309 507 78

194 570 378 645 minatione
402 571 447 645 ad
472 571 727 670 Theutberganr'
748 572 996 673 recipiendam,
1023 569 1126 673 atque
1149 572 1193 647 ad
1217 573 1312 648 Wal-

191 686 333 761 badam
359 686 570 787 pellendam3
590 687 808 763 waldradam
826 689 938 789 ipsam
955 690 1311 765 excommunicationis

190 802 309 904 poeua'
324 801 547 878 mulctaverit.
573 803 667 890 Quae
691 803 807 877 omnia
831 804 1041 879 confirmant
1064 819 1098 878 et
1122 805 1310 882 executioni

190 917 366 992 mandavit
390 914 519 992 Nicolai
547 944 724 993 successor
749 917 941 993 Hadrianus
966 920 1010 991 ll.
1035 916 1312 1015 (18bl‘.1ltrero

190 1033 302 1130 magis
327 1049 439 1133 pateat
455 1059 523 1132 quc
540 1033 643 1106 animi
660 1034 776 1132 rigore
793 1059 843 1107 ss.
858 1035 1005 1133 pontifex
1030 1033 1187 1109 Nicolaus
1213 1036 1312 1109 resti·

191 1149 269 1221 terit
285 1147 574 1221 nelariolotbarii
593 1149 715 1235 ausui,
736 1174 803 1222 non
820 1148 1001 1221 abnuimus
1019 1149 1219 1246 gravissima
1235 1150 1311 1224 eius

189 1262 293 1336 rerba
315 1261 508 1336 describere
531 1289 573 1335 ex
598 1262 741 1364 epistola
766 1289 871 1362 quam
895 1262 938 1335 ad
963 1263 1143 1362 episcopos
1161 1264 1310 1338 lotharii

191 1376 310 1451 ditioni
330 1376 493 1451 obnoxios
514 1377 669 1477 scripsit,
693 1394 732 1451 ut
750 1384 811 1452 'eos
830 1378 932 1453 fortes
951 1377 1105 1453 redderet
1121 1378 1155 1450 in
1174 1380 1312 1479 opposi-

190 1493 281 1566 tione
306 1492 458 1567 adultero
478 1494 548 1591 regi
566 1492 739 1567 iacienda:
754 1493 1009 1594 «Quapropter,
1026 1493 1153 1592 inquit,
1170 1494 1310 1571 obsecro

190 1634 250 1681 vos
267 1636 329 1708 per
345 1609 524 1683 aduentum
538 1611 581 1682 D.
594 1611 635 1682 N.
647 1608 722 1682 LG.
735 1625 814 1683 ante
829 1611 927 1684 ouius
946 1626 1163 1710 conspectum
1179 1610 1232 1682 vel
1250 1637 1311 1709 pm

190 1723 349 1821 legitimis
382 1725 623 1799 certaminibus
654 1752 836 1813 coronam,
864 1726 917 1799 vel
945 1752 1005 1825 pro
1029 1725 1188 1811 desidia,
1218 1725 1309 1825 quod

190 1839 300 1926 absit,
317 1865 461 1939 poenam
477 1840 692 1940 percipietis:
709 1858 746 1913 ut
760 1841 895 1914 tandem
915 1840 1098 1940 aliquando
1120 1841 1311 1936 recogitetis

189 1953 415 2027 ministerium
433 1954 524 2053 quod
542 1955 742 2053 accepistis,
763 1956 950 2054 proiiciatis
970 1953 1154 2041 desidiam,
1176 1953 1310 2052 pellatis

190 2066 325 2142 anobis
351 2067 508 2142 servilem
533 2068 709 2157 timorem,
730 2068 912 2143 resumatis
930 2067 1156 2168 episcopalem
1174 2067 1311 2143 liberta-

189 2198 267 2271 tem,
286 2182 478 2283 corripiatis
496 2182 744 2282 speculatorum
764 2199 797 2256 et
814 2198 986 2283 pastorum
1004 2182 1170 2271 officium,
1189 2200 1223 2258 et
1234 2209 1311 2284 pre·

189 2297 312 2385 cando,
333 2296 560 2387 obsecrando,
582 2297 770 2385 suadendo,
791 2295 892 2371 modo
909 2296 1035 2371 caduca
1062 2297 1165 2372 huius
1190 2297 1309 2372 mundi

191 2398 354 2512 prospera
370 2413 586 2515 exponendo,
611 2414 711 2489 modo
737 2415 772 2485 in
797 2429 970 2487 aeternum
996 2439 1156 2487 mansura
1185 2414 1311 2512 gaudia

192 2527 436 2627 praedicando,
454 2528 521 2600 iam
539 2527 746 2602 nominatum
761 2553 874 2626 regem
891 2527 1131 2624 (lothariam)
1153 2529 1310 2628 frequen·

190 2642 256 2717 tius
269 2642 412 2730 adeatis,
426 2657 540 2716 ettam
555 2670 595 2716 ex
608 2643 803 2717 auctoritate
814 2642 893 2730 Dei,
910 2669 1012 2743 quam
1026 2643 1126 2719 etiam
1144 2668 1186 2715 ex
1203 2642 1309 2718 nostri

190 2757 397 2858 apostolatus
416 2756 567 2831 iniuncta
583 2756 680 2832 vobis
699 2756 954 2857 praeceptione,
975 2782 1173 2856 quousque,
1194 2758 1224 2830 si
1241 2784 1308 2832 non

188 2871 370 2958 obedierit,
391 2870 481 2945 hanc
498 2897 600 2972 quam
614 2897 704 2945 nuno
718 2871 821 2946 habet
831 2870 1016 2944 odolbrmn
1027 2872 1196 2945 molieram
1209 2872 1311 2972 pmii·

188 2987 296 3075 dens,
309 2986 474 3062 finitivum
488 2986 821 3087 permansieramque
833 2986 954 3060 demus
968 3012 1073 3086 super
1083 3013 1159 3061 enm
1174 3003 1309 3061 senten

189 3102 282 3176 tiam.
292 3162 299 3175 .
309 3101 436 3176 ‚Emito
449 3101 541 3176 hunc
551 3102 674 3189 virum,
692 3101 751 3202 qui
765 3101 899 3179 ducitur
912 3100 955 3174 ad
968 3117 1120 3189 mortem,
1134 3102 1193 3202 qui
1207 3102 1310 3176 trahi·

187 3234 243 3291 tnr
255 3218 299 3292 sd
317 3218 508 3306 interitum,
525 3217 669 3291 liberare
681 3243 724 3290 ne
738 3218 892 3291 cessetis.
909 3216 1077 3304 Clamate,
1094 3218 1193 3316 quasi
1208 3217 1305 3305 tuba,

186 3331 332 3407 exalute
348 3358 448 3407 voces
465 3348 596 3406 vestras
609 3348 643 3405 et
656 3332 853 3405 annuntiate
871 3331 919 3402 illi
938 3329 1067 3404 scelera
1083 3356 1162 3419 sua,
1182 3331 1309 3431 quibus

187 3462 326 3547 peccat,
352 3463 386 3522 et
410 3473 551 3548 peccare
575 3447 656 3521 lacit
680 3445 797 3532 lsrael.
815 3445 959 3533 Quodsi
978 3446 1035 3519 ille
1054 3470 1120 3520 non
1141 3446 1305 3533 audierit,

185 3562 316 3663 ipsein
334 3563 513 3664 iniquitate
537 3589 602 3649 sua
626 3562 806 3649 morietur,
829 3563 968 3660 sanguis
990 3562 1064 3635 eius
1086 3588 1188 3663 super
1207 3576 1310 3661 eaput

187 3680 263 3754 eius
288 3680 385 3761 erit:,
401 3706 462 3755 ros
487 3696 599 3753 autem
625 3678 757 3752 animas
782 3695 913 3752 vestras
938 3676 1124 3753 liberabitis
1141 3679 1281 3773 (18Ἶ).»

260 3797 329 3870 lete
354 3823 399 3870 ne
421 3796 485 3870 erit
502 3796 671 3895 pontifex,
692 3794 751 3894 qui
770 3794 927 3868 lothario
946 3792 1173 3893 polygamiam
1195 3791 1308 3865 indul·

186 3911 294 3985 serit?
312 3912 487 3986 Praeterea
513 3938 579 3985 non
605 3911 649 3984 de
673 3910 866 4010 polygamia
890 3909 1016 3983 directe
1041 3906 1218 4006 agebatur,
1245 3906 1307 3982 sed

186 4027 300 4128 potius
325 4029 369 4103 de
394 4027 692 4102 indissolubilitate
723 4026 897 4124 coniugii:
927 4052 1031 4126 quum
1057 4051 1115 4099 rex
1139 4050 1206 4098 non
1239 4025 1307 4096 iam

188 4142 276 4218 duas
295 4142 397 4218 simul
413 4169 536 4219 uxores
554 4142 679 4218 habere
700 4141 931 4228 contenderet,
953 4140 1013 4235 ted
1030 4140 1144 4241 potius
1162 4139 1308 4215 divortio

260 4346 1172 4411 (interamnensemrxnnnnneee.narrar.

262 4428 329 4492 (rer)
344 4428 702 4497 intercutaneus.
716 4427 815 4480 conat.
828 4427 930 4480 ouon
947 4438 1002 4492 m.
1015 4431 1061 4477 ne
1073 4439 1143 4491 ωας.
