3234 5084
358 430 431 506 stt
498 456 560 508 ιιι.
577 457 624 507 ιιι.
642 456 728 507 secr.
747 457 877 508 mrem.
895 459 934 508 nr
952 458 1064 509 runrm.
1086 457 1181 510 sira.
1198 460 1322 512 cenrsr.

433 579 470 648 ln
487 602 561 676 cap.
581 575 682 649 xvtl.
708 575 835 648 insistit
861 575 1047 649 Alexander
1068 577 1101 648 in
1120 577 1268 651 doctrina
1284 605 1362 679 cap.
1387 572 1471 651 lllll.

359 690 480 767 tradita
504 691 548 765 ob
574 691 748 790 paritatem
775 716 875 765 casus
902 692 966 764 sibi
994 694 1175 791 propositi,
1204 694 1376 769 scribens:
1410 697 1475 767 «Si

357 809 416 908 qui
434 807 535 879 viret
552 805 673 878 mulier
691 806 762 904 pari
776 831 944 879 consensu
961 809 1187 881 contraxerint
1208 810 1472 896 matrimonium,

357 939 391 998 et
414 924 467 996 uir
490 948 529 996 ea
553 921 745 1019 incognita,
768 922 869 994 aliam
888 922 1071 996 durentia
1088 946 1242 1010 uxorem,
1270 941 1306 998 et
1328 950 1402 998 eam
1420 952 1478 1000 co·
1510 996 1519 1011 ,

357 1039 526 1138 gnevorit:
555 1038 725 1136 cogendus
746 1054 798 1111 est
815 1038 998 1112 secundam
1015 1038 1200 1126 dimittere,
1220 1041 1314 1113 etad
1333 1041 1475 1142 primam

357 1155 477 1228 redire.
507 1154 594 1241 Quia
621 1154 776 1254 quamvis
798 1154 921 1227 exinde
938 1154 982 1226 sit
1002 1154 1138 1228 diversa
1159 1156 1382 1255 quorumdam
1402 1183 1476 1229 sen

358 1271 477 1357 tentia,
498 1288 531 1343 et
556 1296 622 1344 non
645 1270 762 1343 eadem
788 1270 997 1344 consuetudo
1021 1269 1204 1359 ecelesiae;
1232 1272 1339 1344 tutius
1363 1288 1475 1345 tamen

355 1383 505 1473 videtur,
528 1400 564 1459 ut
589 1386 731 1485 primam
756 1386 846 1458 hanc
870 1412 972 1485 quam
991 1384 1192 1473 secundam,
1220 1414 1297 1460 cum
1323 1388 1475 1486 aprima

357 1502 484 1575 indicio
510 1502 672 1576 ecclesiae
698 1502 847 1602 separari
874 1527 939 1576 non
967 1502 1107 1589 debeat,
1137 1520 1314 1603 postquam
1333 1529 1408 1578 eum
1435 1530 1475 1577 ea

357 1645 398 1690 ex
424 1619 496 1718 pari
526 1634 603 1691 voto
633 1634 666 1690 ot
695 1642 862 1691 consensu
895 1618 1145 1692 matrimonium
1179 1618 1354 1692 contraxit.
1388 1620 1476 1692 Sane

356 1724 561 1835 quamquam
586 1733 719 1806 mulieri
744 1734 969 1834 desponsatae
993 1751 1026 1808 et
1051 1761 1071 1807 a
1095 1736 1167 1808 viro
1196 1762 1264 1809 non
1293 1737 1470 1833 cognitae,

355 1849 454 1924 liceat
470 1848 512 1922 ad
536 1849 728 1946 religionem
749 1849 909 1935 transire,
930 1849 1032 1922 aliam
1050 1866 1161 1923 tamen
1189 1876 1255 1923 non
1282 1866 1389 1950 potest
1411 1850 1473 1922 dn·

354 1992 430 2039 cero
455 1969 488 2036 in
515 1991 700 2038 uxorem.»
729 1965 844 2064 Neque
870 1966 934 2039 hoo
959 1965 993 2036 in
1020 1966 1131 2065 eapite
1156 1956 1267 2039 sermo
1284 1965 1393 2039 estde
1411 1992 1474 2064 po

360 2096 478 2155 testate
498 2080 602 2153 dandi
622 2081 674 2153 vel
693 2107 758 2153 non
784 2080 887 2153 dandi
914 2081 1215 2181 dispensationem.

429 2199 464 2268 ln
486 2197 595 2297 capite
612 2222 689 2271 vero
712 2197 828 2268 lllllll.
850 2198 934 2270 haec
955 2197 1133 2294 leguntur:
1157 2197 1294 2295 «Super
1313 2222 1353 2269 eo
1371 2197 1472 2296 siqui·

355 2313 432 2384 dem
458 2312 548 2387 unde
573 2339 634 2386 nos
660 2312 832 2386 consuluit
854 2312 989 2386 dilectio
1011 2326 1084 2399 tua,
1113 2313 1196 2413 quid
1221 2312 1379 2385 videlicet
1403 2339 1473 2386 ser·

352 2428 500 2501 vandum
520 2429 584 2515 sit,
607 2427 870 2501 etretinandum
896 2427 939 2500 de
964 2427 1119 2513 muliare,
1140 2452 1228 2526 quae
1249 2453 1325 2500 cum
1352 2427 1396 2500 sit
1413 2427 1471 2499 uni

351 2544 425 2618 viro
450 2544 670 2643 desponsata,
699 2543 743 2616 ab
768 2543 835 2617 alio
862 2558 977 2642 postea
1002 2542 1226 2642 desponsatur
1249 2559 1282 2616 et
1302 2543 1474 2640 cognosci-

353 2678 427 2733 tur:
447 2658 665 2732 sollicitudini
685 2675 761 2732 tuae
778 2656 888 2732 taliter
906 2657 1165 2756 respondemus,
1186 2656 1277 2756 quod
1295 2656 1373 2730 licet
1389 2684 1475 2757 qua·

354 2777 506 2849 rumdam
536 2775 753 2848 ecclesiarum
778 2774 987 2848 consuetudo
1012 2770 1152 2861 habeat,
1176 2790 1214 2845 ut
1230 2799 1305 2846 cum
1324 2772 1473 2847 secundo

352 2891 425 2964 viro
449 2890 569 2964 debeat
590 2918 761 2964 remanere
775 2882 785 2979 ;⁴
803 2890 1056 2963 convenientius
1079 2904 1190 2961 tamen
1215 2887 1368 2974 videtur,
1388 2906 1425 2962 ut
1442 2888 1471 2961 si

351 3009 460 3080 viret
485 3007 606 3081 mulier
630 3009 673 3080 ad
699 3024 841 3081 aetatem
867 3009 1024 3106 coniugio
1055 3024 1166 3108 aptam
1197 3007 1411 3093 devenerint,
1440 3024 1474 3079 et

351 3122 439 3195 inlra
452 3122 574 3194 mulier
586 3122 791 3222 desponsata
807 3124 925 3210 luerit,
943 3124 1034 3224 quod
1046 3125 1099 3197 vir
1111 3123 1285 3196 mulierem
1305 3123 1467 3207 insuam,

350 3257 386 3313 et
410 3239 531 3311 mulier
559 3238 668 3312 virum
701 3239 734 3311 in
765 3266 864 3312 suum
896 3240 1051 3339 recipiat3
1081 3238 1158 3312 licet
1190 3254 1307 3340 postea
1333 3238 1378 3311 ab
1405 3238 1473 3311 alio

351 3354 574 3455 desponsetur
598 3370 631 3426 et
656 3370 893 3450 cognoscatur,
922 3353 1021 3426 debet
1041 3354 1149 3454 primo
1174 3353 1303 3451 restitui
1323 3353 1468 3448 (133).u

352 3472 466 3571 Neque
493 3471 527 3541 in
552 3469 616 3543 hoc
642 3469 803 3569 rescripto
830 3465 1175 3570 quidpiam'habetur
1199 3468 1290 3570 quod
1322 3484 1470 3553 nostram

351 3588 494 3684 attingat
519 3586 765 3687 quaestionem.

425 3703 506 3774 ltem
532 3702 565 3772 in
592 3701 702 3801 capito
720 3703 824 3775 llllll.
846 3702 930 3776 haec
948 3704 1129 3776 constituta
1150 3703 1193 3776 ab
1219 3703 1312 3775 Alex.
1334 3703 1395 3773 lll.
1416 3727 1473 3775 oc-

350 3834 505 3893 currunt:
538 3818 673 3917 «Super
688 3845 728 3893 eo
745 3818 838 3918 quod
863 3846 904 3892 en
929 3818 1051 3892 litteris
1071 3820 1140 3893 tuis
1159 3817 1404 3904 intelleximus,
1423 3817 1471 3889 vi·

352 3961 424 4006 rum
450 3933 631 4034 quemdam
656 3950 689 4008 et
707 3935 879 4007 mulierem
897 3934 939 4007 de
963 3933 1122 4007 mandato
1139 3934 1267 4008 domini
1292 3935 1470 4031 utriusque

350 4076 494 4123 assensu
519 4075 556 4123 se
582 4049 723 4124 invicem
750 4050 935 4150 recepisse,
956 4049 1049 4123 nullo
1074 4049 1246 4124 sacerdote
1271 4062 1464 4150 praesente,

351 4194 412 4241 nec
437 4165 589 4239 adhibita
621 4165 849 4253 solemnitate,
882 4193 985 4268 quam
1011 4166 1097 4241 solet
1122 4166 1299 4264 anglicana
1328 4164 1469 4239 ecclesia

348 4280 529 4369 adhibere,
564 4298 596 4354 et
623 4281 726 4355 alium
752 4280 957 4382 praedictam
983 4282 1156 4357 mulierem
1188 4298 1266 4356 ante
1301 4280 1468 4356 carnalem

423 4439 488 4499 (rtt)
503 4437 566 4486 Arta
581 4434 674 4486 conell.
687 4435 763 4487 Hard.
776 4434 823 4487 loc.
837 4436 880 4487 ott.
893 4435 941 4487 eol.
960 4439 1027 4488 1725.
