3234 5084
365 454 435 504 mr.
454 456 489 505 u.
507 453 546 505 ns
566 456 740 507 scauuini
757 455 1087 508 successivement.
1207 435 1277 507 105

170 597 208 644 er
225 571 281 644 his
301 571 359 699 qui
381 573 537 647 recensiti
557 590 637 646 sunt
653 573 789 674 proprie
807 572 1033 674 polygamiam
1050 573 1279 649 successivam

169 683 373 873 damllldriiin
393 800 446 874 vel
472 801 547 901 ipse
570 828 600 875 s.
621 802 847 902 Hieronymus
866 804 927 902 qui
951 803 1069 876 durius
1091 829 1171 902 prae
1192 810 1281 876 cete-

170 917 216 989 ris
230 914 362 989 locutus
376 931 445 1003 est,
461 932 605 989 mentem
619 942 716 990 suam
728 917 806 989 date
819 917 996 992 occasione
1008 919 1163 1017 exposuit
1175 947 1184 1005 ;
1203 943 1281 992 cum

168 1030 258 1102 enim
284 1030 359 1127 ipse
383 1029 448 1103 hac
472 1028 641 1104 decanea
667 1030 702 1103 in
729 1030 956 1128 suspicionem
982 1032 1072 1129 apud
1103 1030 1282 1106 nonnullos

169 1143 319 1218 aemulos
331 1144 544 1244 potissimum
558 1171 597 1219 ac
609 1144 814 1218 detractores
825 1146 987 1230 venisset,
998 1145 1186 1244 apologiam
1201 1146 1281 1220 scri·

169 1259 238 1360 psit
262 1286 377 1334 eorum
402 1287 490 1360 quae
515 1262 549 1332 in
573 1260 632 1333 lib.
657 1274 772 1335 contra
797 1259 1007 1334 lovinianum
1026 1260 1090 1333 hcc
1114 1261 1157 1334 de
1182 1286 1281 1358 ergu-

169 1391 283 1449 mento
308 1393 513 1451 exaraverat.
538 1377 595 1450 Ait
618 1392 730 1450 numm
752 1376 839 1448 inter
857 1391 968 1448 cetera
985 1375 1020 1446 in
1045 1374 1109 1447 hac
1128 1373 1282 1474 apologia

170 1491 344 1565 s.l)oct0r.
366 1490 573 1566 «Erubescat
590 1491 812 1565 calumniator
828 1517 943 1578 meus,
964 1488 1081 1563 diceus
1099 1515 1153 1562 me
1169 1488 1279 1590 prima

169 1605 330 1679 damnare
353 1606 583 1693 matrimonia,
612 1607 747 1706 quomo
764 1605 864 1703 legit:
897 1605 971 1680 Non
994 1605 1112 1678 domno
1133 1603 1283 1702 digamos

169 1735 200 1792 a
216 1723 390 1818 tnqamm
411 1736 441 1793 et
457 1724 490 1793 si
504 1720 574 1794 dici
583 1736 691 1820 potest
708 1736 900 1820 octogenos.
923 1718 1023 1792 Aliud
1040 1735 1092 1793 est
1109 1745 1175 1793 non
1192 1717 1284 1791 dam-

170 1861 267 1924 nare,
287 1836 380 1909 aliud
401 1836 605 1935 praedicare.
625 1837 724 1909 Aliud
746 1851 798 1910 est
815 1835 947 1909 veniam
969 1834 1169 1920 concedere,
1190 1832 1284 1906 aliud

171 1950 366 2048 praedicare
389 1951 558 2024 uirtutem.
586 1952 621 2022 Si
647 1967 757 2023 autem
782 1951 888 2024 durus
914 1951 949 2022 in
974 1975 1014 2023 eo
1037 1947 1174 2035 videor,
1203 1947 1284 2047 quia

170 2065 259 2137 dixi:
288 2065 456 2165 quidquid
483 2064 669 2164 aequaliter
689 2063 783 2152 licet,
809 2063 941 2163 aequali
958 2063 1054 2136 lance
1072 2060 1285 2161 pensandum

170 2197 240 2269 est3
262 2196 343 2280 puto
360 2206 427 2254 non
444 2207 498 2254 me
515 2179 683 2253 crudelem
704 2178 867 2253 iudicabit
883 2195 916 2252 et
932 2178 1099 2276 rigidum,
1119 2177 1201 2277 quia
1217 2176 1286 2253 elia

172 2294 246 2369 loca
268 2294 454 2392 virginitati
479 2311 512 2367 et
536 2293 685 2393 nuptiis,
707 2292 776 2366 alia
801 2294 953 2391 trigamis
977 2309 1010 2365 et
1030 2292 1233 2390 octogamis,
1253 2294 1308 2365 et'

173 2408 422 2508 poenitentibus
448 2408 565 2506 legerit
590 2423 799 2508 praeparate.
831 2407 1002 2481 Christum
1028 2410 1064 2478 in
1088 2431 1190 2480 carne
1219 2407 1285 2480 vir-

173 2524 304 2621 ginem,
325 2523 359 2595 in
380 2524 502 2622 spiritu
525 2548 779 2621 monogamum,
799 2522 890 2621 quod
909 2548 1009 2595 unam
1028 2520 1167 2595 haberet
1182 2521 1286 2595 eccle-

173 2639 278 2727 siam,
304 2654 417 2712 noster
442 2640 477 2711 in
500 2637 638 2738 reliquis
664 2663 775 2711 sermo
792 2653 933 2711 testatus
950 2653 1022 2722 est,
1043 2652 1076 2709 et
1092 2635 1209 2709 crediti
1228 2662 1286 2709 su-

174 2779 248 2827 mus
274 2753 410 2852 nuptias
432 2753 593 2827 damnare
613 2756 686 2848 (98)
703 2753 748 2823 ln

246 2870 327 2944 Post
345 2868 428 2943 adeo
449 2869 574 2943 diserta
593 2869 696 2942 verba
716 2868 816 2943 facile
830 2883 882 2942 est
899 2867 1049 2943 emollire
1068 2866 1284 2941 duriusculos

173 2984 248 3057 eius
264 2982 407 3083 phrases
428 2983 553 3082 quibus
576 2982 757 3058 identidem
775 2983 966 3082 trigamiam
985 2982 1138 3082 eliasque
1154 2982 1288 3057 ulterio-

175 3125 228 3173 res
253 3099 391 3197 nuptias
414 3097 594 3172 vellicavit.
619 3098 674 3171 Sic
697 3124 818 3171 sensus
844 3115 934 3199 putet
958 3124 1179 3197 eorumquae
1202 3097 1287 3172 scri·

175 3214 243 3311 psit
259 3228 375 3287 contra
393 3212 622 3287 lucinianum:
646 3211 879 3300 «Considera,
904 3212 994 3312 quod
1016 3238 1103 3312 quae
1119 3212 1205 3287 duos
1223 3212 1286 3285 ha·

174 3325 366 3416 luituros,
381 3327 512 3401 etiamsi
525 3353 611 3400 anus
624 3327 670 3399 sit
682 3341 716 3400 et
728 3325 915 3425 decrepita,
936 3343 1104 3424 megene,
1124 3324 1288 3400 eeclesiae

173 3441 281 3540 stipes
306 3466 374 3514 non
398 3457 544 3514 meretur
568 3441 732 3539 accipere.
758 3441 792 3512 Si
817 3456 926 3514 autem
956 3440 1056 3539 penis
1086 3438 1134 3511 illi
1163 3437 1289 3513 tollitur

173 3553 424 3657 eleemosynae,
445 3571 572 3655 quanto
588 3558 698 3654 magis
716 3556 773 3630 ille
790 3556 889 3656 panis
908 3556 967 3656 qui
985 3555 1027 3629 de
1043 3553 1136 3628 caelo
1153 3553 1289 3627 descen·

175 3670 225 3745 dit
237 3729 246 3759 ,
258 3698 367 3772 quem
385 3671 443 3772 qui
458 3671 596 3770 indigne
613 3672 811 3759 comederit,
832 3698 909 3745 reus
927 3672 991 3746 erit
1006 3669 1120 3745 violati
1138 3668 1289 3770 corporis

175 3804 208 3860 et
231 3786 410 3884 sanguinis
434 3786 570 3861 Domini
592 3785 719 3884 (llll)?n
744 3787 833 3861 Reus
855 3812 976 3886 nempe
992 3785 1137 3859 efficitur
1153 3783 1197 3858 ob
1219 3784 1291 3857 ani-

174 3927 266 3973 mum
288 3900 519 3975 lascivientem
542 3927 642 4002 quem
665 3901 867 4001 praesefert,
889 3926 955 3975 non
977 3901 1021 3976 ob
1038 3900 1174 4000 nuptias
1196 3900 1231 3971 in
1253 3924 1290 3973 ee

174 4030 355 4114 spectatas.
377 4015 470 4089 ldem
494 4014 550 4088 dic
574 4015 617 4089 de
641 4042 681 4089 eo
707 4016 798 4117 quod
821 4017 855 4089 in
880 4016 980 4116 epist.
1001 4015 1045 4089 ad
1065 4014 1288 4115 Agamehiam

174 4129 342 4205 affirmat:
373 4129 458 4203 «ab
487 4130 601 4205 officio
626 4131 804 4207 sacerdotii
834 4130 991 4230 digamus
1017 4129 1286 4204 excluditur...

250 4317 300 4379 (aa)
318 4319 393 4381 Epist.
408 4319 517 4369 mur.
540 4317 571 4368 ed
583 4319 723 4369 Pammach.
734 4319 774 4370 ed.
787 4319 830 4370 cit.
844 4332 868 4369 n.
881 4326 906 4369 a.
920 4321 981 4371 totu
993 4322 1014 4369 1.
1026 4319 1074 4370 rol.
1092 4323 1145 4371 uu.
1202 4373 1207 4383 ,

247 4397 298 4460 (aa)
313 4398 367 4448 lib.
384 4400 404 4448 1.
417 4411 443 4449 u.
458 4402 494 4449 rt.
506 4396 546 4448 ed.
557 4398 662 4448 vallars.
675 4400 735 4449 torn.
750 4401 780 4448 ΙΙ.
795 4399 844 4449 col.
856 4401 912 4450 aul.
