3234 5084
322 466 440 523 raro.
454 466 494 522 nr
512 472 624 525 mnrss.
638 468 732 525 ιιιιιι.
746 474 779 525 ιιι
792 474 881 525 onus.
903 473 1015 525 ιιιιιι.
1033 475 1104 527 ιιι.
1117 475 1166 527 ιιι.
1237 446 1303 526 tlt
1353 522 1374 559 Ι.
1391 423 1405 507 Ῐ

195 587 384 667 adulterare
406 588 465 690 qui
492 614 569 663 oum
595 589 738 664 dimissa
764 591 978 664 fornicariam
1004 592 1106 666 vitam
1136 609 1256 691 agente
1278 604 1340 669 se'

195 704 429 778 coniunxerint
443 733 450 791 ;
472 720 573 804 atque
586 705 753 779 eiusmodi
765 704 1028 780 adulterinarum
1044 707 1316 782 coniunctionum

197 846 291 892 rcum
320 818 396 891 ficri
418 820 595 906 maritum,
634 820 692 919 qui
717 847 856 895 uxorem
881 848 977 895 auam
1003 822 1249 923 repudiaverit,
1277 848 1317 898 eo

197 934 274 1034 ipso
295 935 385 1034 quod
409 933 580 1007 vinculum
606 936 659 1007 sui
685 935 835 1032 coniugii
863 936 963 1009 etiam
985 952 1062 1037 post
1085 937 1316 1013 dimissionem

197 1065 408 1150 perseverat;
438 1048 588 1150 alioquin
612 1050 755 1122 dixisset
775 1049 931 1124 Christus
948 1052 1119 1150 faciteam
1136 1054 1312 1151 sandari,

199 1191 266 1237 non
290 1179 400 1236 autem
425 1164 507 1262 [coit
531 1190 604 1235 eom
627 1164 800 1236 moechari.

284 1278 381 1364 Quod
407 1277 435 1350 si
463 1276 585 1349 mulier
606 1278 679 1350 viro
705 1304 767 1351 suo
797 1278 1009 1374 dimissionis
1039 1280 1161 1354 iustam
1186 1280 1318 1356 dederit

197 1419 335 1467 oausam
361 1409 497 1493 propter
513 1392 787 1480 fornicationem,
808 1418 869 1466 seu
890 1392 1002 1494 potius
1020 1392 1221 1466 adulterium
1239 1419 1316 1468 cum

198 1507 303 1582 altero
328 1523 515 1607 patratum,
542 1507 596 1581 vir
620 1533 694 1580 eam
718 1506 918 1581 dimittendo
940 1532 1006 1580 non
1032 1508 1154 1608 poterit
1170 1509 1316 1608 amplius

198 1651 275 1698 reus
306 1650 382 1697 esse
397 1622 589 1711 adulterii,
617 1622 708 1724 quod
741 1622 884 1696 dimissa
916 1648 1001 1696 uxor
1030 1624 1211 1723 patraverit
1243 1625 1316 1700 sire

195 1739 294 1813 alteri
323 1739 500 1826 nubendo,
528 1739 600 1812 sire
623 1739 727 1813 vitam
763 1737 975 1812 inhonestam
1010 1737 1184 1827 dueend0;
1219 1739 1317 1812 mali·

197 1855 265 1929 tiae
288 1856 379 1928 onim
404 1880 487 1928 suae
511 1854 612 1927 unice
636 1852 830 1927 adscribere
859 1879 900 1927 ea
929 1853 1086 1941 deberet,
1109 1855 1182 1928 sire
1210 1870 1317 1929 atten-

199 1985 283 2043 taret
316 1970 501 2044 secundum
532 1969 751 2066 coniugium,
782 1970 854 2043 sive
877 1995 954 2042 cum
986 1969 1107 2043 alienis
1132 1969 1235 2044 vitam
1265 1969 1318 2041 in*-

199 2084 376 2159 honcstam
394 2085 549 2172 duceret;
571 2100 686 2158 contra
708 2110 787 2159 vero
812 2083 964 2183 complex
982 2083 1102 2158 horum
1119 2083 1316 2159 delictorum

199 2215 290 2274 esset
313 2225 353 2271 ex
378 2198 504 2272 Christi
525 2196 638 2272 verbis
664 2197 717 2270 vi'r
732 2197 818 2285 ille,
848 2198 907 2298 qui
933 2196 1063 2298 absque
1088 2197 1318 2273 fornicationis

198 2340 260 2388 seu
277 2311 433 2388 adulterii
458 2312 599 2386 crimine
631 2338 767 2387 uxorem
793 2338 891 2386 suam
918 2313 953 2385 in
979 2326 1177 2413 perpetuum
1204 2314 1318 2389 dimit-

199 2444 292 2504 teret.

273 2545 485 2645 Quapropter
509 2545 662 2645 sequitur
689 2570 729 2618 ex
754 2543 918 2617 orationis
948 2544 1035 2618 serie
1058 2559 1160 2644 atque
1183 2570 1225 2617 ex
1249 2559 1318 2619 toto

199 2677 355 2736 contextu
378 2660 556 2735 verborum
586 2658 734 2747 Christi,
767 2658 858 2731 bunc
883 2657 932 2730 illi
958 2659 1146 2732 sententiae
1175 2657 1318 2733 subesse

200 2804 362 2852 sensum:
394 2776 549 2850 «Omnis
566 2775 625 2874 qui
642 2801 779 2849 uxorem
798 2800 895 2847 suam
913 2788 1045 2872 praeter
1063 2772 1116 2847 rel
1143 2773 1226 2847 citra
1252 2772 1319 2847 for-

200 2892 378 2968 nicationis
403 2918 540 2966 causam
565 2889 721 2977 dimittit,
754 2889 965 2963 occasionem
991 2887 1147 2987 praebet,
1182 2904 1220 2962 ut
1243 2889 1318 2988 pari

200 3008 329 3082 ratione
354 3007 507 3082 adultera
527 3006 606 3095 liat,
634 3006 663 3079 si
688 3020 765 3106 post
781 3030 878 3079 suam
896 3002 1129 3077 dimissionem
1147 3003 1243 3076 alteri
1260 3032 1320 3077 nu·

200 3125 326 3223 pserit,
355 3139 454 3223 prout
478 3122 555 3211 illa,
583 3147 672 3220 quae
696 3121 741 3194 oh
764 3146 903 3194 causam
926 3119 1157 3193 [emicationis
1176 3120 1319 3194 dimissa

200 3239 284 3328 fuit,
300 3239 452 3313 adultera
464 3255 534 3327 est,
550 3237 632 3338 quia
644 3236 774 3320 omnis,
789 3235 849 3336 qui
863 3234 1041 3309 dimissam
1054 3235 1205 3321 duxerit,
1226 3233 1319 3307 adul·

201 3354 322 3428 terium
342 3352 539 3440 committit,
568 3378 628 3426 seu
653 3351 744 3452 quod
771 3349 860 3422 idem
885 3365 957 3435 est,
984 3348 1038 3421 vir
1060 3374 1196 3422 uxorem
1221 3373 1318 3421 suam

199 3456 330 3570 absque
348 3466 578 3544 fornicationis
596 3492 699 3540 causa
714 3463 902 3565 repellens,
919 3462 1167 3563 quodammodo
1184 3461 1322 3535 inchoat

199 3586 422 3673 adulterium,
447 3585 537 3686 quod
562 3607 622 3683 per
647 3582 765 3654 initum
790 3581 1036 3669 cumfdimissa
1058 3603 1181 3652 novum
1206 3577 1321 3650 matri-

200 3703 351 3777 monium
369 3715 641 3786 consummatur-3
662 3713 778 3773 contra
793 3722 873 3771 vero
889 3696 961 3784 uir,
989 3694 1047 3795 qui
1069 3719 1204 3768 uxorem
1223 3718 1320 3766 suam

198 3818 245 3892 ob
268 3844 406 3893 causam
432 3815 661 3891 fornicationis
679 3841 700 3887 a
717 3840 754 3887 se
773 3812 946 3912 repudiat,
970 3826 1105 3910 separat
1127 3809 1320 3910 quidem'se

198 3932 245 4006 ab
263 3932 321 4006 illa
346 3949 516 4031 tamquam
543 3929 671 4003 infideli
693 3943 868 4016 consorte,
893 3924 1051 4000 adulterii
1071 3941 1184 3998 tamen
1210 3924 1320 4023 ipsius

198 4075 305 4123 causa
329 4065 364 4123 et
388 4048 500 4122 socius
522 4073 588 4121 non
614 4045 779 4131 efficitur,
799 4045 926 4145 quippe
943 4069 1032 4142 quae
1056 4044 1200 4142 ipsamet
1224 4040 1320 4115 adul·

200 4165 321 4238 terium
347 4163 589 4264 perpetrando,
617 4161 804 4235 adulteram
831 4187 867 4234 se
892 4155 993 4246 facit;
1022 4158 1082 4232 sed
1105 4158 1178 4246 vir,
1199 4158 1256 4259 qui
1275 4154 1322 4231 ita

200 4278 379 4354 dimissam
405 4279 522 4365 ducit,
552 4269 755 4351 adulterium
781 4274 891 4375 ipsius
916 4275 1111 4361 continuat,
1147 4300 1223 4348 cum
1253 4298 1320 4345 non

199 4394 413 4494 coniugalem
438 4394 653 4481 societatem,
677 4393 737 4467 sed
757 4391 983 4467 adulterinum
1013 4390 1218 4465 connubium
1245 4411 1322 4463 cum

1226 4504 1248 4547 s
