3234 5084
292 450 359 501 mr.
371 447 417 497 ιι.
429 447 470 497 nr
483 442 562 497 nist.
576 446 672 496 narn.
684 444 770 506 narr,
786 444 851 494 nou
865 444 1027 495 oonsnn.
1044 446 1114 495 ιιι.
1125 444 1161 496 ιι.
1219 424 1286 494 483

168 570 313 672 oipium:
345 563 478 650 «Quod
499 563 658 638 universa
675 577 764 635 tenet
780 561 943 648 ecelesia,
972 586 1035 634 neo
1058 559 1211 635 eonciliis
1238 563 1288 633 in·

169 686 340 769 stitutum,
371 678 433 755 sod
459 704 593 777 semper
615 692 779 751 retentum
804 692 874 765 est,
907 702 974 751 non
999 676 1067 751 nisi
1091 677 1288 750 auctoritate

168 794 355 896 apostoliea
380 794 538 867 traditum
565 792 751 866 rectissime
771 792 918 865 creditur
937 794 1057 888 (58).»

252 912 364 1011 Atque
385 909 453 983 hue
472 923 604 1007 spectat
622 906 755 981 theoria
780 932 883 1007 quam
908 906 1064 981 dedimus
1090 908 1126 979 in
1159 907 1286 982 nostris

166 1022 449 1126 praelectionibus
474 1023 518 1097 do
541 1020 758 1096 distinetione
776 1022 863 1094 inter
880 1021 1091 1094 traditionem
1108 1038 1142 1095 et
1160 1022 1287 1096 instru-

167 1156 280 1214 menta
303 1165 363 1213 sou
388 1137 521 1226 media,
541 1163 602 1238 per
619 1163 707 1237 quae
727 1137 945 1234 agnoscimus
959 1135 1171 1210 traditionem
1192 1140 1280 1233 (59).

167 1255 254 1330 Fieri
279 1254 370 1327 enim
398 1269 528 1353 potest,
556 1269 594 1326 ut
617 1250 728 1349 vigeat
760 1251 917 1338 traditio,
952 1276 1013 1324 nec
1039 1266 1149 1325 tamen
1174 1252 1287 1326 omnia

166 1384 348 1471 suppetant
363 1368 584 1442 instrumenta
609 1367 652 1441 ad
679 1366 771 1440 illam
796 1365 1087 1464 cognoscendum,
1111 1366 1187 1441 sire
1204 1366 1287 1467 quia

167 1511 235 1560 non
259 1484 373 1559 omnia
401 1481 521 1557 litteris
547 1500 605 1557 aut
628 1482 857 1557 monumentis
875 1481 1073 1579 consignata
1095 1484 1194 1569 snnt',
1214 1482 1288 1557 sive

167 1599 250 1699 quia
261 1597 422 1674 nonnulla
437 1624 552 1672 eorum
570 1594 730 1697 temporis
748 1597 894 1671 decursu
908 1597 1100 1697 perierant,
1118 1597 1193 1670 siue
1208 1596 1285 1671 aliis

165 1714 436 1815 quibuscumque
460 1713 504 1787 de
529 1713 655 1788 oausis.
685 1712 806 1786 ilerum
835 1712 1075 1786 hie1‘rieleotus
1108 1711 1286 1813 suppletur

167 1829 332 1904 molesiae
353 1829 449 1927 praxi
474 1854 515 1902 ao
540 1828 610 1925 iugi
636 1853 742 1901 sensu
768 1827 992 1916 traditionali,
1013 1827 1072 1928 qui
1098 1827 1185 1901 laeto
1210 1828 1284 1928 ipso

167 1944 315 2019 decurrit
338 1970 398 2042 per
418 1943 565 2018 saecula.
596 1943 701 2042 idque
726 1968 842 2016 reuera
866 1942 989 2016 laetum
1015 1943 1171 2017 nouimus
1192 1942 1227 2015 in
1249 1968 1285 2016 re

166 2058 210 2132 de
225 2085 294 2158 qua
313 2058 466 2156 agimus,
486 2082 656 2157 quamque
682 2055 813 2157 ubique
829 2072 997 2156 receptam
1014 2082 1055 2130 ac
1080 2056 1285 2132 invalescan-

167 2189 233 2246 tom
252 2172 406 2247 nouimus
427 2171 548 2271 quavis
568 2169 733 2245 eeclesiae
750 2185 880 2258 aetate,
901 2171 1003 2271 quin,
1025 2187 1063 2244 ut
1080 2171 1219 2270 saepius
1235 2170 1284 2243 di·

167 2286 298 2373 ximus,
326 2285 487 2382 originem
509 2283 762 2385 deprehendero
787 2286 971 2382 possimus.

241 2402 290 2473 lle
309 2416 420 2474 autem
444 2400 619 2500 quidpiam
645 2400 680 2471 in
707 2398 866 2497 ambiguo
885 2399 1137 2500 relinquamus,
1159 2398 1283 2475 multos

165 2516 307 2592 offendit
325 2514 455 2616 quoda
479 2514 577 2590 nobis
594 2515 728 2588 dicatur
748 2515 865 2589 divino
888 2516 1032 2616 positivo
1051 2516 1125 2590 iure
1140 2522 1157 2603 ,'
1177 2540 1284 2615 eoque

167 2630 361 2704 immediato
384 2629 607 2704 constitutum·
622 2629 748 2717 luisse,
768 2644 807 2701 ut
823 2629 1072 2703 matrimonium
1086 2644 1194 2703 ratum
1211 2629 1283 2703 dis·—

167 2744 376 2821 soluaturob
393 2749 575 2819 solemnem
594 2745 767 2842 religionis
787 2744 1050 2845 professionem,
1072 2768 1148 2818 oum
1170 2760 1282 2818 amen

167 2860 302 2934 nonnisi
325 2861 435 2935 serius
459 2876 493 2934 et
511 2860 650 2961 quidem
677 2858 907 2935 ecclesiastica
928 2875 1057 2934 tantum
1075 2859 1283 2933 instimtione

45 3028 49 3035 -
165 2973 331 3050 eiusmodi
356 2976 550 3051 solemnitas
574 2977 713 3051 inducta
737 2976 838 3050 luerit
856 2978 946 3071 (60).
975 2976 1080 3049 lmmo
1104 2974 1204 3072 longe
1228 2980 1282 3048 ve·

167 3089 345 3164 risimilius
366 3106 419 3164 est
441 3092 581 3191 antiqua
605 3092 846 3167 monachorum
874 3107 952 3166 vota
983 3117 1055 3166 non
1079 3090 1185 3164 luisse
1214 3089 1280 3163 nisi

165 3203 334 3305 simplicia
349 3207 438 3301 (61),
453 3231 516 3279 neo
531 3207 601 3279 uim
615 3206 775 3281 habuisse
787 3205 970 3280 dirimendi
981 3206 1160 3303 ooniugia,
1181 3221 1282 3304 prout

166 3321 274 3421 primo
287 3321 504 3394 constitutum
524 3322 623 3394 estin
637 3345 732 3396 nono.
745 3321 946 3396 lateranensi
965 3323 1008 3394 11.
1023 3346 1079 3395 an.
1091 3323 1198 3393 1139.
1215 3319 1281 3393 sub

165 3436 359 3512 lnnooentio
370 3437 413 3507 ll.
424 3434 602 3524 celebrato,
618 3437 673 3510 his
686 3437 813 3511 verbis:
829 3438 1097 3511 «statuimus.
1114 3451 1279 3537 quatenns

163 3551 318 3628 monaehi
332 3567 434 3653 atque
447 3554 598 3627 conversi
612 3552 777 3654 professi,
791 3553 851 3653 qui
865 3568 1018 3628 sanctum
1031 3550 1279 3650 transgredien-

165 3680 214 3740 tes
236 3669 445 3769 propositum
462 3694 604 3756 uxores,
623 3668 688 3742 sibi
707 3666 865 3769 copulare
890 3667 1200 3768 praesumpserint,
1225 3693 1279 3740 se-

166 3799 340 3881 parentur:
370 3782 566 3867 huiusmodi
586 3809 730 3883 namque
755 3784 1022 3885 copulationem,
1044 3809 1146 3884 quam
1163 3797 1278 3856 annun

85 3994 88 3999 Ι
165 3895 426 3974 eeclesiasticam
452 3898 602 3998 regulam
626 3914 758 3974 eonsmt
778 3925 855 3974 esse
874 3914 1096 3985 contractam,
1112 3898 1279 3972 matrimo

210 4127 215 4137 .
236 4076 287 4142 (58)
302 4080 340 4130 Do
357 4078 483 4145 baptismo
508 4082 602 4132 rontm
618 4082 748 4132 Donutm.
767 4080 811 4131 uo.
822 4082 865 4131 lv.
884 4092 938 4145 rap.
957 4084 997 4132 ΙΙ.
1013 4092 1038 4129 n.
1055 4083 1095 4129 ΙΙ.
1107 4081 1168 4143 opp.
1182 4078 1224 4128 clt.
1236 4076 1276 4128 ed.

162 4158 224 4229 lom·
234 4158 285 4301 (laxs)
295 4156 428 4290 lolielllla
437 4238 485 4290 loo.
496 4239 572 4292 theol.
585 4242 647 4305 part.
662 4241 695 4291 ΙΙ.
706 4242 765 4293 sent.
780 4241 813 4292 ΙΙ.
825 4242 864 4291 De
880 4238 973 4291 tradit.
990 4253 1015 4289 u.
1033 4243 1088 4291 887.

236 4317 287 4382 (oo)
302 4320 395 4383 Nenos
406 4332 500 4372 naono.
515 4320 617 4373 lateran.
632 4323 676 4373 lv.
688 4334 730 4372 an.
746 4328 815 4375 tulo.
827 4321 875 4373 sub
891 4321 1034 4373 Innocentio
1045 4322 1089 4372 ΙΙΙ.

235 4397 469 4463 (ancaranulam
487 4400 530 4452 ΙΙΙ).
548 4402 603 4453 vu.
616 4414 671 4466 rap.
687 4408 726 4454 ΙΙ.
1160 4480 1180 4525 ³*
