3234 5084
319 454 389 503 cnr.
405 452 453 503 ru.
471 451 511 502 ne
528 450 623 504 sensu
639 452 730 501 rme.
748 451 810 500 crn.
829 450 941 500 rnorss.
959 450 1053 501 uirn.
1072 451 1141 500 aar.
1156 450 1177 499 r.
1247 427 1315 496 lto

197 571 302 666 dat),
332 597 394 645 nec
419 570 470 644 sic
495 569 632 668 quidem
658 568 875 642 excusatione
894 566 1019 663 dignus
1045 585 1097 640 cst
1123 567 1178 640 hic·
1195 586 1320 667 praete-

200 703 289 760 xtus.
318 685 351 757 Si
378 709 458 758 vero
483 684 581 780 (ideo
607 708 644 757 se
670 686 821 781 separet)
850 681 931 781 quia
960 681 1139 775 (maritus)
1171 683 1253 755 vivit
1288 683 1321 757 in

201 801 443 886 fornicatione,
472 825 538 872 non
562 798 725 872 babemus
751 797 817 870 boc
843 798 876 868 in
902 797 1146 870 consuetudine
1168 797 1323 871 ecclesia·

201 918 310 1003 stica;
331 917 435 990 immo
446 915 548 988 etiam
562 939 584 987 a
596 913 668 987 viro
682 912 811 986 inlideli
824 911 999 985 discedere
1011 911 1207 1011 prohibetur
1219 938 1320 988 uxor.

202 1034 262 1106 sed
288 1032 422 1105 iubetur
455 1054 649 1130 permanere
667 1026 712 1101 ob
737 1028 896 1100 incertam
924 1052 1019 1126 spem
1045 1044 1184 1099 eventus
1213 1029 1324 1122 (iuxta

203 1147 289 1220 illud
307 1146 480 1246 Apostoli)
503 1144 593 1231 Qntrl
608 1146 695 1215 enim
719 1145 783 1215 scis
799 1144 920 1214 mulier
943 1168 988 1214 cn
1007 1143 1117 1214 virum
1132 1144 1261 1214 actuum
1278 1148 1325 1216 sie

203 1264 467 1362 [ocioslltnque
492 1261 730 1360 derelinquens
758 1259 816 1354 (in
839 1257 895 1332 tali
915 1284 996 1331 casu
1021 1259 1194 1344 maritum,
1215 1259 1323 1333 solum

204 1381 309 1472 tunc)
337 1393 389 1451 est
411 1376 579 1462 adultera,
601 1375 631 1448 si
652 1373 695 1448 ad
717 1373 821 1447 alium
838 1373 950 1447 virum
972 1374 1121 1447 accedat.
1142 1374 1198 1444 Vir
1214 1392 1325 1447 autem

208 1491 381 1587 (adulter)
403 1491 584 1564 derelictus
608 1490 732 1587 dignus
754 1505 828 1574 est,
850 1489 904 1562 cui
923 1515 1008 1561 uxor
1024 1489 1194 1586 ignoscat,
1216 1516 1277 1563 nec
1295 1491 1324 1563 si

204 1606 251 1678 illi
269 1607 520 1702 (reconciliato)
536 1605 722 1693 cohabitet,
751 1605 991 1679 condemnatur
1013 1610 1209 1705 (tamquam
1228 1606 1325 1679 adul-

204 1727 308 1818 tera).
337 1720 434 1808 Quod
461 1722 490 1795 si
516 1721 569 1795 vir
592 1720 636 1794 ab
660 1746 764 1794 uxore
791 1719 990 1816 (adultera)
1018 1720 1195 1806 discedat,
1224 1737 1256 1794 et
1283 1721 1324 1794 ad

204 1838 307 1911 aliam
333 1838 489 1925 accedat,
517 1839 618 1912 etiam
646 1839 720 1937 ipse
743 1841 872 1936 (aeque
889 1861 929 1909 ac
943 1862 1066 1910 uxora
1086 1836 1158 1910 viro
1175 1836 1327 1910 adultero

205 1952 384 2028 discedens
404 1979 443 2026 ac
462 1953 558 2026 alteri
579 1953 652 2027 viro
672 1952 885 2046 adhaerens)
910 1968 962 2025 est
975 1951 1124 2036 adulter,
1147 1952 1228 2050 quia
1249 1952 1329 2025 lacit

205 2093 281 2140 eam
299 2066 491 2152 moechari,
511 2082 544 2140 et
557 2067 678 2140 mulier
694 2066 744 2137 illi
766 2066 966 2140 cohabitans
983 2081 1036 2138 cst
1053 2064 1224 2150 adultera,
1245 2067 1327 2165 quia

205 2183 354 2256 alienum
380 2183 489 2256 virum
515 2183 558 2257 ad
585 2207 622 2257 se
649 2182 794 2256 traducit
814 2185 960 2279 (102).»

279 2299 313 2369 Si
341 2298 425 2372 haec
449 2299 643 2372 admittatur
661 2299 845 2397 expositio,
868 2314 956 2371 certe
976 2298 1157 2373 difficultas
1175 2299 1286 2373 omnis
1310 2325 1329 2372 e

209 2412 320 2487 radice
346 2414 562 2502 convellitur,
582 2440 622 2488 ac
638 2414 790 2488 doctrina
811 2414 947 2501 Basilii,
972 2413 1096 2486 nedum
1116 2414 1186 2487 ulla
1200 2415 1329 2488 ratione

207 2528 316 2603 faveat
339 2530 557 2605 divortiorum
582 2530 750 2629 patronis,
775 2529 973 2603 adversatur
993 2528 1080 2627 ipsis
1103 2529 1266 2616 manime,
1291 2546 1324 2602 et

207 2668 357 2718 consona
379 2645 525 2720 efficitur
550 2670 617 2718 non
642 2643 751 2718 solum
774 2645 894 2718 canoni
912 2644 1051 2716 xlvlll.
1074 2643 1135 2717 sed
1158 2660 1329 2745 praeterea

207 2759 372 2833 ecclesiae
385 2761 568 2833 doctrinae.
578 2759 670 2831 Nihil
683 2785 762 2834 vero
774 2776 843 2846 est,
860 2758 950 2859 quod
963 2758 1127 2859 impediat
1143 2758 1327 2859 quominus

208 2873 419 2964 admittetur,
435 2901 512 2949 cum
525 2876 673 2949 violenta
693 2875 840 2962 nonsit,
863 2901 903 2949 ac
922 2874 1041 2949 offerat
1058 2875 1169 2975 potius
1189 2900 1326 2948 sensum

211 2989 349 3089 planum
368 3008 401 3064 et
423 2991 572 3066 obvium.
601 2994 682 3066 Utra
706 3009 817 3066 autem
843 2992 1004 3090 seligatur
1024 2992 1207 3090 expositio,
1231 2991 1329 3067 nobis

211 3106 351 3205 perinde
375 3125 445 3192 est,
474 3108 605 3207 quiesi
632 3135 661 3181 s.
683 3108 829 3182 Basilius
852 3108 1000 3207 loquitur
1024 3108 1068 3180 de
1088 3107 1331 3182 consuetudine

148 3265 153 3274 ·
209 3250 231 3294 a
250 3222 381 3319 legibus
395 3222 551 3297 civilibus
568 3224 723 3312 inducta,
738 3242 827 3299 certe
842 3224 933 3298 illam
954 3250 1019 3298 non
1040 3224 1205 3325 approbat
1217 3240 1331 3324 utpote

283 3438 348 3498 (toti
367 3440 561 3489 demonstratio
583 3441 678 3490 critica
698 3439 833 3502 rettuleris
855 3437 1010 3489 comotione.
1034 3440 1120 3489 venet.
1146 3443 1214 3490 llll.
1231 3442 1294 3502 part.
1309 3442 1329 3490 t.

210 3522 306 3580 qrtnmt.
321 3520 373 3568 xv.
386 3531 441 3582 pag.
456 3525 486 3568 so
497 3533 567 3583 seqq.
580 3519 629 3578 Qui
645 3523 674 3570 nt
689 3520 842 3584 hypothesim
857 3533 928 3569 suam
944 3519 1031 3570 reddat
1039 3519 1128 3569 ceteris
1138 3519 1332 3582 expositionibus

210 3597 399 3659 probabiliorem
414 3599 588 3650 animadvertit
610 3608 630 3649 1.
644 3613 664 3649 s
681 3601 798 3650 Basiliam
815 3601 840 3649 in
859 3600 906 3651 bac
923 3599 1025 3662 epistola
1039 3598 1186 3663 respondere
1201 3597 1233 3648 nd
1249 3599 1330 3648 varias

208 3678 410 3740 interrogationes
424 3680 588 3742 amphilochii
605 3680 672 3729 circs
682 3680 771 3744 dubia,
789 3694 893 3744 quorum
911 3680 1029 3730 nonnulis
1040 3679 1123 3730 Basilii
1137 3682 1242 3730 mentem
1256 3683 1329 3731 anua

211 3770 260 3805 non
279 3759 420 3821 subierant,
446 3762 558 3822 noeoqm
580 3759 740 3823 inexpectata.
764 3764 799 3811 lta
820 3762 884 3810 enim
905 3763 1009 3811 leslstur
1032 3759 1056 3809 in
1079 3761 1187 3822 ingressu
1211 3760 1329 3822 epistolae

212 3835 252 3885 bis
272 3839 370 3890 verbis:
397 3841 496 3890 «Certe
517 3842 542 3889 et
561 3853 627 3889 nunc
645 3854 701 3890 curn
723 3839 756 3890 de
779 3843 949 3903 interlinealis
967 3843 1020 3891 tuis
1039 3853 1184 3905 erumnam
1205 3839 1332 3890 lecterius

210 3917 323 3968 sollicite
338 3923 506 3983 eepltessem,
526 3924 627 3972 coactus
649 3934 703 3971 sum
723 3921 853 3984 diligenter
866 3921 993 3971 estendere
1007 3958 1014 3984 ,
1027 3923 1051 3970 et
1064 3921 1156 3983 siquid
1169 3919 1332 3971 asertoribus

210 3997 335 4047 audieram
348 3998 484 4060 recordari,
507 4003 532 4049 cl
548 4003 650 4063 cognata
665 4000 707 4062 iis,
724 4014 786 4063 qnae
804 3999 956 4062 didiceram,
976 4012 1019 4062 per
1033 4013 1071 4048 mc
1089 3999 1140 4062 ipse
1155 3999 1303 4048 ratiocinari.
1315 4019 1327 4041 υ

211 4086 235 4128 v.
250 4080 303 4127 Non
317 4081 400 4128 extare
417 4079 483 4141 ipsas
497 4080 697 4142 interrogationes
712 4079 895 4142 Amphilochii,
911 4079 953 4129 sed
969 4092 1010 4129 eas
1022 4082 1116 4128 tantum
1134 4093 1163 4127 ax
1181 4079 1233 4141 ipsa
1249 4080 1331 4129 Basilii

211 4157 368 4219 responsione
383 4158 548 4208 verisimiliter
567 4159 715 4221 colligendas
731 4172 790 4209 csse.
815 4166 837 4208 a.
851 4161 879 4208 at
892 4158 956 4210 illud
975 4163 1068 4208 certum
1084 4171 1137 4209 esse
1160 4159 1283 4209 versiones
1294 4173 1331 4209 ca

211 4236 283 4284 nonis
298 4237 370 4286 liuius
387 4239 538 4288 controversi
554 4239 671 4288 hactenus
683 4238 779 4302 editas,
792 4251 823 4288 ne
837 4238 862 4288 ln
876 4231 1039 4302 ipsn‘quidem
1051 4238 1159 4288 editione
1175 4239 1328 4289 maurininua

208 4318 436 4366 eiectamenta
455 4318 582 4381 principiis
602 4319 788 4369 verslrnilioram
813 4319 880 4369 illurn
895 4333 947 4368 esse
969 4320 1037 4381 point
1056 4331 1130 4381 quam
1145 4319 1196 4383 ipse
1213 4318 1327 4381 subiicit,

210 4407 303 4456 trosque
327 4396 455 4445 retulimus
471 4397 703 4460 interpretationem.
