3234 5084
353 430 397 497 98
489 479 491 481 -
523 450 583 499 tu.
609 450 657 498 ιιι.
678 449 765 499 seer.
787 449 810 497 ι.
828 448 868 499 nr
886 448 980 497 utro.
998 448 1122 499 enarer.
1139 448 1284 498 ιιιιιιιιι.

349 593 450 666 quam
469 567 503 639 in
525 565 690 663 bigamos.
714 567 815 640 Porro
838 566 868 638 si
890 562 1033 638 ecclesia
1053 566 1278 665 poenitentiae
1294 566 1395 639 etiam
1412 567 1465 640 bi-

348 707 465 778 gamos
477 681 661 767 subdebat,
682 697 810 780 quanto
829 680 937 777 magis
955 680 1051 754 tertio
1067 697 1125 753 ant
1136 696 1255 779 quarto
1272 680 1465 756 nubentes?
1506 706 1508 709 ’

347 796 486 870 Accedit
505 796 596 896 quod
615 796 758 870 eeclesia
779 821 900 892 graeca
921 811 1046 868 etcum
1068 821 1109 868 ea
1128 794 1273 871 ecclesia
1289 797 1462 872 orientalis

316 928 319 933 ’
349 912 507 985 universa
527 910 618 984 velut
641 909 850 1007 illegitimam
870 910 1102 1007 tetragamiam
1123 912 1290 1007 respuerit
1310 910 1384 1008 lege
1407 938 1465 986 ca·

348 1026 469 1103 nonica
484 1051 572 1125 quae
588 1024 642 1099 sin
660 1025 773 1097 minus
792 1024 1001 1112 universim,
1028 1023 1151 1097 saltem
1174 1022 1209 1095 in
1227 1022 1398 1125 plerisque
1413 1052 1467 1099 ec·

346 1139 461 1214 clesiis
475 1139 666 1226 obtinebat,
683 1138 788 1212 multo
805 1164 883 1212 vero
900 1139 1010 1237 magis
1028 1137 1203 1212 ulteriores
1220 1139 1357 1238 nuptias
1374 1166 1462 1239 ques

346 1255 494 1328 decrevit
520 1280 597 1328 esse
628 1252 765 1339 nullas,
798 1253 955 1351 apposito
988 1252 1229 1353 impedimento
1254 1252 1460 1343 dirimente,

348 1370 438 1468 quod
466 1368 540 1466 lege
565 1370 639 1469 ipsa
663 1367 754 1442 civili
779 1368 975 1467 adoptatum
1001 1383 1053 1441 est
1075 1369 1228 1468 adeoque
1256 1393 1324 1443 non
1343 1396 1406 1468 per
1429 1397 1464 1444 sc

345 1483 512 1557 eiusmodi
539 1482 677 1581 nuptias
703 1480 924 1581 reprobarunt
949 1480 1079 1581 antiqui
1100 1498 1233 1581 patres,
1258 1482 1318 1557 sed
1337 1483 1381 1557 ob
1405 1509 1462 1557 ec·

346 1598 570 1673 clesiasticam
596 1596 703 1694 legem
729 1623 798 1695 qua
823 1595 936 1668 nullae
961 1596 1148 1670 declaratae
1173 1612 1270 1685 sunt,
1296 1623 1358 1673 nec
1383 1599 1463 1671 uni-

261 1765 266 1773 ·
345 1739 440 1787 verse
464 1712 613 1813 quidem.
962 1702 965 1707 λ

416 1828 612 1902 Theodorus
633 1827 813 1902 Balsamon
838 1825 981 1900 celebris
1002 1827 1175 1902 orientalis
1191 1828 1353 1903 ecclesiae
1373 1828 1458 1903 iuris

343 1943 497 2017 canonici
521 1942 649 2040 peritus
666 1942 766 2016 refert
783 1941 957 2041 antiquam
976 1941 1083 2039 legem
1107 1942 1157 2017 uti
1174 1942 1341 2040 legitimas
1358 1969 1461 2042 agno-

344 2057 436 2130 visse
460 2057 561 2130 etiam
587 2057 702 2130 tertias
727 2057 884 2156 nuptias,
916 2056 1134 2157 (liberosque
1154 2057 1276 2131 exinde
1292 2074 1384 2133 ortos
1408 2060 1459 2133 uti

343 2171 506 2263 heoredes
530 2173 708 2272 quierant
731 2172 795 2246 sub
822 2188 998 2271 parentum
1020 2176 1218 2271 potestate).
1240 2172 1461 2249 Astcanones

343 2302 535 2361 sanctorum
560 2303 714 2385 patrum,
744 2287 791 2359 ait
816 2286 908 2387 ipse,
942 2311 1008 2359 non
1036 2286 1135 2361 modo
1157 2286 1248 2361 haud
1270 2305 1460 2384 agnoscunt

343 2400 475 2474 tertium
492 2400 708 2498 coniugium,
723 2400 954 2474 cemmetiam
971 2400 1167 2475 adiudicant
1187 2400 1375 2475 secundum
1391 2428 1460 2475 me

344 2514 450 2591 diceri
481 2515 717 2616 poenitentiae.
746 2515 909 2615 Tempore
938 2516 1150 2614 imperatoris
1171 2516 1292 2590 leonis
1310 2517 1458 2615 philoso-

337 2631 400 2729 ple'
423 2656 545 2728 magna
569 2629 716 2705 turbatio
740 2630 885 2702 excitata
909 2630 1017 2703 estin
1037 2630 1458 2705 omnibusmundieccle-

341 2746 516 2842 stistte),
532 2744 614 2843 quia
633 2771 670 2817 se
687 2744 796 2817 iunxit
808 2745 875 2818 non
887 2744 988 2820 modo
1000 2745 1037 2817 in
1054 2746 1181 2833 tertiis,
1201 2746 1263 2820 aed
1279 2747 1314 2818 in
1327 2747 1457 2846 quartis

340 2861 479 2960 nuptiis.
508 2859 580 2933 Hac
599 2886 701 2958 super
721 2885 757 2931 re
778 2860 992 2956 congregatio
1013 2861 1163 2933 omnium
1195 2860 1299 2934 ferme
1323 2861 1457 2961 episeo-

340 3001 459 3076 porum
483 2988 678 3048 cunctarum
703 2973 950 3073 provinciarum
972 2972 1147 3049 orientalis
1172 2974 1306 3074 imperii
1328 2975 1457 3049 coadu-

343 3103 422 3164 nata
447 3105 500 3163 est
527 3087 711 3162 indictione
737 3087 822 3159 llll.
848 3113 937 3161 anno
959 3086 1002 3161 ab
1021 3087 1102 3162 orbe
1126 3087 1260 3163 condito
1287 3091 1393 3163 6428.
1421 3107 1455 3164 et

341 3205 385 3279 ab
409 3204 636 3279 incarnatione
662 3204 745 3275 921.
776 3203 815 3274 ln
840 3228 880 3275 ea
904 3202 1074 3278 discussio
1098 3204 1188 3277 lacta
1211 3221 1266 3279 est
1287 3231 1456 3304 quaenam

339 3321 497 3419 coniugia
508 3334 648 3418 possent
667 3318 716 3391 uti
733 3316 883 3416 legitima
905 3318 1055 3405 admitti,
1076 3342 1243 3417 quaenam
1263 3344 1343 3393 vero
1359 3319 1454 3392 reiioi

340 3435 501 3510 deberent
516 3436 606 3530 (tt).
626 3432 691 3519 Qui
713 3432 837 3506 deinde
855 3433 974 3522 refert,
994 3450 1113 3535 postea
1133 3433 1198 3509 sub
1214 3435 1355 3534 imperio
1370 3433 1455 3508 Con·

340 3552 478 3626 stantini
493 3548 798 3649 porphyrogenitae
814 3576 854 3623 ac
870 3548 1011 3624 Romani
1030 3550 1139 3648 ipsius
1158 3549 1311 3648 generis,
1331 3550 1455 3623 consti-

340 3682 447 3741 tutum
461 3665 579 3754 luisse,
592 3682 668 3765 post
680 3666 792 3741 varias
805 3663 1069 3741 consultationes
1082 3690 1123 3738 ac
1136 3689 1450 3749 severumexamen‚

340 3798 459 3854 omum
482 3781 673 3881 synodicum
690 3781 734 3855 ab
751 3782 951 3881 imperatore
976 3780 1161 3866 firmatum,
1186 3806 1227 3854 ae
1247 3779 1452 3854 declaratum

339 3922 417 3970 esse
428 3913 567 3996 quartas
581 3896 717 3995 nuptias
730 3894 915 3970 abolendas
924 3896 1013 3990 (80);
1026 3894 1161 3969 demum
1177 3895 1276 3969 refert
1291 3893 1454 3969 coustitu-

415 4151 465 4215 (78)
477 4152 569 4212 Nempe
580 4151 605 4200 in
617 4150 718 4202 eeclesia
730 4150 857 4213 orientali,
868 4148 990 4213 siquidem
1003 4150 1028 4199 in
1040 4150 1141 4202 eeclesia
1158 4149 1303 4202 occiduttalt
1322 4162 1361 4201 ret
1378 4149 1451 4201 otte

340 4246 365 4281 se
381 4229 523 4294 ltabul13ut
538 4232 622 4294 postea
637 4230 810 4296 etputdeuos.

414 4310 465 4373 (79)
481 4313 539 4360 [αν.
554 4314 650 4363 ortem.
664 4309 681 4362 Ι.
696 4319 718 4362 5.
731 4324 785 4374 pag.
800 4318 854 4363 att.
871 4309 936 4375 apud
951 4309 1086 4362 necandot.
1098 4323 1139 4374 op.
1154 4314 1179 4360 et
1190 4310 1237 4361 loc.
1250 4310 1292 4361 ott.

415 4392 464 4453 tto)
481 4390 544 4441 thid.
