3234 5084
336 460 409 510 mr.
426 459 448 508 ι.
464 460 504 508 ur
522 458 695 509 musam
711 457 916 509 smotrmst.
933 458 1002 508 ins.
1025 458 1070 508 ir,
1203 436 1243 507 tt

215 574 309 649 Adeo
324 602 404 649 voro
415 576 458 648 ub
475 575 539 648 hso
556 575 747 675 polygamia
771 576 970 648 simtdtanaa
987 575 1097 648 aliena
1115 601 1247 676 sempor

147 690 252 763 extitit
271 690 436 777 ecclesia,
456 706 493 765 ut
509 716 618 790 usquo
634 689 781 788 legitima
801 690 957 763 hodrusrit
971 690 1140 764 oounubia
1157 716 1245 790 quas

149 822 224 903 post
248 805 391 903 primam
417 830 552 877 uuorsm
578 803 817 878 oolebrarorint
836 804 1002 877 infideles.
1019 804 1156 890 Quoties
1173 831 1250 903 pro-

147 918 225 991 inde
249 919 391 1015 oontigit
413 933 452 991 ut
474 918 597 1017 uliqois
626 918 776 1017 ipsorum
801 917 845 989 ad
869 918 1064 1015 religionem
1097 918 1250 992 christia·

148 1058 226 1105 nam
248 1050 513 1119 converteretur,
536 1033 632 1106 toties
653 1032 782 1128 exegit,
805 1031 908 1104 uoluti
934 1032 1158 1105 oouditionem
1176 1032 1250 1107 sino

149 1174 215 1247 qua
227 1172 296 1221 non
306 1147 513 1221 conferretur
522 1147 552 1220 ei
566 1145 752 1245 baptism,
766 1161 805 1218 ut
816 1146 910 1244 prius
926 1146 1126 1220 valediceret
1141 1148 1249 1221 omni·

148 1261 213 1334 bns
234 1261 395 1335 uxoribus
413 1286 499 1359 quas
514 1276 590 1359 post
606 1259 749 1359 primam
766 1259 933 1331 duxisset.
958 1259 1026 1331 Cur
1040 1261 1128 1331 enim
1145 1261 1250 1335 roro?

151 1375 223 1447 Nisi
248 1374 329 1474 quia
349 1373 492 1448 ecelesia
515 1398 698 1471 numquam
723 1387 760 1445 ut
784 1371 951 1468 legitimus
977 1398 1096 1446 uxores
1114 1399 1172 1447 aas
1189 1375 1250 1447 ha·

150 1487 373 1561 botmuliores
386 1513 474 1586 quoa
485 1501 560 1587 post
572 1485 713 1585 primam
726 1485 906 1561 ducuntur.
922 1486 1052 1559 Etenim
1071 1487 1137 1587 ipsi
1150 1488 1250 1561 mam

153 1602 303 1677 infideles
322 1601 395 1698 iege
412 1601 527 1676 divina
547 1614 700 1677 tenentur
724 1600 893 1699 adeoque,
921 1601 1087 1700 quidquid
1112 1606 1250 1676 osnsou·
1359 1673 1361 1675 ,

149 1718 229 1790 dum
255 1717 300 1790 sit
323 1717 366 1789 da
389 1733 525 1790 naturae
550 1715 641 1812 tego,
670 1732 730 1789 aut
753 1715 796 1789 ds
821 1716 894 1788 iura
916 1716 1033 1789 divino
1047 1733 1127 1790 unta
1142 1718 1251 1791 lisan-

151 1832 293 1929 gsiium,
316 1856 393 1904 oum
413 1845 539 1903 oortum
563 1830 608 1903 sit
632 1855 672 1902 ex
697 1829 771 1926 lego
794 1828 987 1926 euangelica
1011 1831 1147 1904 omnino
1173 1831 1249 1905 abo·

150 1945 264 2030 litum,
285 1970 327 2018 ao
342 1970 479 2044 prorsus
503 1942 706 2043 prohibitum
722 1943 829 2017 fuisse
845 1943 1083 2042 polygamiam,
1102 1947 1247 2045 proiecto

150 2086 211 2132 noo
236 2058 302 2157 ipsi
330 2058 483 2131 infideles
507 2057 636 2156 absquo
660 2057 794 2156 piamlo
810 2058 877 2131 iam
895 2074 1036 2156 possunt
1055 2059 1170 2157 plures
1191 2062 1249 2135 du·

151 2199 225 2247 oste
240 2198 372 2246 uxores.
390 2171 554 2257 Quooiroa
575 2172 638 2245 etsi
658 2198 699 2244 sn
720 2171 906 2267 ignorantia
931 2171 996 2245 hac
1020 2172 1054 2243 in
1076 2192 1251 2248 oonsustu·

151 2289 228 2361 dine
251 2288 367 2386 aliquo
382 2288 482 2362 modo
502 2286 654 2361 excusari
681 2287 836 2384 possint,
864 2311 939 2358 oum
966 2287 1112 2360 noudum
1129 2289 1180 2362 eis
1198 2290 1250 2363 ior

114 2439 117 2445 ¹
151 2403 343 2501 evangelica
368 2401 576 2502 promuigotu
598 2417 671 2487 ost,
691 2416 895 2475 tamencum
921 2401 1007 2500 ipsis
1031 2402 1250 2500 Evangeiium

151 2535 203 2592 ost
223 2531 433 2617 perspootom
446 2542 522 2603 ,ιω
546 2517 621 2616 ipso
646 2515 759 2614 plures
785 2504 904 2590 uxores
931 2515 1071 2589 rotinere
1089 2544 1156 2591 non
1173 2545 1251 2619 posf

152 2647 250 2718 sunt,
273 2633 424 2732 adeoquo
442 2646 607 2729 coguntur
618 2656 676 2705 eas
695 2631 849 2704 deserere
865 2656 939 2703 oum
957 2630 1151 2727 religionem
1166 2633 1253 2705 ohri·

151 2750 293 2822 stiauam
319 2749 537 2847 profitentur,
564 2762 601 2819 ut
624 2746 749 2846 pluries
775 2746 978 2819 declaratum
999 2761 1050 2819 est
1067 2772 1087 2818 a
1106 2750 1250 2822 romanis

151 2862 367 2960 pontificibus
383 2864 496 2957 (tto).

225 2976 316 3049 Haeo
340 2992 449 3049 autem
477 3001 565 3076 quse
589 2976 733 3048 diximus
759 2974 938 3047 ostendunt
963 2974 1186 3075 polygamiam
1204 2979 1251 3057 si·

152 3092 353 3164 multansam
378 3093 424 3164 ita
447 3093 581 3165 vetitam
598 3118 674 3164 esse
690 3107 727 3162 ut
745 3116 855 3189 neque
873 3089 987 3189 plures
1007 3090 1106 3162 simui
1132 3116 1251 3165 uxores

152 3205 267 3277 haberi
294 3206 444 3304 possint,
474 3229 582 3305 neque
605 3205 708 3277 alteru
734 3204 811 3275 duci
830 3221 907 3303 post
923 3202 1097 3303 repudium
1116 3205 1187 3277 sive
1204 3205 1252 3277 ai·

153 3320 255 3393 terius
281 3320 354 3393 sivo
377 3319 523 3419 plurium
556 3319 696 3394 aliarum
726 3346 879 3391 uxorum.
908 3318 957 3391 De
988 3320 1094 3417 prima
1118 3319 1252 3419 polyga-

155 3435 241 3505 mise
262 3434 373 3533 speeie
397 3434 453 3505 vin
477 3434 629 3532 quaestio
652 3458 727 3506 osse
750 3448 877 3531 potest,
898 3458 973 3505 cum
995 3456 1094 3505 casus
1116 3433 1179 3504 iste
1195 3435 1249 3504 vix

154 3565 209 3620 aut
222 3548 330 3619 neuin
344 3546 478 3646 quidem
501 3546 552 3622 vel
575 3547 661 3620 inter
682 3546 774 3645 ipsos
794 3563 1037 3649 protestantes,
1059 3546 1251 3621 multovero

153 3663 264 3735 minus
288 3663 376 3735 inter
399 3661 579 3736 osthoiioos
604 3662 713 3734 iooum
744 3661 889 3748 habeat3
921 3679 974 3734 ast
999 3688 1064 3735 non
1093 3677 1145 3734 est
1168 3663 1250 3735 adso

154 3777 301 3850 insolens
323 3776 531 3877 polygamiae
555 3778 684 3877 species
704 3775 823 3865 altera,
844 3795 882 3849 ut
897 3776 940 3849 ab
962 3777 1056 3850 initio
1081 3777 1245 3865 diximutr,

154 3891 234 3990 quin
258 3893 325 3965 imo
347 3894 474 3991 passim
498 3908 629 3991 rasepta
645 3909 696 3966 est
713 3891 756 3964 ab
773 3891 841 3963 iliis
858 3891 1016 3965 omnibus
1038 3918 1140 3991 panes
1164 3919 1250 3992 quos

154 4004 279 4078 obtinet
302 4007 354 4078 lox
374 4006 481 4079 civilis
498 4005 539 4078 de
556 4006 697 4081 divortio
715 4033 782 4104 qua
799 4006 897 4078 etiam
920 4006 1017 4078 datur
1038 4005 1176 4080 facultas
1198 4006 1246 4079 al-

186 4272 192 4286 ·
223 4266 290 4325 (155)
304 4264 380 4314 cuius
397 4265 431 4315 rei
443 4264 469 4314 in
479 4264 597 4327 superiori
614 4264 676 4313 libro
691 4265 761 4327 plura
778 4278 839 4313 torn.
851 4264 991 4327 pontificum
1008 4280 1035 4313 sc
1053 4279 1115 4317 rom.
1127 4278 1251 4328 congrega·

151 4340 245 4392 tionum
262 4341 360 4393 decreta
375 4342 496 4393 dedimus.
