3234 5084
322 436 390 510 itt
441 461 503 512 mo.
524 458 572 510 m.
593 457 680 510 soen.
702 458 836 510 uirens.
857 457 897 508 or
914 456 1028 511 morsu.
1049 458 1145 509 mm.
1162 458 1284 512 muer.

320 602 382 677 pro
401 575 552 677 qualibet
569 575 788 676 turpitudine.
811 574 944 650 Etenim
968 575 1027 650 ubi
1052 576 1162 675 agitor
1177 576 1221 651 de
1238 603 1347 677 poena
1362 605 1442 678 gra·

316 690 459 767 tissima
484 688 686 788 infligenda,
716 689 829 791 qualis
854 691 1051 765 aestimatur
1079 691 1246 792 separatio
1268 691 1315 765 ab
1335 692 1440 768 altero

319 805 481 904 coniuge,
514 803 567 879 lex
591 803 691 878 debet
714 830 792 879 esse
816 804 989 903 oonoeptis
1012 804 1126 878 vorbis
1153 830 1334 904 expraesa3
1370 807 1437 881 iam

317 943 398 993 vero
421 918 574 1016 coniugis
599 917 794 1006 fornicatio,
823 944 885 994 seu
909 916 1062 1005 moechia
1086 919 1211 993 tamin
1230 920 1434 1021 Seriptnris,

317 1060 421 1135 quam
433 1036 468 1108 in
486 1034 724 1110 ecelesiasticis
741 1034 874 1132 legibus
891 1033 935 1108 ad
954 1033 1199 1134 separationem
1213 1034 1436 1110 induoendem

318 1150 362 1227 ab
386 1150 491 1226 altero
514 1150 675 1249 (inninga,
704 1152 765 1226 seu
789 1150 833 1224 ad
855 1149 1035 1226 divortium
1060 1150 1253 1225 iaciendum
1277 1177 1435 1252 expresse

317 1282 539 1354 memoratum
561 1292 628 1341 non
647 1281 757 1341 autem
777 1266 870 1341 aliud
883 1264 1057 1367 quodlibet
1070 1281 1246 1364 peeentum
1259 1265 1352 1366 quod
1370 1264 1436 1341 ler-

317 1381 484 1457 niestione
507 1398 568 1455 aut
590 1382 742 1457 moechis
769 1383 917 1457 deterius
944 1397 1002 1455 ant
1022 1381 1206 1455 deformius
1231 1381 1289 1455 sit.

394 1494 444 1570 De
464 1497 634 1597 Scriptura
660 1497 745 1570 nihil
773 1498 891 1572 attinet
914 1496 1026 1599 disere
1055 1511 1134 1596 poet
1158 1511 1437 1570 commemoratos

317 1612 476 1687 llattlraei
501 1626 623 1687 textus.
651 1614 785 1688 Petrum
809 1639 890 1688 uero
914 1628 947 1687 et
967 1611 1185 1689 oonediorum
1209 1611 1335 1713 profert
1356 1611 1435 1688 Gra·

316 1727 429 1802 tianus
455 1729 645 1803 testimonia
670 1729 705 1801 in
730 1729 860 1803 Deereti
886 1754 921 1828 p.
947 1730 992 1801 ll.
1012 1752 1118 1804 nausa
1138 1729 1271 1802 XXXII.
1295 1754 1331 1830 q.
1357 1729 1429 1803 llll.

318 1868 394 1943 eap.
416 1844 476 1917 12.
495 1860 529 1918 et
553 1842 735 1943 deinceps,
765 1844 801 1916 in
825 1843 951 1944 quihus
971 1860 1187 1919 reeensentur
1205 1843 1432 1944 turpitudines

316 1958 481 2033 adulterio
506 1960 693 2059 graviorem
721 1975 868 2034 attamen
890 1960 1026 2035 nonnisi
1050 1959 1251 2036 adulterium
1276 1960 1325 2034 uti
1350 1959 1433 2060 legi-

316 2072 399 2146 tima
426 2098 530 2147 eausa
560 2073 782 2174 separationis
813 2074 900 2147 inter
936 2074 1104 2173 coniuges
1130 2090 1334 2149 memoratur
1365 2078 1431 2172 (i).

316 2187 478 2288 Exemplo
501 2188 546 2263 sit
566 2214 596 2263 s.
617 2187 845 2286 Augustinus,
866 2189 925 2289 qui
950 2187 1010 2263 lib.
1037 2191 1064 2263 l.
1084 2190 1132 2262 De
1157 2192 1317 2290 coniugiis
1341 2189 1435 2264 odul-

318 2304 432 2376 terinis
456 2303 540 2379 adeo
565 2303 693 2378 insistit
719 2319 757 2378 ut
781 2304 933 2392 evineat,
958 2321 1035 2405 post
1058 2305 1292 2380 dimissionem
1317 2306 1434 2380 uxoris

315 2414 360 2491 ob
379 2414 609 2493 fornicationis
634 2444 785 2507 oausam,
807 2443 874 2494 non
896 2417 996 2493 liuere
1019 2418 1092 2494 rire
1118 2419 1432 2528 absqueadulterii

316 2533 451 2634 piaculo
476 2532 569 2608 elteri
596 2534 800 2622 adhaerere;
830 2560 870 2609 ae
891 2534 1033 2635 proinde
1056 2534 1159 2609 veluti
1189 2560 1250 2638 pro
1268 2552 1360 2611 uerte
1380 2562 1436 2611 su·

315 2673 408 2723 mere
424 2650 556 2724 ridetur
574 2651 618 2726 ob
636 2650 841 2725 adulterium
859 2666 893 2725 et
912 2649 1050 2751 quidem
1072 2649 1180 2725 solum
1199 2675 1299 2752 pesse
1317 2676 1338 2724 a
1354 2676 1436 2726 eon·

316 2765 395 2864 iuge
419 2765 530 2866 queam
556 2783 665 2840 torum
689 2765 946 2867 convictumque
970 2764 1119 2864 legitime
1144 2765 1307 2867 separari.
1344 2767 1435 2840 lnter

315 2893 426 2954 uetera
446 2878 637 2954 describam
661 2905 749 2981 quae
769 2879 874 2955 habet
889 2907 919 2955 s.
940 2881 1062 2954 Denter
1078 2906 1153 2980 cap.
1174 2880 1230 2952 lX.
1252 2878 1312 2952 ubi
1329 2904 1435 2980 quum

317 2993 383 3069 sibi
409 2993 588 3069 obiecisset
604 2994 756 3069 Pollentii
778 2995 1010 3071 difficultatem
1029 3022 1069 3071 ex
1091 3021 1132 3070 eo
1157 2993 1315 3095 petitam,
1341 2994 1435 3095 qnod

315 3109 479 3185 Dominus
505 3136 572 3185 non
598 3109 798 3210 generaliter
821 3111 944 3187 dixerit
968 3139 1063 3187 reum
1083 3110 1239 3186 adulterii
1262 3110 1355 3199 lieri,
1375 3111 1434 3211 qui

315 3250 452 3300 uxorem
464 3225 630 3301 dimiserit
641 3243 674 3301 et
686 3226 787 3303 alium
800 3227 950 3318 duxerit,
971 3228 1031 3303 sed
1046 3226 1281 3328 interposuerit
1295 3250 1434 3300 oensem

314 3342 562 3431 luminationis,
583 3341 633 3417 eie
648 3342 758 3418 eidem
775 3344 934 3419 occurrit:
958 3343 1107 3435 «Credo,
1128 3342 1219 3443 quod
1236 3340 1323 3415 illud
1336 3339 1431 3442 quod

315 3458 425 3533 maius
443 3475 511 3548 est,
532 3456 597 3533 hoe
613 3458 778 3533 Dominus
795 3458 1058 3534 eommemer'are
1076 3457 1194 3533 voluit.
1215 3457 1324 3530 liuius
1341 3454 1433 3529 enim

315 3572 516 3647 adulterium
537 3598 615 3648 esse
632 3573 710 3675 quis
727 3589 843 3671 negat,
868 3598 971 3647 uxore
990 3598 1057 3647 non
1083 3572 1267 3646 iornioante
1285 3596 1352 3645 non
1377 3568 1434 3642 di·

314 3687 421 3763 missa
433 3686 572 3762 alteram
590 3688 731 3776 ducere,
752 3687 899 3788 quamsi
924 3686 1142 3763 fornicantem
1162 3686 1311 3788 quisque
1334 3682 1434 3758 dimi·

392 3860 426 3923 (a)
442 3859 484 3909 sio
504 3858 530 3909 in
551 3871 605 3922 nup.
621 3865 657 3910 m.
675 3856 812 3921 offerebat
825 3860 933 3909 sauctus
946 3857 1020 3910 Iuli.
1034 3871 1057 3907 e.
1074 3864 1111 3908 tt.
1128 3856 1263 3921 utentem,
1281 3866 1350 3921 quoe
1363 3856 1429 3905 suut

317 3940 411 3989 contra
431 3941 522 3989 natur.
535 3949 590 4002 esp.
606 3941 643 3988 m.
661 3939 727 3989 Uesta
748 3937 894 3989 naturalis.
910 3939 942 3988 Et
952 3937 978 3987 ln
991 3938 1085 4000 quem.
1100 3938 1122 3986 L
1135 3949 1158 3987 e.
1171 3943 1194 3987 t.
1209 3936 1361 3999 allegaturus.
1375 3934 1433 3984 iiie·

317 4032 412 4082 ronym.
436 4018 481 4083 qui
502 4031 629 4083 expresse:
646 4038 658 4062 a
668 4020 696 4069 in
710 4019 837 4082 coniugio,
850 4018 947 4081 inquit,
960 4017 1016 4082 quis
1025 4016 1137 4081 positus,
1150 4028 1320 4080 animmque
1329 4016 1430 4078 peecata

315 4100 415 4164 feeerit,
427 4113 477 4151 nou
492 4099 615 4164 propriam
633 4099 738 4149 inissent
757 4098 901 4161 onningun,
913 4096 960 4147 aad
974 4095 1121 4158 fornicatio
1134 4108 1246 4147 uxorem
1259 4096 1431 4158 coinquinat.-

316 4187 344 4232 ut
362 4180 411 4231 iam
433 4173 482 4232 ndn
502 4180 536 4231 sit
556 4180 610 4230 uiro
629 4195 675 4231 suo
694 4179 779 4242 licita,
792 4177 835 4229 sed
856 4178 926 4243 quasi
946 4176 1058 4227 adultera
1078 4179 1150 4227 eto.»
1168 4179 1259 4226 Verum
1279 4177 1362 4225 textus
1387 4172 1431 4224 nie

313 4260 466 4323 apocryphus
487 4259 630 4323 desumptus
645 4262 683 4310 est
701 4272 732 4309 as
751 4260 882 4309 comment.
895 4258 922 4308 in
934 4258 1005 4322 epist.
1019 4259 1050 4308 11.
1073 4256 1301 4308 meminimus.
1322 4253 1366 4319 qui
1382 4252 1426 4304 tri·

315 4340 424 4389 tenuntur
433 4339 555 4390 nreruieo
567 4339 672 4402 Pelagio.
687 4339 725 4389 cl.
738 4338 842 4391 Admon.
856 4338 980 4404 promtam
999 4337 1038 4388 iris
1053 4339 1184 4389 oommeot.
1199 4334 1314 4388 vellendi
1327 4334 1354 4386 in
1368 4346 1426 4398 epp.

314 4420 346 4471 nd
363 4434 405 4485 op.
418 4434 438 4471 s.
453 4417 595 4483 Hieronymi
617 4422 677 4471 tam.
691 4421 732 4472 xl.
