3234 5084
384 488 455 543 err.
472 492 505 542 v.
522 489 563 542 nr
576 488 686 543 soror.
702 486 831 542 rurrur.
849 487 944 541 urrn.
959 486 1031 541 rnr.
1048 486 1084 540 n.
1232 464 1301 538 lot

186 613 254 689 Sed
278 610 459 713 Apostolus
484 609 548 685 hoc
576 610 649 685 loco
682 635 748 684 non
777 608 926 709 loquitur
952 607 996 681 de
1020 607 1111 682 iusto
1134 606 1301 695 divortio,

187 728 281 832 qnod
300 727 373 802 lieri
399 741 509 826 potest
534 726 570 798 in
594 750 699 800 causa
723 724 972 812 iomicetionis3
1001 722 1178 797 nonenim
1208 748 1306 823 prae·

186 846 315 946 ciperet
338 868 476 919 uxorem
501 868 522 915 u
547 841 619 917 viro
643 867 710 916 non
732 840 924 928 discedere,
947 839 978 914 si
996 839 1039 913 de
1054 837 1199 913 divortio
1216 837 1305 912 iusto

189 960 393 1061 loqueretur.
409 956 464 1031 Ait
480 956 582 1055 igitur
596 956 641 1030 de
656 955 813 1031 dissidiis
831 954 1037 1056 quibusdum
1053 953 1197 1041 levibus,
1216 976 1307 1061 quae

189 1072 359 1146 interdum
387 1072 473 1145 inter
502 1070 664 1168 coningos
689 1069 864 1158 oriuntur,
892 1085 928 1143 et
950 1066 1093 1168 proinde
1115 1066 1159 1141 de
1190 1064 1307 1140 illicito

188 1188 333 1262 divortio
346 1244 354 1274 ‚
368 1212 438 1287 quo
450 1212 471 1260 a
484 1213 522 1261 so
539 1186 682 1261 invicem
695 1185 895 1274 discedunt,
914 1185 974 1259 sed
989 1183 1180 1285 paulopost
1195 1182 1309 1256 conci-

189 1302 326 1376 liantur.
344 1302 455 1388 Quare
468 1290 643 1402 perperam
657 1326 699 1374 ex
716 1300 781 1376 hoo
802 1300 876 1376 loco
891 1299 1048 1377 catholici
1065 1297 1247 1372 divortium
1260 1297 1309 1368 in·

189 1408 368 1504 duxerunt,
380 1416 471 1517 quod
485 1431 641 1489 manente
651 1416 786 1490 uinculo
804 1416 841 1488 in
853 1414 996 1490 eeclesia
1011 1414 1103 1488 licite
1116 1413 1176 1487 fiat
1191 1413 1264 1508 (21)
1273 1441 1306 1482 u

265 1532 317 1605 lta
339 1530 476 1632 quidem
494 1530 582 1629 ipso.
605 1529 726 1603 Verum
743 1528 830 1604 lalso
847 1528 1009 1629 supponit
1029 1524 1213 1602 catholicos
1230 1522 1310 1596 huic

192 1644 293 1719 unico
304 1642 457 1743 Apostoli
476 1642 666 1717 testimonio
685 1638 802 1731 inniti,
827 1643 909 1717 dum
930 1644 1108 1717 adstruunt
1130 1638 1311 1714 diuortium

194 1756 284 1834 licite
308 1759 381 1834 fieri
407 1784 527 1859 posse,
545 1756 641 1833 selvo
660 1759 810 1857 coniugii
830 1750 975 1834 uinculo.
998 1759 1066 1834 Nos
1087 1743 1259 1858 praeterea
1275 1752 1311 1826 id

194 1874 305 1977 ipsum
329 1872 536 1947 adstruimus
561 1871 716 1973 pluribus
741 1871 820 1947 eliis
846 1872 930 1948 locis
961 1888 1032 1948 tum
1055 1869 1206 1971 Apostoli
1238 1885 1311 1943 tum

192 1988 463 2087 evangeliorum,
490 2003 528 2062 ut
550 2003 682 2063 constat
704 2014 744 2062 ex
763 1988 824 2076 iis,
853 1987 1002 2088 quaein
1027 1987 1137 2088 capite
1161 1982 1310 2059 secundo

193 2102 432 2179 disseruimus.
454 2100 551 2177 Falso
569 2120 740 2202 praeterea
755 2104 901 2179 assumit
915 2101 1111 2205 Apostolum
1128 2101 1172 2176 de
1193 2098 1312 2174 eudem

193 2215 410 2292 dissensione
435 2212 541 2289 fuisse
565 2215 712 2290 locutum
732 2233 804 2290 tum
827 2243 861 2290 r.
882 2219 943 2290 to.
962 2242 1040 2291 cum
1056 2216 1122 2291 eit:
1141 2215 1312 2313 Praecipio

193 2358 331 2407 onmem
354 2328 378 2405 o
399 2333 471 2405 ciro
496 2357 560 2404 noo
591 2330 776 2418 discedere,
810 2348 882 2407 tum
905 2358 939 2407 u.
967 2335 1026 2405 11.
1059 2356 1137 2406 cum
1166 2329 1309 2405 scribit:

194 2444 293 2538 Quod
315 2450 348 2521 ci
369 2440 570 2534 discesserit,
596 2474 725 2522 moero
746 2450 931 2548 innuptam.
950 2446 994 2521 At
1011 2432 1137 2524 verer.
1159 2447 1218 2517 ro.
1245 2446 1315 2542 ugit

194 2561 377 2663 Apostolus
401 2561 445 2636 de
468 2560 616 2649 iniusta3
645 2586 678 2636 r.
706 2576 816 2636 autem
835 2562 878 2633 ll.
907 2561 952 2634 de
975 2561 1066 2636 iusta
1088 2558 1309 2634 discessione.

194 2676 354 2779 Alioquin
378 2702 446 2751 non
474 2677 642 2776 potuisset
667 2677 702 2749 in
734 2701 818 2749 casu
852 2674 1075 2749 discessionis
1101 2672 1248 2746 iniustae
1270 2671 1315 2746 oh

196 2792 288 2867 leves
308 2817 447 2880 cenem,
468 2807 507 2865 ut
524 2792 685 2892 supponit
705 2780 938 2879 Chemnitins,
960 2788 1123 2864 uxoribus
1145 2788 1314 2889 optionem

195 2906 300 2995 dare,
327 2922 366 2980 ut
390 2923 468 3006 post
492 2906 738 3005 separationem
763 2921 821 2979 aut
845 2905 1006 3006 innuptae
1031 2918 1224 2991 manerent,
1259 2916 1317 2976 eut

199 3020 378 3095 virissuis
399 3021 705 3095 reconciliarentur.
727 3022 812 3094 Nam
829 3047 871 3095 ex
887 3018 1014 3093 Christi
1033 3034 1229 3120 praecepto,
1249 3040 1316 3090 non

199 3149 309 3237 potest
323 3134 417 3208 'uxor
441 3132 518 3207 sine
541 3135 631 3237 iusta
654 3161 780 3223 ceusu,
801 3135 836 3208 id
854 3151 908 3209 est
923 3150 1055 3235 praeter
1078 3134 1204 3207 crimen
1221 3129 1318 3206 adul-

198 3250 297 3337 terii,
324 3275 347 3323 u
375 3249 447 3323 rire
470 3274 533 3323 suo
561 3249 738 3323 discedere
762 3274 803 3323 ac
828 3251 1004 3349 seperari3
1037 3248 1130 3349 qnod
1158 3249 1188 3321 si
1211 3247 1317 3320 conti-

199 3362 307 3463 gerit,
328 3364 364 3438 ui
376 3362 700 3439 eiusdemdominici
715 3366 886 3465 praecepti
899 3380 1029 3439 tenetur
1041 3364 1084 3437 ad
1097 3364 1207 3438 virum
1219 3386 1320 3436 suum

202 3482 341 3568 reuerti,
371 3480 471 3579 eique
497 3480 719 3554 reconciliari.
747 3481 871 3556 Contra
894 3507 974 3556 veru
1002 3479 1183 3581 Apostolus
1210 3476 1244 3551 in
1262 3477 1322 3550 ed-

200 3596 340 3672 versarii
354 3595 536 3697 hypothesi
555 3596 765 3696 permisisset
780 3597 895 3686 uxori,
920 3622 1009 3697 quoe
1021 3584 1103 3671 sine
1113 3582 1203 3692 iu'sta
1215 3580 1322 3668 ceusu

202 3715 319 3789 auiro
343 3712 522 3801 discessit,
551 3708 604 3786 vel
629 3712 858 3803 reconciliari,
885 3713 939 3787 vel
963 3713 1011 3787 ita
1035 3696 1232 3810 permanere
1248 3726 1323 3815 seu

202 3829 315 3903 vivore
336 3829 371 3903 in
397 3828 621 3929 separationis
643 3844 734 3903 statu
756 3845 855 3929 prout
879 3829 911 3903 ei
933 3827 1080 3902 libuerit.
1117 3825 1214 3913 Quod
1247 3825 1324 3931 qui·

203 3943 281 4017 dem
301 3942 395 4018 nulla
407 3946 537 4019 ratione
553 3936 686 4020 admitti
704 3960 839 4046 potest,
861 3944 1030 4044 siquidem
1047 3958 1163 4045 aperto
1187 3940 1322 4014 Domini

205 4054 382 4158 praecepto
395 4058 604 4136 adversetur.
621 4060 670 4133 Ne
682 4059 786 4159 igitur
806 4059 842 4132 in
855 4058 1022 4134 eiusmodi
1036 4056 1221 4132 obsurdum
1239 4053 1324 4128 odeo

282 4275 334 4340 (rr)
350 4278 388 4326 lte
406 4286 504 4328 rursum
522 4277 589 4344 apud
610 4279 727 4332 sollum.
740 4278 788 4330 loc.
799 4278 843 4330 clt.
857 4291 922 4343 eune
933 4280 1016 4333 tanen
1034 4278 1060 4329 in
1073 4276 1182 4329 odinum
1194 4276 1324 4340 amomi

206 4356 467 4489 &upopllaenpccfiae
483 4357 591 4423 beben
605 4358 648 4411 red
666 4357 748 4425 quoad
768 4357 931 4411 muntium
951 4358 976 4410 in
991 4358 1061 4411 idem
1071 4356 1198 4420 recidunt,
1213 4355 1325 4423 adeoque
1372 4398 1384 4417 ,.
