3234 5084
234 510 775 566 crr.1.nr.u.ssrsmss.ms.
791 513 986 567 reserans}
1008 513 1184 567 rosmari.
1213 488 1283 566 il'i

162 630 315 732 adeoque
332 632 513 733 perpetuus
531 631 588 706 ille
603 631 766 709 transitus
783 631 827 706 dc
843 632 1003 707 uxoresd
1015 654 1166 721 uxorem,
1182 644 1285 734 q'uern

164 745 351 819 sdversenii
377 743 495 820 dicunt
518 745 732 821 iomicationi
755 746 988 836 simillimum,
1008 746 1151 847 exlegis
1172 748 1284 825 abusu

164 862 208 935 ad
233 887 425 949 summum,
442 888 510 935 non
528 880 640 936 autem
666 886 707 936 ex
729 863 805 963 ipsa'
829 862 904 961 lege
925 864 1146 939 dimanassst.
1165 904 1186 937 s

235 979 354 1078 ltaque
379 977 560 1052 divortium
585 978 620 1050 in
645 978 720 1076 lege
745 979 895 1052 mosaica
919 979 981 1052 Dei
1010 979 1212 1054 auctoritate
1235 980 1284 1055 ita'

160 1107 234 1166 erat
264 1093 468 1192 permissum
501 1106 540 1166 ut
565 1092 644 1166 'rere
669 1093 798 1166 licitum
823 1109 925 1167 esset.
958 1093 1057 1169 Absit
1087 1122 1169 1169 sero
1193 1095 1285 1196 quod

162 1207 242 1307 quis
266 1206 512 1287 oumluthero
529 1206 694 1295 affirmet,
720 1208 825 1282 llosis
851 1207 1041 1283 institutum
1065 1209 1110 1285 de
1140 1208 1285 1286 diuortio

162 1324 271 1397 inisse
278 1324 539 1422 prueccpsicum
553 1323 662 1410 absit;
679 1325 741 1397 neo
758 1324 849 1396 enim
865 1322 1038 1397 mundavit
1050 1325 1206 1426 Moyses,
1223 1324 1285 1400 sed

157 1441 312 1539 pemisit
336 1438 567 1514 tantummodo
592 1438 669 1512 dari
692 1438 845 1512 libellum
868 1438 1013 1539 repudii.
1032 1439 1127 1526 Quae
1146 1439 1285 1539 quidem

161 1555 343 1655 permissio
359 1579 399 1627 ex
416 1553 566 1654 quadam
585 1554 774 1642 tolerantia,
790 1554 1003 1653 indulgentia
1028 1570 1130 1656 atqm
1154 1580 1285 1630 accom-

161 1670 354 1745 modatione
377 1668 481 1744 buius
505 1668 613 1744 divim
635 1669 838 1767 legislatoris
872 1671 976 1770 repeti
1003 1670 1128 1759 debet,
1154 1668 1284 1745 ratione

162 1782 279 1860 habita
303 1785 409 1859 durae
434 1782 560 1863 indolis
582 1784 730 1859 hebraici
745 1785 876 1886 populi,
895 1787 955 1886 qui
975 1788 1005 1860 si
1023 1786 1167 1861 retinere
1187 1786 1283 1861 odio-

160 1896 364 1976 sas'uxores
377 1915 513 1973 concors
531 1899 667 1987 luisset,
684 1899 783 1972 iaciie
794 1900 831 1972 in
853 1900 1040 1974 homicidia
1057 1900 1191 2000 aliaque
1216 1901 1285 1975 cri-

160 2017 253 2090 mina
281 2012 402 2116 lapsus
427 2015 561 2089 luisset.
583 2012 728 2101 Quidam
749 2015 942 2089 existiment
961 2015 1124 2117 populum
1149 2015 1284 2091 israeli·

160 2148 264 2207 noum
300 2133 387 2206 inter
407 2131 590 2233 Aegyptios
620 2147 880 2206 commorantem
911 2159 933 2207 a
961 2132 1135 2232 primaeva
1154 2158 1286 2207 morum

160 2248 380 2348 simplicitate
395 2247 602 2336 descivisse,
622 2246 823 2346 uxoresque¹
838 2273 920 2321 suas
940 2247 1025 2322 dure
1046 2274 1087 2322 ac
1110 2248 1286 2349 tyrannico

161 2379 307 2438 tractare
332 2362 564 2449 consuevisse,
584 2363 688 2435 immo
708 2376 742 2435 et
763 2386 823 2463 per
843 2361 940 2436 neias
957 2361 1139 2462 repudiare
1158 2361 1204 2436 ad
1230 2363 1283 2435 in·

160 2495 233 2554 star
245 2479 491 2580 aegyptiorum.
509 2476 722 2578 Quapropter
733 2478 845 2552 lloses
859 2476 1017 2566 indulsit,
1034 2493 1072 2551 ut
1084 2477 1175 2577 quod
1184 2477 1286 2577 'prius

161 2618 269 2695 penes
293 2594 386 2694 ipsos
410 2608 527 2667 contra
551 2593 606 2666 ius
630 2609 664 2666 et
688 2592 740 2691 ias
764 2590 977 2679 obtinuerat,
1000 2591 1161 2692 deinceps
1185 2590 1286 2689 legali

166 2711 317 2798 ratione,
335 2726 373 2782 ut
398 2709 446 2783 ita
474 2708 604 2795 dicam,
633 2708 746 2796 fieret,
775 2708 869 2807 gravi
904 2724 1016 2781 tamen
1045 2707 1287 2782 interveniente

162 2851 286 2913 eausa,
320 2850 386 2899 non
411 2840 522 2898 antem
547 2839 587 2897 ut
605 2838 704 2898 antea
723 2849 784 2924 pro
808 2822 960 2897 arbitrio.
989 2822 1040 2896 lta
1065 2822 1225 2922 quidem,
1253 2822 1285 2895 si

164 2930 382 3029 admittatur,
412 2939 503 3041 quod
532 2936 591 3012 elii
621 2953 763 3037 negant,
792 2938 841 3011 uti
867 2937 969 3039 paulo
998 2954 1076 3013 ante
1106 2937 1280 3025 diximus,

162 3072 243 3130 aute
264 3056 415 3155 lloysem
440 3071 511 3128 tum
537 3052 627 3155 apud
654 3053 819 3128 hebraeos
842 3069 915 3127 tum
940 3053 1030 3154 apud
1056 3052 1142 3129 alias
1167 3068 1285 3151 gentes

164 3171 345 3273 repudium
370 3167 571 3245 obtinuisse.

235 3286 356 3359 Verum
374 3285 543 3388 quidquid
560 3285 604 3359 de
620 3284 685 3361 boc
703 3286 758 3373 sit,
780 3286 872 3386 quod
890 3303 980 3361 certo
997 3284 1131 3360 definiri
1150 3285 1280 3384 nequit,

161 3402 263 3478 talem
276 3402 380 3476 huius
392 3401 513 3501 legalis
527 3401 763 3501 permissionis
779 3401 926 3476 indolem
940 3428 981 3476 ac
994 3401 1149 3501 spiritum
1164 3399 1282 3484 luisse,

160 3517 216 3593 vel
234 3517 321 3618 ipsis
344 3515 502 3590 hebraeis
527 3541 726 3616 persuasum
753 3515 833 3605 luit,
854 3533 892 3589 ut
909 3530 999 3617 patet
1015 3540 1055 3589 ex
1080 3514 1179 3587 lacto.
1200 3514 1285 3586 Nam

162 3660 276 3734 usque
299 3633 342 3708 ad
364 3631 590 3733 captiuitatem
616 3630 854 3731 babylonicam
882 3631 1013 3705 nullum
1041 3628 1177 3729 penitus
1204 3654 1286 3729 sup-

160 3749 249 3851 petit
267 3747 458 3850 eremplum
480 3746 524 3820 de
551 3746 631 3821 dato
650 3745 763 3819 libello
789 3745 942 3846 repudii,
960 3744 1116 3845 quamvis
1144 3742 1286 3845 polyga-

160 3864 231 3939 mis
248 3865 378 3965 passim
397 3863 489 3964 apud
506 3864 599 3937 hune
617 3862 778 3964 populum
796 3862 961 3936 obtineret
980 3864 1069 3958 (96).
1088 3859 1283 3947 Quinimmo

159 4006 225 4054 nec
250 3981 327 4082 ipso
345 3979 549 4080 captivitatis
565 3977 789 4079 babylonicae
804 3993 955 4079 tempore
972 3994 1063 4051 certo
1082 3991 1214 4052 constat
1230 4003 1283 4050 re-

229 4148 282 4214 (ss)
298 4149 337 4201 ci.
348 4150 438 4200 brach.
454 4162 495 4214 op.
506 4149 549 4199 cit.
560 4151 603 4199 Du
618 4146 725 4199 dtcorcc
742 4146 810 4198 dans
833 4147 861 4198 lu
877 4158 1034 4212 muscoque,
1046 4158 1102 4210 pag.
1112 4150 1143 4199 te
1164 4158 1217 4209 seq.
1227 4146 1283 4197 Iton

158 4231 291 4296 propterea
311 4230 407 4281 inficias
429 4229 471 4280 ibo
493 4229 545 4280 deri
569 4230 673 4280 [ortam
693 4229 811 4293 potuisse,
832 4229 860 4279 ut
874 4227 998 4278 interdurn
1014 4226 1149 4277 disortium
1168 4226 1195 4275 in
1215 4226 1285 4276 tauta

157 4311 316 4362 maiorm
335 4309 517 4375 intercapedine
531 4309 613 4360 locum
635 4308 785 4372 obtinuerit,
806 4309 882 4373 prout
901 4308 1011 4358 innmtur
1024 4307 1056 4357 is.
1077 4307 1245 4358 boetiorum
1258 4310 1281 4356 t.

158 4392 245 4443 Unum
264 4388 329 4441 iliud
341 4390 495 4455 exploratum
508 4392 547 4443 est
565 4389 687 4441 eiusmodi
698 4388 811 4452 exempl·
827 4389 871 4439 snt
888 4399 1023 4451 numquam
1037 4388 1081 4437 aut
1098 4386 1222 4437 rarissime
1239 4396 1283 4449 per

157 4468 186 4521 id
205 4469 325 4533 temporis
340 4482 477 4521 occanere.
496 4469 535 4520 ct.
553 4469 685 4521 seldenum
703 4471 775 4520 Uxor
790 4466 905 4519 λιῠιαω
919 4465 964 4517 lib.
983 4468 1028 4516 111.
1042 4478 1097 4530 esp.
1113 4472 1150 4517 ts.
1187 4542 1208 4585 p
