3234 5084
319 422 387 492 tot
476 444 537 494 ur.
557 444 605 493 ru.
626 440 712 493 secr.
734 444 757 492 r.
779 442 819 492 nr
844 440 938 492 stra.
960 440 1081 521 curur.
1102 436 1247 491 onrrtrs.

318 551 429 649 gamin
454 552 655 649 generatim,
684 566 722 624 ut
744 564 875 624 constat
900 576 939 622 ex
957 547 1033 621 aliis
1055 548 1205 620 eiusdem
1227 541 1431 620 testimoniis

316 692 404 767 quae
422 667 577 766 superius
595 664 856 763 descripsimus,
886 690 926 737 eo
948 664 1000 737 vel
1021 664 1130 760 magis
1155 661 1245 761 quod
1274 687 1340 735 non
1362 659 1430 733 dil-

316 779 448 854 fiteatur
458 779 577 877 viginti
593 777 680 853 duos
694 778 839 878 priores,
859 777 985 878 quibus
1004 776 1088 849 haec
1105 774 1225 848 mulier
1241 791 1425 874 nupserat,

316 894 423 969 luisse
445 895 597 968 maritos.

389 1008 432 1080 Et
454 1007 539 1080 haec
562 1007 605 1080 de
629 1005 845 1106 Hieronymo.
877 1005 974 1093 Quod
996 1031 1075 1079 vero
1097 1017 1225 1103 spectat
1239 1002 1282 1076 ad
1300 1028 1331 1074 s.
1353 1000 1431 1074 Ful-

317 1120 466 1219 gentinm
491 1120 617 1194 nullam
644 1120 781 1194 lacessit
804 1119 1035 1193 difficultatem
1059 1117 1150 1219 quod
1169 1117 1203 1189 in
1222 1114 1380 1191 secundis
1397 1132 1430 1188 et

317 1235 423 1309 tertiis
447 1235 574 1334 nuptiis
601 1235 788 1308 constiterit
805 1261 914 1334 neque
931 1232 1070 1307 ulterius
1092 1233 1190 1305 luerit
1216 1257 1427 1331 progressus.

317 1350 400 1424 Nam
418 1376 484 1424 non
502 1349 537 1422 in
559 1376 663 1424 sensu
679 1375 778 1449 quem
795 1366 915 1423 vocant
930 1348 1100 1422 exclusivo
1117 1373 1157 1421 ea
1179 1346 1335 1445 scripsit,
1358 1372 1431 1446 per-
1509 1419 1513 1427 ,

318 1463 396 1537 inde
421 1490 461 1538 ao
486 1465 517 1539 si
542 1464 716 1539 ulteriores
746 1464 883 1563 nuptias
911 1463 1097 1548 abiecerit,
1139 1461 1198 1535 sed
1229 1460 1305 1534 ideo
1339 1460 1433 1534 stetit

318 1579 352 1650 in
378 1580 486 1652 tertiis
511 1579 657 1677 nuptiis,
685 1578 774 1677 quod
800 1595 837 1652 ut
862 1578 1043 1677 plurimum
1068 1578 1102 1649 in
1123 1577 1174 1650 eis
1199 1575 1355 1651 homines
1383 1576 1432 1649 si·

318 1710 406 1767 stare
423 1692 564 1767 soleant.
587 1691 677 1764 Nihil
694 1693 852 1792 estquod
873 1718 934 1767 nos
955 1710 1051 1790 cogat
1072 1691 1138 1765 alio
1156 1691 1189 1763 in
1208 1716 1312 1764 sensu
1328 1689 1432 1763 verba

317 1807 392 1881 eius
418 1807 592 1905 accipere,
620 1833 708 1906 quae
741 1808 789 1880 ita
814 1834 852 1880 se
876 1807 1024 1881 habent:
1057 1806 1295 1879 «Firmissime
1325 1823 1425 1890 tene,

318 1938 351 1995 et
367 1921 560 1995 nullatenus
579 1920 738 1995 dubites.
760 1979 767 1993 .
789 1980 795 1992 .
817 1922 983 2020 ,Nuptias
1003 1947 1137 2021 quoque
1155 1921 1317 1993 divinitus
1334 1919 1430 1992 insti-

319 2052 408 2109 tutas
428 2053 461 2109 et
483 2035 701 2110 benedictas.
724 2095 731 2107 .
753 2095 760 2108 .
781 2096 787 2108 .
812 2038 879 2109 Nec
904 2036 995 2110 solas
1021 2037 1147 2133 primas
1165 2035 1301 2133 nuptias
1324 2034 1432 2107 allec

317 2150 509 2223 institutas:
531 2149 591 2223 sed
612 2150 712 2224 etiam
733 2151 901 2224 secundas
922 2166 956 2224 et
977 2151 1109 2236 tertias,
1135 2176 1196 2250 pro
1214 2174 1349 2233 eorum,
1371 2149 1431 2247 qui

317 2289 355 2337 se
378 2263 549 2337 continere
574 2290 641 2336 non
669 2282 835 2363 possunt,
870 2265 1063 2338 infirmitate
1087 2289 1312 2338 concessas.»
1343 2264 1433 2335 Sane

317 2404 347 2451 s.
371 2377 566 2476 Fulgentius
590 2378 717 2478 ubique
739 2379 942 2453 fidissimum
964 2405 993 2452 s.
1017 2378 1194 2476 Augustini
1220 2375 1429 2476 discipulum

316 2519 355 2568 se
378 2493 568 2592 profitetur;
596 2520 673 2568 cum
698 2510 810 2568 autem
834 2520 864 2567 s.
893 2494 1100 2591 Augustinus
1124 2512 1158 2567 et
1182 2493 1298 2566 tertias
1323 2509 1357 2565 et
1378 2492 1431 2564 ul·

318 2609 453 2684 teniores
466 2609 656 2708 probaverit
674 2610 811 2708 nuptias
831 2627 990 2709 tanquam
1009 2609 1136 2696 licitas,
1158 2634 1226 2682 non
1244 2607 1312 2682 alio
1329 2632 1434 2680 sensu

316 2724 463 2798 enarrari
487 2724 587 2797 debet
612 2752 641 2797 s.
665 2723 871 2820 Fulgentius.

389 2838 560 2912 Herardns
578 2839 854 2937 archiepiscopus
880 2839 1070 2912 turonensis
1087 2839 1199 2911 varios
1217 2861 1363 2911 canones
1383 2835 1435 2906 di-

318 2951 517 3050 sciplinares
541 2953 675 3049 collegit
699 2978 785 3050 quos
811 2951 972 3025 ecclesiae
998 2978 1081 3026 suae
1100 2952 1284 3026 servandos
1312 2975 1435 3048 propo-

319 3065 388 3139 suit
412 3066 622 3166 sancivitque
652 3067 686 3136 in
718 3065 860 3139 concilio
884 3092 905 3138 a
930 3092 968 3139 se
993 3065 1170 3140 celebrato.
1207 3066 1279 3138 Non
1306 3063 1435 3137 indicat

317 3205 396 3253 vero
418 3179 526 3254 fontes
552 3180 641 3254 unde
666 3206 725 3255 eos
754 3181 960 3267 adsciverit;
990 3180 1073 3253 lorte
1099 3180 1189 3253 hunc
1218 3179 1261 3251 de
1284 3203 1352 3277 quo
1382 3193 1435 3251 est

318 3321 448 3382 sermo,
471 3322 512 3368 ex
538 3294 653 3394 aliquo
678 3312 814 3368 auctore
839 3321 958 3393 graeco
984 3294 1153 3393 decerpsit
1178 3293 1353 3391 trigamiae
1374 3293 1436 3366 ad·

318 3435 430 3484 verso.
452 3410 632 3482 lutetiam
651 3409 809 3481 adulterii
824 3434 937 3483 vocem
956 3407 1065 3482 latiori
1085 3408 1328 3506 significatione
1339 3433 1438 3480 usur-

319 3525 410 3623 pavit
436 3541 473 3598 ut
489 3523 610 3597 viduos
630 3524 738 3621 magis
757 3550 777 3597 a
795 3524 1028 3597 consectandis
1046 3523 1153 3596 tertiis
1171 3539 1203 3596 et
1219 3520 1436 3594 ulterioribus

320 3639 447 3738 nuptiis
467 3639 648 3712 deterreret
674 3640 791 3712 eadem
820 3639 1040 3738 rationeque
1066 3638 1233 3734 sogessit
1258 3664 1286 3710 s.
1316 3636 1436 3709 Hiero·

319 3760 452 3854 aymus.
478 3752 575 3839 Quod
600 3754 701 3827 etiam
733 3754 877 3827 coniicio
901 3780 941 3826 er
967 3753 1010 3824 iis
1037 3779 1124 3852 quae
1142 3750 1318 3825 constituit
1343 3749 1434 3824 idem

318 3868 490 3943 Herardus
508 3895 582 3942 can.
604 3868 686 3940 llll.
711 3867 949 3966 «Quicumque
975 3866 1111 3940 viduam
1129 3866 1216 3939 inlra
1232 3866 1332 3939 XXX.
1361 3865 1438 3937 dies

318 3980 496 4056 viduitatis
523 3983 661 4057 insitam
687 3982 739 4056 vel
764 3981 929 4054 volentem
956 3981 1147 4080 acceperit,
1173 3980 1260 4052 ultra
1276 4005 1349 4052 sam
1369 4005 1438 4053 non

320 4096 487 4195 attingat:
510 4117 543 4171 et
560 4097 717 4170 adulterii
736 4122 861 4197 poenas
879 4093 947 4169 luet
968 4096 1126 4191 (lot),»
1149 4121 1227 4167 nam
1245 4095 1274 4167 si
1298 4094 1342 4167 de
1358 4119 1439 4168 vero

319 4210 498 4308 coniugio,
527 4228 565 4285 ut
588 4211 738 4297 videtur,
767 4211 832 4283 hoc
858 4211 893 4282 in
919 4235 1047 4285 canone
1070 4210 1201 4307 agitur,
1230 4234 1297 4282 non
1323 4223 1436 4308 potest

397 4388 463 4448 (rot)
480 4386 549 4450 ipso
565 4385 640 4437 naon.
658 4386 705 4436 tor.
718 4386 759 4436 ar.
775 4386 823 4436 ωι.
839 4392 894 4437 oso.
