3234 5084
340 388 385 459 at
506 411 568 458 nro.
590 408 637 458 ιιι.
658 409 744 458 stou.
766 409 789 458 ι.
810 409 851 458 ιι
868 408 1101 458 neumausi.
1121 409 1267 459 narrant.

753 585 960 643 ARTlCULUS
979 584 1030 640 lli.

341 732 512 812 Polyguusia
532 729 706 790 simultatm
727 731 788 789 inre
804 727 905 787 diuino
923 729 1048 804 positivo
1068 735 1135 788 ante
1147 727 1337 805 Evangeitum
1357 729 1443 791 abso·

412 830 471 889 tute
491 830 581 888 veilta
602 843 660 886 non
685 841 769 903 posse
791 825 849 884 dlol
874 824 1010 901 videtur,
1041 841 1094 884 nee
1128 825 1249 901 pminde
1277 829 1440 885 necessaria

410 924 511 985 dlvlna
528 923 720 1000 dispensatio,
739 927 773 983 ut
793 928 923 982 veterum
941 920 1107 999 polygamla
1119 936 1137 980 a
1148 923 1268 981 crimine
1281 928 1382 982 eontra
1397 924 1444 982 lus

410 1022 542 1082 naturaie
562 1020 607 1081 vel
625 1019 758 1080 ditinum
776 1017 961 1079 defendatur.

408 1177 555 1251 inficiari
571 1202 638 1251 uon
656 1200 837 1274 possumus
856 1171 1094 1274 polygamiam,
1115 1199 1202 1272 quae
1215 1172 1361 1248 obtinuit
1379 1177 1444 1275 pri-

334 1293 460 1369 maevis
486 1291 711 1391 temporibus,
732 1288 855 1364 deinde
871 1314 949 1362 uero
967 1286 1032 1361 sub
1049 1286 1123 1385 loge
1139 1289 1307 1376 mosaica,
1329 1290 1444 1362 minus

333 1407 439 1482 luisse
451 1406 654 1482 conformem
667 1404 802 1480 diuinae
815 1401 1017 1476 matrimonii
1032 1401 1246 1489 institutioni,
1256 1403 1444 1504 quinimmo

332 1521 376 1597 ab
392 1549 433 1595 ea
454 1520 664 1607 declinasse3
693 1534 763 1592 tum
788 1518 889 1592 etiam
916 1542 982 1591 non
1008 1517 1192 1617 quamlibet
1217 1518 1443 1619 polygamiam

333 1637 439 1713 luisse
469 1636 694 1737 permissam,
735 1633 796 1708 sed
825 1659 898 1707 eam
927 1633 1065 1721 solam,
1104 1659 1190 1733 quae
1220 1633 1307 1707 intra
1336 1650 1445 1708 curtos

333 1753 437 1841 fines,
457 1779 498 1826 ao
514 1750 719 1851 quibusdam
739 1748 803 1823 sub
828 1749 1078 1823 conditionibus
1100 1749 1251 1823 iniretur.
1273 1749 1312 1822 td
1331 1750 1441 1825 solum

331 1867 475 1941 didimus
488 1862 906 1964 nullemexpresselegem
919 1864 1141 1938 ulleodatum
1154 1864 1259 1939 inisse
1272 1865 1441 1966 quapoly-

328 1982 440 2080 gamin
459 1994 638 2067 rotaretur,
651 1980 697 2052 ita
710 1995 748 2053 ut
760 1976 853 2051 nullo
874 1978 909 2051 in
929 2003 1010 2053 casu
1029 1978 1158 2078 absque
1174 1979 1289 2053 diuina
1307 1979 1442 2080 dispen-

330 2096 459 2169 satione
484 2095 575 2169 lioita
600 2094 718 2181 fuerit,
744 2119 784 2167 ao
812 2093 860 2167 rei
889 2092 1030 2167 violatae
1055 2093 1141 2191 legis
1165 2094 1298 2197 divinae
1322 2095 1440 2169 extite-

331 2211 397 2283 rint
412 2226 576 2309 quotquot
599 2208 692 2281 illam
718 2209 1023 2309 frequentaverunt.

401 2326 492 2399 Haeo
513 2324 676 2411 assertio,
697 2340 734 2398 ut
750 2339 859 2423 patet,
880 2349 970 2399 mere
994 2326 1109 2397 critico
1123 2340 1205 2412 est,
1233 2342 1334 2425 atque
1359 2351 1439 2427 spe-

328 2439 491 2529 culativa,
512 2466 600 2540 quae
620 2438 748 2513 nullum
774 2438 885 2513 locum
911 2455 988 2538 post
1012 2439 1238 2537 evangelicam
1255 2438 1381 2538 legem,
1402 2458 1440 2514 ut

327 2556 487 2655 deinceps
519 2554 759 2639 ostendemus,
789 2553 914 2628 habere
939 2570 1068 2655 potest;
1097 2572 1199 2655 atque
1223 2556 1438 2656 potissimum

326 2696 366 2745 eo
391 2684 539 2770 spectat,
567 2684 605 2742 ut
628 2668 774 2742 validius
801 2667 973 2742 refellatur
996 2669 1176 2755 Calvinus,
1204 2670 1346 2769 eiusque
1371 2670 1436 2744 bac

326 2785 362 2855 in
381 2811 417 2857 re
437 2782 569 2857 assecla
593 2798 626 2856 et
650 2784 877 2882 patrocinator
902 2782 1060 2883 baylius,
1089 2785 1147 2884 qni
1172 2784 1297 2858 vellent
1321 2786 1437 2858 tradu-

325 2897 633 2996 compatriarchae
658 2923 732 2971 reos
757 2896 873 2971 violati
900 2924 966 2971 non
998 2898 1111 2972 minus
1142 2899 1303 2974 naturalis
1332 2927 1434 3000 quam

398 3124 580 3225 Loquimur
603 3151 702 3226 porro
727 3125 769 3199 de
796 3126 870 3224 lega
895 3152 1065 3226 expresso,
1087 3152 1174 3226 quae
1194 3127 1273 3201 data
1293 3128 1435 3228 positive

324 3239 432 3314 aDeo
449 3238 547 3313 fuerit
563 3240 606 3313 ad
623 3239 801 3313 notandam
828 3239 1053 3340 polygamiam
1081 3239 1333 3329 simultaneam;
1355 3269 1434 3316 nem

324 3379 420 3428 nemo
438 3353 569 3427 inficias
586 3351 663 3440 ibit,
681 3379 813 3453 nosque
829 3353 968 3453 saepius
985 3354 1234 3443 adstruximus,
1255 3355 1429 3455 implicite,

323 3486 360 3545 ut
382 3471 496 3558 aiunt,
524 3496 599 3544 eam
625 3468 731 3569 legem
756 3470 922 3545 eontineri
949 3470 983 3543 in
1009 3471 1085 3570 ipsa
1109 3471 1294 3569 originaria
1318 3472 1434 3547 matri-

323 3586 425 3659 monii
454 3585 686 3672 institutione,
715 3610 803 3686 quae
834 3586 989 3685 praebuit
1022 3586 1273 3660 fundamentum
1299 3587 1433 3663 christo

321 3700 479 3787 Domino,
495 3715 533 3773 ut
545 3700 792 3774 matrimonium
807 3702 850 3774 ad
865 3700 1110 3799 monogamiam
1129 3719 1312 3788 revocaret,
1333 3719 1432 3801 prout

322 3814 490 3912 primitiva
514 3815 717 3889 matrimonii
743 3815 909 3891 institutio
935 3815 1140 3914 postulabat.

393 3926 495 4000 Hisce
518 3928 565 4001 ita
589 3927 796 4026 explanatis,
825 3929 1050 4029 polygamiam
1072 3930 1159 4003 intra
1183 3947 1291 4006 certos
1317 3933 1425 4019 fines,

321 4040 411 4113 iuxta
436 4040 596 4128 dicenda,
625 4041 739 4116 divino
764 4042 910 4142 positivo
935 4044 1007 4117 iuro
1033 4043 1219 4143 antiquitus
1237 4072 1303 4118 uon
1321 4045 1427 4121 luisse

390 4255 441 4318 (te)
455 4255 574 4306 caltinus
588 4257 635 4307 loe.
646 4258 688 4308 eit.
701 4258 773 4321 &yle
787 4260 1041 4323 matronarumque
1054 4258 1183 4309 etltietor.
1196 4263 1241 4309 art.
1257 4266 1324 4309 soro
1342 4263 1392 4312 aot.
1406 4263 1423 4310 Ι.

321 4334 381 4384 item
401 4333 427 4383 iu
446 4337 493 4387 att.
506 4337 585 4398 iper.
