3234 5084
299 422 367 492 294
430 443 491 492 un.
507 439 554 491 nr.
572 442 657 492 seer.
675 442 804 492 nnrnan.
824 443 863 491 nn
881 441 991 492 rantes.
1009 441 1103 492 unrn.
1121 442 1244 492 cnnrsr.

298 562 457 648 mittitur,
481 558 583 660 idque
608 559 651 633 ob
677 559 835 633 incertam
861 585 956 659 spem
982 559 1077 634 illum
1103 558 1330 634 convertendi.
1359 562 1420 634 ui-

299 676 440 749 cendum
468 675 599 773 itaque:
629 675 802 759 mulierem
828 675 862 746 in
888 700 970 749 casu
996 673 1152 748 adrdterii
1179 674 1318 763 mariti,
1352 703 1418 751 non

301 789 372 860 fieri
390 788 594 869 adulteram,
620 789 649 861 si
675 815 712 863 se
733 805 886 886 separet,
908 789 968 862 sed
987 803 1068 862 tunc
1086 788 1253 887 primum,
1274 790 1304 861 si
1323 790 1419 864 alteri

300 903 414 976 nubit:
438 904 546 976 virum
566 920 677 977 autem
697 903 888 978 adulterum
909 904 1050 1000 dignum
1073 928 1150 977 esse
1171 919 1208 976 ut
1229 904 1350 977 mulier
1366 906 1420 977 in·

301 1044 424 1091 nocens
442 1018 490 1090 iili
510 1019 678 1093 condonet
699 1018 853 1118 culpam,
881 1034 913 1091 et
937 1018 968 1090 ei
996 1017 1250 1104 reconcilietur;
1272 1036 1305 1093 et
1322 1019 1351 1091 si
1369 1018 1421 1093 sie

300 1134 423 1207 donata
447 1133 599 1208 adultero
622 1134 738 1218 uenia,
769 1134 889 1206 iterum
914 1131 963 1204 illi
987 1131 1176 1216 cohabitet,
1197 1158 1264 1205 non
1281 1149 1333 1206 est
1349 1133 1419 1207 euf-

302 1247 433 1345 panda;
463 1274 524 1321 nee
549 1265 720 1347 tamquam
748 1246 899 1320 adultera
924 1245 1092 1319 habenda.
1121 1246 1156 1317 Si
1178 1271 1257 1319 uero
1273 1246 1419 1320 viruxc

302 1390 371 1436 rem
397 1365 551 1451 deserat,
580 1364 681 1437 etad
708 1363 809 1436 aliam
834 1361 993 1448 accedat,
1021 1387 1096 1435 cum
1124 1362 1216 1460 paris
1236 1362 1281 1435 sit
1304 1363 1419 1435 eondi-

302 1479 402 1551 tronis
427 1505 503 1552 cum
525 1506 627 1552 uxore
644 1506 684 1551 ex
707 1479 872 1552 sententia
890 1477 1040 1562 Christi,
1061 1493 1094 1550 et
1110 1478 1185 1576 ipse
1200 1476 1331 1550 adulter
1347 1495 1415 1562 est,

302 1596 383 1692 quia
410 1594 577 1667 faciteam
600 1593 739 1667 alteram
758 1619 872 1666 secum
891 1592 1087 1678 moechari,
1108 1607 1141 1665 et
1157 1617 1197 1665 ea
1214 1591 1320 1665 altera
1335 1616 1419 1691 quo-

301 1736 367 1809 que
392 1710 456 1783 erit
479 1710 650 1796 adultera,
677 1735 766 1809 quae
789 1709 937 1782 alianum
963 1709 1074 1781 uirum
1101 1708 1144 1780 ad
1172 1733 1210 1780 se
1234 1708 1392 1782 traducite

375 1825 470 1898 Hanc
495 1824 746 1925 paraphrasim,
775 1823 989 1924 prosequitur
1014 1822 1071 1895 hic
1094 1837 1233 1908 auctor,
1263 1848 1332 1896 non
1357 1847 1418 1920 ap-

301 1940 518 2039 probantem,
548 1940 608 2013 sed
626 1939 861 2038 reprobantem
884 1939 1051 2012 secundas
1069 1963 1172 2010 eausa
1190 1936 1345 2011 adulterii
1365 1962 1420 2010 se·
1532 2015 1535 2019 A

303 2069 493 2152 paratorum
515 2055 696 2151 coniugum
720 2054 876 2154 nuptiae,
898 2051 1001 2126 menti
1020 2052 1057 2124 d.
1079 2051 1196 2125 Basilii
1215 2051 1419 2125 conformem

302 2197 379 2242 esse
404 2169 545 2243 ostende
569 2196 609 2243 ex
635 2170 711 2268 ipso
738 2170 866 2266 integro
891 2184 981 2242 textu
1004 2167 1148 2241 fideliter
1167 2166 1339 2252 traducto,
1359 2165 1419 2264 qui

303 2284 353 2356 sic
366 2283 486 2358 habet:
507 2285 662 2359 «Domini
676 2285 864 2370 sententia,
881 2283 1000 2358 saltem
1014 2282 1057 2356 ob
1071 2283 1245 2382 paritatem
1257 2281 1416 2365 rationis,

303 2427 410 2499 aeque
430 2402 585 2475 conuenit
608 2402 692 2476 viris
718 2427 759 2474 ae
784 2399 960 2488 foeminis,
983 2426 1102 2498 nempe
1128 2424 1195 2472 non
1222 2398 1322 2471 ficere
1347 2421 1419 2470 ma·

304 2516 524 2590 trimenialem
551 2516 820 2615 separationem,
857 2515 922 2588 nisi
947 2514 990 2588 ob
1010 2540 1147 2588 causam
1172 2511 1416 2587 fornicationis.

303 2632 535 2706 Verumtamen
553 2632 761 2707 consuetudo
779 2657 845 2703 non
860 2630 910 2703 sie
927 2629 1046 2716 habet,
1068 2656 1145 2703 nam
1159 2628 1202 2703 de
1221 2626 1420 2700 mulieribus

303 2748 442 2821 multam
472 2749 713 2822 sententiarum
745 2746 1005 2820 exactitudinem
1040 2746 1254 2831 invenimus,
1288 2744 1420 2817 dicente

304 2863 483 2962 Apostofo:
512 2867 573 2961 qui
592 2864 775 2936 adbaeserit
799 2863 951 2946 mulieri,
979 2865 1018 2961 fit
1040 2888 1141 2934 unum
1166 2886 1302 2959 eorpus:
1321 2876 1354 2933 et
1374 2861 1421 2932 fe

304 2978 426 3050 remia:
446 2981 487 3049 Sr'
508 2980 610 3076 suerit
634 2980 752 3050 mulier
776 3004 850 3050 cum
874 2979 941 3050 ulio
966 2981 1056 3062 uiro,
1089 3004 1152 3049 non
1176 2991 1352 3049 revertetur
1376 2975 1421 3046 ed

303 3094 412 3162 uirum
435 3119 550 3177 snum,
579 3094 636 3166 sed
648 3094 778 3191 poffuta
798 3093 986 3192 polluetur,
1014 3109 1047 3165 et
1072 3119 1210 3166 rursus:
1242 3092 1421 3178 onitate

304 3205 487 3278 adulteram
499 3208 620 3280 stultus
639 3223 686 3279 est
704 3223 735 3280 et
755 3210 888 3306 impius.
909 3209 935 3280 E
956 3224 1071 3281 contra
1092 3208 1299 3281 consuetudo
1315 3206 1418 3278 etiam
1468 3227 1479 3246 ·

303 3322 393 3396 viros
411 3322 580 3396 adulteros
605 3340 638 3396 ct
663 3324 696 3394 in
716 3323 934 3397 fornicatione
948 3323 1130 3396 existentes
1151 3323 1241 3396 iubet
1261 3320 1412 3394 amulie

305 3438 398 3511 ribus
424 3439 573 3511 retineri.
602 3438 718 3536 ltaque
742 3443 795 3534 (ut
818 3439 1038 3538 respondeam
1061 3440 1102 3511 ad
1122 3438 1331 3538 quaesitum)
1353 3461 1419 3509 non

301 3553 398 3625 uiden
416 3553 584 3651 quomodo
599 3552 720 3626 mulier
737 3554 810 3626 uiro
830 3557 929 3649 (suo)
946 3552 1089 3627 dimisso
1111 3558 1233 3649 (causa
1245 3550 1417 3635 adulterii,

304 3668 481 3767 eidemque
506 3667 719 3741 reconciliata
740 3667 895 3761 denuo,)
924 3668 1121 3741 cohabitans
1142 3667 1248 3767 possit
1269 3664 1421 3738 adultera

305 3784 475 3882 reputari:
502 3810 578 3855 nam
603 3798 743 3855 eatenus
768 3783 895 3855 crimen
919 3783 1110 3878 (adulterii)
1139 3782 1311 3855 mulierem
1339 3805 1422 3852 sea

303 3898 375 3970 viro
400 3914 610 3996 separantem
632 3895 742 3970 solum
759 3898 912 3994 attingit,
930 3915 1098 3997 quatenus
1118 3923 1155 3970 se
1173 3896 1273 3970 habet
1290 3920 1416 3980 causa,

303 4012 347 4087 ob
370 4040 472 4112 quam
499 4039 536 4087 se
558 4029 692 4112 separat
710 4039 730 4084 a
751 4012 928 4109 coniugio:
958 4039 1035 4085 nam
1062 4015 1091 4085 si
1119 4013 1213 4099 ideo,
1235 4011 1324 4110 quod
1344 4035 1422 4110 per-

304 4129 467 4215 cutiatur,
496 4143 529 4201 et
554 4126 672 4226 plagas
698 4152 764 4199 non
789 4127 875 4200 ferat
903 4132 961 4221 (se
987 4144 1137 4228 separet,
1167 4129 1204 4201 fit
1222 4126 1417 4219 adultera),

218 4335 220 4340 Δ
306 4244 451 4342 perferre
477 4244 586 4340 magis
611 4243 774 4342 oportuit,
803 4268 906 4341 quam
928 4245 1077 4343 separari
1102 4270 1122 4316 a
1147 4245 1300 4340 coniuge.
1323 4241 1421 4327 Quod

306 4359 334 4432 si
358 4387 424 4460 non
452 4360 535 4433 ferat
559 4359 794 4433 detrimentum
818 4358 981 4434 bonorum
1007 4364 1114 4460 (quae
1137 4360 1276 4432 maritus
1298 4357 1422 4456 dilapi-
