<?xml version="1.0" encoding="UTF-8"?>
<!DOCTYPE html PUBLIC "-//W3C//DTD XHTML 1.0 Transitional//EN"
    "http://www.w3.org/TR/xhtml1/DTD/xhtml1-transitional.dtd">
<html xmlns="http://www.w3.org/1999/xhtml" xml:lang="en" lang="en">
 <head>
  <title>
</title>
<meta http-equiv="Content-Type" content="text/html;charset=utf-8" />
  <meta name='ocr-system' content='tesseract 3.04.00' />
  <meta name='ocr-capabilities' content='ocr_page ocr_carea ocr_par ocr_line ocrx_word'/>
</head>
<body>
  <div class='ocr_page' id='page_1' title='image "./dematrimoniochr03perrgoog_0469.png"; bbox 0 0 3234 5084; ppageno 0'>
   <div class='ocr_carea' id='block_1_1' title="bbox 298 452 1294 536">
    <p class='ocr_par' dir='ltr' id='par_1_1' title="bbox 298 452 1294 536">
     <span class='ocr_line' id='line_1_1' title="bbox 298 452 1294 536; baseline -0.002 -9"><span class='ocrx_word' id='word_1_1' title='bbox 298 476 367 527; x_wconf 77' lang='lat' dir='ltr'><strong>aar.</strong></span> <span class='ocrx_word' id='word_1_2' title='bbox 380 473 425 524; x_wconf 85' lang='lat' dir='ltr'><strong>rr.</strong></span> <span class='ocrx_word' id='word_1_3' title='bbox 439 472 479 524; x_wconf 84' lang='lat' dir='ltr'><strong>rr</strong></span> <span class='ocrx_word' id='word_1_4' title='bbox 496 470 863 536; x_wconf 84' lang='lat' dir='ltr'><strong>mss.rurn.mr1,uon</strong></span> <span class='ocrx_word' id='word_1_5' title='bbox 880 471 1043 525; x_wconf 82' lang='lat' dir='ltr'><strong>seusun.</strong></span> <span class='ocrx_word' id='word_1_6' title='bbox 1054 473 1125 524; x_wconf 79' lang='lat' dir='ltr'><strong>inu.</strong></span> <span class='ocrx_word' id='word_1_7' title='bbox 1139 473 1163 527; x_wconf 90' lang='lat' dir='ltr'><strong>r.</strong></span> <span class='ocrx_word' id='word_1_8' title='bbox 1225 452 1294 525; x_wconf 74' lang='lat' dir='ltr'><strong>tol</strong></span> 
     </span>
    </p>
   </div>
   <div class='ocr_carea' id='block_1_2' title="bbox 171 589 1324 4042">
    <p class='ocr_par' dir='ltr' id='par_1_2' title="bbox 171 589 1296 1844">
     <span class='ocr_line' id='line_1_2' title="bbox 176 589 1290 693; baseline -0.003 -23"><span class='ocrx_word' id='word_1_9' title='bbox 176 596 288 672; x_wconf 90' lang='lat' dir='ltr'><strong>monio</strong></span> <span class='ocrx_word' id='word_1_10' title='bbox 310 609 383 667; x_wconf 89' lang='lat' dir='ltr'><strong>rato</strong></span> <span class='ocrx_word' id='word_1_11' title='bbox 412 591 448 664; x_wconf 90' lang='lat' dir='ltr'><strong>in</strong></span> <span class='ocrx_word' id='word_1_12' title='bbox 479 590 535 664; x_wconf 88' lang='lat' dir='ltr'><strong>his</strong></span> <span class='ocrx_word' id='word_1_13' title='bbox 564 604 700 688; x_wconf 78' lang='lat' dir='ltr'><strong>agatur,</strong></span> <span class='ocrx_word' id='word_1_14' title='bbox 738 590 799 665; x_wconf 89' lang='lat' dir='ltr'><strong>sed</strong></span> <span class='ocrx_word' id='word_1_15' title='bbox 831 589 1117 693; x_wconf 91' lang='lat' dir='ltr'><strong>desponsalibus</strong></span> <span class='ocrx_word' id='word_1_16' title='bbox 1149 605 1290 666; x_wconf 88' lang='lat' dir='ltr'><strong>tantum.</strong></span> 
     </span>
     <span class='ocr_line' id='line_1_3' title="bbox 176 704 1296 806; baseline -0.003 -22"><span class='ocrx_word' id='word_1_17' title='bbox 176 711 339 799; x_wconf 81' lang='lat' dir='ltr'><strong>Quartum</strong></span> <span class='ocrx_word' id='word_1_18' title='bbox 360 705 550 805; x_wconf 86' lang='lat' dir='ltr'><strong>exemplum</strong></span> <span class='ocrx_word' id='word_1_19' title='bbox 573 705 711 780; x_wconf 74' lang='lat' dir='ltr'><strong>affamur</strong></span> <span class='ocrx_word' id='word_1_20' title='bbox 730 730 772 779; x_wconf 83' lang='lat' dir='ltr'><strong>en</strong></span> <span class='ocrx_word' id='word_1_21' title='bbox 788 731 819 780; x_wconf 89' lang='lat' dir='ltr'><strong>s.</strong></span> <span class='ocrx_word' id='word_1_22' title='bbox 836 704 1008 780; x_wconf 78' lang='lat' dir='ltr'><strong>leobardo</strong></span> <span class='ocrx_word' id='word_1_23' title='bbox 1023 706 1072 779; x_wconf 74' lang='lat' dir='ltr'><strong>&#39;de</strong></span> <span class='ocrx_word' id='word_1_24' title='bbox 1090 731 1158 806; x_wconf 92' lang='lat' dir='ltr'><strong>quo</strong></span> <span class='ocrx_word' id='word_1_25' title='bbox 1175 705 1296 780; x_wconf 90' lang='lat' dir='ltr'><strong>soribit</strong></span> 
     </span>
     <span class='ocr_line' id='line_1_4' title="bbox 175 820 1294 923; baseline -0.006 -21"><span class='ocrx_word' id='word_1_26' title='bbox 175 854 204 902; x_wconf 91' lang='lat' dir='ltr'><strong>s.</strong></span> <span class='ocrx_word' id='word_1_27' title='bbox 218 824 396 923; x_wconf 83' lang='lat' dir='ltr'><strong>Gregorius</strong></span> <span class='ocrx_word' id='word_1_28' title='bbox 411 824 614 898; x_wconf 88' lang='lat' dir='ltr'><strong>turonensis.</strong></span> <span class='ocrx_word' id='word_1_29' title='bbox 639 820 875 919; x_wconf 70' lang='lat' dir='ltr'><strong>«cogentibus</strong></span> <span class='ocrx_word' id='word_1_30' title='bbox 889 821 1086 920; x_wconf 88' lang='lat' dir='ltr'><strong>parentibus</strong></span> <span class='ocrx_word' id='word_1_31' title='bbox 1103 838 1142 895; x_wconf 98' lang='grc' dir='ltr'><strong>ιιι</strong></span> <span class='ocrx_word' id='word_1_32' title='bbox 1157 820 1294 895; x_wconf 87' lang='lat' dir='ltr'><strong>arrham</strong></span> 
     </span>
     <span class='ocr_line' id='line_1_5' title="bbox 174 936 1289 1043; baseline -0.006 -27"><span class='ocrx_word' id='word_1_33' title='bbox 174 941 331 1043; x_wconf 88' lang='lat' dir='ltr'><strong>puellae,</strong></span> <span class='ocrx_word' id='word_1_34' title='bbox 360 939 460 1039; x_wconf 85' lang='lat' dir='ltr'><strong>quasi</strong></span> <span class='ocrx_word' id='word_1_35' title='bbox 484 963 623 1013; x_wconf 83' lang='lat' dir='ltr'><strong>uxorem</strong></span> <span class='ocrx_word' id='word_1_36' title='bbox 647 953 867 1036; x_wconf 86' lang='lat' dir='ltr'><strong>accepturus,</strong></span> <span class='ocrx_word' id='word_1_37' title='bbox 896 936 993 1011; x_wconf 88' lang='lat' dir='ltr'><strong>daret</strong></span> <span class='ocrx_word' id='word_1_38' title='bbox 1009 936 1289 1036; x_wconf 66' lang='lat' dir='ltr'><strong>compeditum...</strong></span> 
     </span>
     <span class='ocr_line' id='line_1_6' title="bbox 173 1051 1295 1156; baseline -0.004 -25"><span class='ocrx_word' id='word_1_39' title='bbox 173 1057 266 1132; x_wconf 81' lang='lat' dir='ltr'><strong>llaec</strong></span> <span class='ocrx_word' id='word_1_40' title='bbox 283 1071 377 1156; x_wconf 90' lang='lat' dir='ltr'><strong>patre</strong></span> <span class='ocrx_word' id='word_1_41' title='bbox 398 1054 575 1154; x_wconf 80' lang='lat' dir='ltr'>loquente,</span> <span class='ocrx_word' id='word_1_42' title='bbox 596 1052 674 1126; x_wconf 92' lang='lat' dir='ltr'><strong>licet</strong></span> <span class='ocrx_word' id='word_1_43' title='bbox 690 1052 831 1127; x_wconf 86' lang='lat' dir='ltr'><strong>baberet</strong></span> <span class='ocrx_word' id='word_1_44' title='bbox 854 1052 957 1126; x_wconf 90' lang='lat' dir='ltr'><strong>alium</strong></span> <span class='ocrx_word' id='word_1_45' title='bbox 982 1052 1108 1140; x_wconf 88' lang='lat' dir='ltr'><strong>filium,</strong></span> <span class='ocrx_word' id='word_1_46' title='bbox 1128 1051 1228 1126; x_wconf 81' lang='lat' dir='ltr'><strong>facile</strong></span> <span class='ocrx_word' id='word_1_47' title='bbox 1244 1068 1295 1127; x_wconf 89' lang='lat' dir='ltr'><strong>ta·</strong></span> 
     </span>
     <span class='ocr_line' id='line_1_7' title="bbox 173 1167 1289 1268; baseline -0.007 -22"><span class='ocrx_word' id='word_1_48' title='bbox 173 1199 251 1246; x_wconf 89' lang='lat' dir='ltr'><strong>men</strong></span> <span class='ocrx_word' id='word_1_49' title='bbox 276 1171 336 1246; x_wconf 84' lang='lat' dir='ltr'><strong>tali</strong></span> <span class='ocrx_word' id='word_1_50' title='bbox 356 1169 520 1245; x_wconf 78' lang='lat' dir='ltr'><strong>aetatulae</strong></span> <span class='ocrx_word' id='word_1_51' title='bbox 546 1169 716 1268; x_wconf 74' lang='lat' dir='ltr'><strong>persuasit</strong></span> <span class='ocrx_word' id='word_1_52' title='bbox 739 1167 902 1242; x_wconf 80' lang='lat' dir='ltr'><strong>voluntati</strong></span> <span class='ocrx_word' id='word_1_53' title='bbox 931 1167 1088 1267; x_wconf 90' lang='lat' dir='ltr'><strong>propriae</strong></span> <span class='ocrx_word' id='word_1_54' title='bbox 1111 1167 1289 1241; x_wconf 88' lang='lat' dir='ltr'><strong>contraire.</strong></span> 
     </span>
     <span class='ocr_line' id='line_1_8' title="bbox 171 1281 1295 1387; baseline -0.004 -25"><span class='ocrx_word' id='word_1_55' title='bbox 171 1288 326 1387; x_wconf 84' lang='lat' dir='ltr'><strong>Denique</strong></span> <span class='ocrx_word' id='word_1_56' title='bbox 353 1286 433 1360; x_wconf 90' lang='lat' dir='ltr'><strong>dato</strong></span> <span class='ocrx_word' id='word_1_57' title='bbox 458 1309 606 1384; x_wconf 79' lang='lat' dir='ltr'><strong>sponsae</strong></span> <span class='ocrx_word' id='word_1_58' title='bbox 630 1282 756 1371; x_wconf 92' lang='lat' dir='ltr'><strong>anulo,</strong></span> <span class='ocrx_word' id='word_1_59' title='bbox 786 1283 929 1382; x_wconf 80' lang='lat' dir='ltr'><strong>porrigit</strong></span> <span class='ocrx_word' id='word_1_60' title='bbox 953 1282 1128 1369; x_wconf 87' lang='lat' dir='ltr'><strong>osculum,</strong></span> <span class='ocrx_word' id='word_1_61' title='bbox 1157 1281 1295 1382; x_wconf 86' lang='lat' dir='ltr'><strong>praebet</strong></span> 
     </span>
     <span class='ocr_line' id='line_1_9' title="bbox 173 1397 1289 1498; baseline -0.008 -19"><span class='ocrx_word' id='word_1_62' title='bbox 173 1404 455 1487; x_wconf 85' lang='lat' dir='ltr'><strong>calceamentum,</strong></span> <span class='ocrx_word' id='word_1_63' title='bbox 477 1399 623 1474; x_wconf 89' lang='lat' dir='ltr'><strong>celebrat</strong></span> <span class='ocrx_word' id='word_1_64' title='bbox 647 1397 842 1498; x_wconf 85' lang='lat' dir='ltr'><strong>sponsaliae</strong></span> <span class='ocrx_word' id='word_1_65' title='bbox 860 1398 951 1471; x_wconf 90' lang='lat' dir='ltr'><strong>diem</strong></span> <span class='ocrx_word' id='word_1_66' title='bbox 968 1397 1137 1472; x_wconf 84' lang='lat' dir='ltr'><strong>festum...</strong></span> <span class='ocrx_word' id='word_1_67' title='bbox 1150 1398 1289 1472; x_wconf 87' lang='lat' dir='ltr'><strong>Dens...</strong></span> 
     </span>
     <span class='ocr_line' id='line_1_10' title="bbox 172 1511 1293 1619; baseline -0.006 -25"><span class='ocrx_word' id='word_1_68' title='bbox 172 1518 357 1619; x_wconf 80' lang='lat' dir='ltr'><strong>compunxit</strong></span> <span class='ocrx_word' id='word_1_69' title='bbox 372 1542 431 1591; x_wconf 92' lang='lat' dir='ltr'><strong>cor</strong></span> <span class='ocrx_word' id='word_1_70' title='bbox 445 1515 540 1602; x_wconf 84' lang='lat' dir='ltr'><strong>eius,</strong></span> <span class='ocrx_word' id='word_1_71' title='bbox 557 1529 596 1588; x_wconf 91' lang='lat' dir='ltr'><strong>nt</strong></span> <span class='ocrx_word' id='word_1_72' title='bbox 618 1513 733 1588; x_wconf 82' lang='lat' dir='ltr'><strong>relicto</strong></span> <span class='ocrx_word' id='word_1_73' title='bbox 758 1512 873 1587; x_wconf 91' lang='lat' dir='ltr'><strong>seculo</strong></span> <span class='ocrx_word' id='word_1_74' title='bbox 892 1513 1143 1614; x_wconf 82' lang='lat' dir='ltr'><strong>manciparetur</strong></span> <span class='ocrx_word' id='word_1_75' title='bbox 1160 1512 1202 1586; x_wconf 86' lang='lat' dir='ltr'><strong>ad</strong></span> <span class='ocrx_word' id='word_1_76' title='bbox 1220 1511 1293 1587; x_wconf 85' lang='lat' dir='ltr'><strong>cul·</strong></span> 
     </span>
     <span class='ocr_line' id='line_1_11' title="bbox 174 1627 1295 1730; baseline -0.003 -23"><span class='ocrx_word' id='word_1_77' title='bbox 174 1649 246 1707; x_wconf 90' lang='lat' dir='ltr'><strong>tum</strong></span> <span class='ocrx_word' id='word_1_78' title='bbox 270 1631 423 1705; x_wconf 82' lang='lat' dir='ltr'><strong>divinum</strong></span> <span class='ocrx_word' id='word_1_79' title='bbox 455 1632 581 1727; x_wconf 75' lang='grc'>(20).»</span> <span class='ocrx_word' id='word_1_80' title='bbox 609 1627 671 1703; x_wconf 78' lang='lat' dir='ltr'><strong>Ast</strong></span> <span class='ocrx_word' id='word_1_81' title='bbox 694 1644 728 1701; x_wconf 92' lang='lat' dir='ltr'><strong>et</strong></span> <span class='ocrx_word' id='word_1_82' title='bbox 752 1627 817 1702; x_wconf 89' lang='lat' dir='ltr'><strong>hoe</strong></span> <span class='ocrx_word' id='word_1_83' title='bbox 841 1629 1030 1727; x_wconf 85' lang='lat' dir='ltr'><strong>exemplum</strong></span> <span class='ocrx_word' id='word_1_84' title='bbox 1056 1628 1172 1702; x_wconf 87' lang='lat' dir='ltr'><strong>relorri</strong></span> <span class='ocrx_word' id='word_1_85' title='bbox 1192 1654 1295 1730; x_wconf 86' lang='lat' dir='ltr'><strong>posse</strong></span> 
     </span>
     <span class='ocr_line' id='line_1_12' title="bbox 173 1743 1034 1844; baseline -0.007 -22"><span class='ocrx_word' id='word_1_86' title='bbox 173 1748 305 1822; x_wconf 80' lang='lat' dir='ltr'><strong>uidetur</strong></span> <span class='ocrx_word' id='word_1_87' title='bbox 328 1746 371 1820; x_wconf 89' lang='lat' dir='ltr'><strong>ad</strong></span> <span class='ocrx_word' id='word_1_88' title='bbox 396 1744 503 1821; x_wconf 88' lang='lat' dir='ltr'><strong>solam</strong></span> <span class='ocrx_word' id='word_1_89' title='bbox 529 1744 740 1844; x_wconf 87' lang='lat' dir='ltr'><strong>sponsalium</strong></span> <span class='ocrx_word' id='word_1_90' title='bbox 763 1743 1034 1819; x_wconf 75' lang='lat' dir='ltr'><strong>dissolutionem,</strong></span> 
     </span>
    </p>

    <p class='ocr_par' dir='ltr' id='par_1_3' title="bbox 171 1858 1324 3921">
     <span class='ocr_line' id='line_1_13' title="bbox 258 1858 1295 1961; baseline -0.004 -25"><span class='ocrx_word' id='word_1_91' title='bbox 258 1863 366 1960; x_wconf 80' lang='lat' dir='ltr'><strong>blagis</strong></span> <span class='ocrx_word' id='word_1_92' title='bbox 390 1861 435 1936; x_wconf 91' lang='lat' dir='ltr'><strong>ad</strong></span> <span class='ocrx_word' id='word_1_93' title='bbox 459 1886 529 1935; x_wconf 89' lang='lat' dir='ltr'><strong>rem</strong></span> <span class='ocrx_word' id='word_1_94' title='bbox 555 1874 706 1934; x_wconf 89' lang='lat' dir='ltr'><strong>nostram</strong></span> <span class='ocrx_word' id='word_1_95' title='bbox 733 1859 893 1934; x_wconf 86' lang='lat' dir='ltr'><strong>accedere</strong></span> <span class='ocrx_word' id='word_1_96' title='bbox 915 1859 1049 1934; x_wconf 85' lang='lat' dir='ltr'><strong>videtur</strong></span> <span class='ocrx_word' id='word_1_97' title='bbox 1077 1858 1168 1961; x_wconf 89' lang='lat' dir='ltr'><strong>quod</strong></span> <span class='ocrx_word' id='word_1_98' title='bbox 1193 1858 1295 1932; x_wconf 80' lang='lat' dir='ltr'><strong>refert</strong></span> 
     </span>
     <span class='ocr_line' id='line_1_14' title="bbox 172 1973 1293 2076; baseline -0.003 -24"><span class='ocrx_word' id='word_1_99' title='bbox 172 2005 249 2053; x_wconf 85' lang='lat' dir='ltr'><strong>reu.</strong></span> <span class='ocrx_word' id='word_1_100' title='bbox 270 1976 361 2052; x_wconf 85' lang='lat' dir='ltr'><strong>Beda</strong></span> <span class='ocrx_word' id='word_1_101' title='bbox 378 1976 422 2049; x_wconf 89' lang='lat' dir='ltr'><strong>de</strong></span> <span class='ocrx_word' id='word_1_102' title='bbox 438 1974 616 2049; x_wconf 83' lang='lat' dir='ltr'><strong>Edildrida</strong></span> <span class='ocrx_word' id='word_1_103' title='bbox 642 1973 816 2049; x_wconf 88' lang='lat' dir='ltr'><strong>scribens:</strong></span> <span class='ocrx_word' id='word_1_104' title='bbox 848 1976 1019 2076; x_wconf 74' lang='lat' dir='ltr'><strong>«Accepit</strong></span> <span class='ocrx_word' id='word_1_105' title='bbox 1035 2000 1093 2048; x_wconf 84' lang='lat' dir='ltr'><strong>rex</strong></span> <span class='ocrx_word' id='word_1_106' title='bbox 1113 1974 1293 2073; x_wconf 77' lang='lat' dir='ltr'><strong>Eoglridus</strong></span> 
     </span>
     <span class='ocr_line' id='line_1_15' title="bbox 171 2089 1294 2191; baseline -0.004 -22"><span class='ocrx_word' id='word_1_107' title='bbox 171 2093 349 2191; x_wconf 81' lang='lat' dir='ltr'><strong>coniugem</strong></span> <span class='ocrx_word' id='word_1_108' title='bbox 363 2091 499 2165; x_wconf 90' lang='lat' dir='ltr'><strong>nomine</strong></span> <span class='ocrx_word' id='word_1_109' title='bbox 515 2089 727 2165; x_wconf 87' lang='lat' dir='ltr'><strong>Edildridam</strong></span> <span class='ocrx_word' id='word_1_110' title='bbox 744 2147 767 2163; x_wconf 92' lang='lat'><strong>..</strong></span> <span class='ocrx_word' id='word_1_111' title='bbox 778 2149 801 2163; x_wconf 91' lang='lat'><strong>..</strong></span> <span class='ocrx_word' id='word_1_112' title='bbox 824 2090 922 2164; x_wconf 86' lang='lat' dir='ltr'><strong>euius</strong></span> <span class='ocrx_word' id='word_1_113' title='bbox 944 2090 1113 2165; x_wconf 88' lang='lat' dir='ltr'><strong>consortio</strong></span> <span class='ocrx_word' id='word_1_114' title='bbox 1130 2116 1207 2164; x_wconf 92' lang='lat' dir='ltr'><strong>curu</strong></span> <span class='ocrx_word' id='word_1_115' title='bbox 1221 2106 1294 2164; x_wconf 69' lang='lat' dir='ltr'><strong>uw-</strong></span> 
     </span>
     <span class='ocr_line' id='line_1_16' title="bbox 172 2204 1292 2304; baseline -0.004 -22"><span class='ocrx_word' id='word_1_116' title='bbox 172 2224 263 2282; x_wconf 86' lang='lat' dir='ltr'><strong>retur</strong></span> <span class='ocrx_word' id='word_1_117' title='bbox 285 2204 464 2281; x_wconf 85' lang='lat' dir='ltr'><strong>duodecim</strong></span> <span class='ocrx_word' id='word_1_118' title='bbox 488 2205 607 2291; x_wconf 82' lang='lat' dir='ltr'><strong>annis,</strong></span> <span class='ocrx_word' id='word_1_119' title='bbox 632 2220 793 2304; x_wconf 88' lang='lat' dir='ltr'><strong>perpetuo</strong></span> <span class='ocrx_word' id='word_1_120' title='bbox 816 2220 927 2278; x_wconf 64' lang='lat' dir='ltr'><strong>amen</strong></span> <span class='ocrx_word' id='word_1_121' title='bbox 947 2204 1074 2279; x_wconf 90' lang='lat' dir='ltr'><strong>mansit</strong></span> <span class='ocrx_word' id='word_1_122' title='bbox 1087 2204 1292 2302; x_wconf 81' lang='lat' dir='ltr'><strong>virginitatis</strong></span> 
     </span>
     <span class='ocr_line' id='line_1_17' title="bbox 171 2318 1290 2418; baseline 0.003 -26"><span class='ocrx_word' id='word_1_123' title='bbox 171 2319 362 2418; x_wconf 76' lang='lat' dir='ltr'><strong>integritate</strong></span> <span class='ocrx_word' id='word_1_124' title='bbox 384 2318 552 2417; x_wconf 74' lang='lat' dir='ltr'><strong>gloriosa,</strong></span> <span class='ocrx_word' id='word_1_125' title='bbox 577 2320 666 2394; x_wconf 91' lang='lat' dir='ltr'><strong>sicut</strong></span> <span class='ocrx_word' id='word_1_126' title='bbox 681 2319 838 2393; x_wconf 88' lang='lat' dir='ltr'><strong>mihimet</strong></span> <span class='ocrx_word' id='word_1_127' title='bbox 855 2320 1103 2397; x_wconf 82' lang='lat' dir='ltr'><strong>sciscitanti...</strong></span> <span class='ocrx_word' id='word_1_128' title='bbox 1119 2319 1290 2395; x_wconf 87' lang='lat' dir='ltr'><strong>Vallridus</strong></span> 
     </span>
     <span class='ocr_line' id='line_1_18' title="bbox 171 2434 1295 2535; baseline 0 -25"><span class='ocrx_word' id='word_1_129' title='bbox 171 2436 354 2535; x_wconf 89' lang='lat' dir='ltr'><strong>episcopus</strong></span> <span class='ocrx_word' id='word_1_130' title='bbox 373 2434 552 2524; x_wconf 80' lang='lat' dir='ltr'><strong>referebat,</strong></span> <span class='ocrx_word' id='word_1_131' title='bbox 573 2434 692 2508; x_wconf 89' lang='lat' dir='ltr'><strong>diceus</strong></span> <span class='ocrx_word' id='word_1_132' title='bbox 710 2461 748 2509; x_wconf 88' lang='lat' dir='ltr'><strong>se</strong></span> <span class='ocrx_word' id='word_1_133' title='bbox 765 2451 884 2510; x_wconf 89' lang='lat' dir='ltr'><strong>testem</strong></span> <span class='ocrx_word' id='word_1_134' title='bbox 901 2436 1107 2533; x_wconf 70' lang='lat' dir='ltr'><strong>virginitatis</strong></span> <span class='ocrx_word' id='word_1_135' title='bbox 1124 2435 1200 2509; x_wconf 90' lang='lat' dir='ltr'><strong>eius</strong></span> <span class='ocrx_word' id='word_1_136' title='bbox 1216 2460 1295 2510; x_wconf 88' lang='lat' dir='ltr'><strong>esse</strong></span> 
     </span>
     <span class='ocr_line' id='line_1_19' title="bbox 171 2549 1294 2649; baseline -0.001 -24"><span class='ocrx_word' id='word_1_137' title='bbox 171 2550 415 2637; x_wconf 89' lang='lat' dir='ltr'><strong>certissimum,</strong></span> <span class='ocrx_word' id='word_1_138' title='bbox 442 2550 528 2625; x_wconf 89' lang='lat' dir='ltr'><strong>adeo</strong></span> <span class='ocrx_word' id='word_1_139' title='bbox 553 2563 592 2623; x_wconf 92' lang='lat' dir='ltr'><strong>ut</strong></span> <span class='ocrx_word' id='word_1_140' title='bbox 609 2549 788 2647; x_wconf 78' lang='lat' dir='ltr'><strong>lloglridus</strong></span> <span class='ocrx_word' id='word_1_141' title='bbox 816 2550 1007 2649; x_wconf 87' lang='lat' dir='ltr'><strong>promiserit</strong></span> <span class='ocrx_word' id='word_1_142' title='bbox 1025 2576 1063 2625; x_wconf 88' lang='lat' dir='ltr'><strong>se</strong></span> <span class='ocrx_word' id='word_1_143' title='bbox 1078 2551 1111 2625; x_wconf 89' lang='lat' dir='ltr'><strong>ei</strong></span> <span class='ocrx_word' id='word_1_144' title='bbox 1129 2565 1235 2623; x_wconf 87' lang='lat' dir='ltr'><strong>terras</strong></span> <span class='ocrx_word' id='word_1_145' title='bbox 1252 2574 1294 2624; x_wconf 89' lang='lat' dir='ltr'><strong>ac</strong></span> 
     </span>
     <span class='ocr_line' id='line_1_20' title="bbox 171 2663 1293 2766; baseline 0 -28"><span class='ocrx_word' id='word_1_146' title='bbox 171 2664 331 2766; x_wconf 89' lang='lat' dir='ltr'><strong>pecuniae</strong></span> <span class='ocrx_word' id='word_1_147' title='bbox 350 2663 473 2738; x_wconf 87' lang='lat' dir='ltr'><strong>multus</strong></span> <span class='ocrx_word' id='word_1_148' title='bbox 485 2689 564 2739; x_wconf 87' lang='lat' dir='ltr'><strong>esse</strong></span> <span class='ocrx_word' id='word_1_149' title='bbox 576 2663 797 2750; x_wconf 72' lang='lat' dir='ltr'><strong>donatum,</strong></span> <span class='ocrx_word' id='word_1_150' title='bbox 819 2663 849 2738; x_wconf 92' lang='lat' dir='ltr'><strong>si</strong></span> <span class='ocrx_word' id='word_1_151' title='bbox 863 2663 1000 2762; x_wconf 79' lang='lat' dir='ltr'><strong>reginae</strong></span> <span class='ocrx_word' id='word_1_152' title='bbox 1016 2680 1133 2765; x_wconf 87' lang='lat' dir='ltr'><strong>posset</strong></span> <span class='ocrx_word' id='word_1_153' title='bbox 1149 2689 1293 2764; x_wconf 88' lang='lat' dir='ltr'><strong>persua-</strong></span> 
     </span>
     <span class='ocr_line' id='line_1_21' title="bbox 171 2777 1291 2881; baseline -0.001 -27"><span class='ocrx_word' id='word_1_154' title='bbox 171 2781 251 2855; x_wconf 85' lang='lat' dir='ltr'><strong>dere</strong></span> <span class='ocrx_word' id='word_1_155' title='bbox 263 2781 337 2856; x_wconf 91' lang='lat' dir='ltr'><strong>eius</strong></span> <span class='ocrx_word' id='word_1_156' title='bbox 350 2780 399 2855; x_wconf 87' lang='lat' dir='ltr'><strong>uti</strong></span> <span class='ocrx_word' id='word_1_157' title='bbox 412 2781 627 2856; x_wconf 90' lang='lat' dir='ltr'><strong>connubio...</strong></span> <span class='ocrx_word' id='word_1_158' title='bbox 643 2805 732 2881; x_wconf 89' lang='lat' dir='ltr'><strong>quae</strong></span> <span class='ocrx_word' id='word_1_159' title='bbox 748 2779 890 2854; x_wconf 89' lang='lat' dir='ltr'><strong>multum</strong></span> <span class='ocrx_word' id='word_1_160' title='bbox 903 2780 963 2853; x_wconf 92' lang='lat' dir='ltr'><strong>diu</strong></span> <span class='ocrx_word' id='word_1_161' title='bbox 973 2806 1085 2878; x_wconf 81' lang='lat' dir='ltr'><strong>regem</strong></span> <span class='ocrx_word' id='word_1_162' title='bbox 1097 2777 1291 2881; x_wconf 86' lang='lat' dir='ltr'><strong>postulans,</strong></span> 
     </span>
     <span class='ocr_line' id='line_1_22' title="bbox 175 2896 1294 2998; baseline 0 -28"><span class='ocrx_word' id='word_1_163' title='bbox 175 2912 213 2970; x_wconf 92' lang='lat' dir='ltr'><strong>ut</strong></span> <span class='ocrx_word' id='word_1_164' title='bbox 228 2897 332 2972; x_wconf 90' lang='lat' dir='ltr'><strong>seculi</strong></span> <span class='ocrx_word' id='word_1_165' title='bbox 346 2923 445 2972; x_wconf 90' lang='lat' dir='ltr'><strong>curas</strong></span> <span class='ocrx_word' id='word_1_166' title='bbox 463 2897 664 2998; x_wconf 82' lang='lat' dir='ltr'><strong>relinquere,</strong></span> <span class='ocrx_word' id='word_1_167' title='bbox 682 2912 784 2998; x_wconf 88' lang='lat' dir='ltr'><strong>atque</strong></span> <span class='ocrx_word' id='word_1_168' title='bbox 796 2898 832 2969; x_wconf 94' lang='lat' dir='ltr'><strong>in</strong></span> <span class='ocrx_word' id='word_1_169' title='bbox 847 2896 1052 2972; x_wconf 87' lang='lat' dir='ltr'><strong>monasterio</strong></span> <span class='ocrx_word' id='word_1_170' title='bbox 1069 2910 1196 2971; x_wconf 79' lang='grc' dir='ltr'>ιιιιιιιιιιι</span> <span class='ocrx_word' id='word_1_171' title='bbox 1214 2920 1294 2970; x_wconf 86' lang='lat' dir='ltr'><strong>vero</strong></span> 
     </span>
     <span class='ocr_line' id='line_1_23' title="bbox 173 3008 1293 3114; baseline -0.001 -30"><span class='ocrx_word' id='word_1_172' title='bbox 173 3013 243 3109; x_wconf 78' lang='lat' dir='ltr'><strong>regi</strong></span> <span class='ocrx_word' id='word_1_173' title='bbox 264 3012 399 3087; x_wconf 83' lang='lat' dir='ltr'><strong>Christo</strong></span> <span class='ocrx_word' id='word_1_174' title='bbox 418 3013 544 3088; x_wconf 85' lang='lat' dir='ltr'><strong>servire</strong></span> <span class='ocrx_word' id='word_1_175' title='bbox 560 3013 817 3114; x_wconf 77' lang='lat' dir='ltr'><strong>permitteretur.</strong></span> <span class='ocrx_word' id='word_1_176' title='bbox 840 3011 938 3099; x_wconf 86' lang='lat' dir='ltr'><strong>Quod</strong></span> <span class='ocrx_word' id='word_1_177' title='bbox 954 3012 1014 3086; x_wconf 93' lang='lat' dir='ltr'><strong>ubi</strong></span> <span class='ocrx_word' id='word_1_178' title='bbox 1033 3013 1090 3087; x_wconf 85' lang='lat' dir='ltr'><strong>vix</strong></span> <span class='ocrx_word' id='word_1_179' title='bbox 1109 3008 1293 3111; x_wconf 89' lang='lat' dir='ltr'><strong>aliquando</strong></span> 
     </span>
     <span class='ocr_line' id='line_1_24' title="bbox 172 3127 1296 3228; baseline -0.001 -28"><span class='ocrx_word' id='word_1_180' title='bbox 172 3129 382 3228; x_wconf 84' lang='lat' dir='ltr'><strong>impetravit,</strong></span> <span class='ocrx_word' id='word_1_181' title='bbox 410 3128 546 3202; x_wconf 84' lang='lat' dir='ltr'><strong>intrarit</strong></span> <span class='ocrx_word' id='word_1_182' title='bbox 569 3129 811 3203; x_wconf 89' lang='lat' dir='ltr'><strong>monasterium</strong></span> <span class='ocrx_word' id='word_1_183' title='bbox 831 3130 958 3226; x_wconf 75' lang='grc'><strong>(21).»</strong></span> <span class='ocrx_word' id='word_1_184' title='bbox 986 3128 1082 3202; x_wconf 85' lang='lat' dir='ltr'><strong>Certe</strong></span> <span class='ocrx_word' id='word_1_185' title='bbox 1102 3127 1160 3201; x_wconf 90' lang='lat' dir='ltr'><strong>hic</strong></span> <span class='ocrx_word' id='word_1_186' title='bbox 1182 3127 1296 3225; x_wconf 80' lang='lat' dir='ltr'><strong>agitur</strong></span> 
     </span>
     <span class='ocr_line' id='line_1_25' title="bbox 171 3243 1295 3345; baseline -0.004 -27"><span class='ocrx_word' id='word_1_187' title='bbox 171 3246 215 3320; x_wconf 91' lang='lat' dir='ltr'><strong>de</strong></span> <span class='ocrx_word' id='word_1_188' title='bbox 239 3244 451 3319; x_wconf 89' lang='lat' dir='ltr'><strong>matrimonio</strong></span> <span class='ocrx_word' id='word_1_189' title='bbox 474 3260 602 3319; x_wconf 88' lang='lat' dir='ltr'><strong>tantum</strong></span> <span class='ocrx_word' id='word_1_190' title='bbox 625 3260 715 3332; x_wconf 85' lang='lat' dir='ltr'><strong>rato,</strong></span> <span class='ocrx_word' id='word_1_191' title='bbox 736 3271 844 3344; x_wconf 90' lang='lat' dir='ltr'><strong>eoque</strong></span> <span class='ocrx_word' id='word_1_192' title='bbox 867 3244 1014 3320; x_wconf 88' lang='lat' dir='ltr'><strong>discisso</strong></span> <span class='ocrx_word' id='word_1_193' title='bbox 1038 3244 1151 3345; x_wconf 74' lang='lat' dir='ltr'><strong>quoad</strong></span> <span class='ocrx_word' id='word_1_194' title='bbox 1175 3243 1295 3316; x_wconf 87' lang='lat' dir='ltr'><strong>rinen-</strong></span> 
     </span>
     <span class='ocr_line' id='line_1_26' title="bbox 173 3358 1324 3447; baseline -0.002 -16"><span class='ocrx_word' id='word_1_195' title='bbox 173 3361 261 3447; x_wconf 90' lang='lat' dir='ltr'><strong>lum;</strong></span> <span class='ocrx_word' id='word_1_196' title='bbox 291 3385 370 3433; x_wconf 87' lang='lat' dir='ltr'><strong>narn</strong></span> <span class='ocrx_word' id='word_1_197' title='bbox 395 3375 541 3433; x_wconf 88' lang='lat' dir='ltr'><strong>testante</strong></span> <span class='ocrx_word' id='word_1_198' title='bbox 569 3359 697 3434; x_wconf 83' lang='lat' dir='ltr'><strong>Thema</strong></span> <span class='ocrx_word' id='word_1_199' title='bbox 713 3358 862 3446; x_wconf 86' lang='lat' dir='ltr'><strong>Eliensi‚</strong></span> <span class='ocrx_word' id='word_1_200' title='bbox 892 3386 949 3434; x_wconf 89' lang='lat' dir='ltr'><strong>rex</strong></span> <span class='ocrx_word' id='word_1_201' title='bbox 970 3386 1093 3434; x_wconf 79' lang='lat' dir='ltr'><strong>uorum</strong></span> <span class='ocrx_word' id='word_1_202' title='bbox 1118 3358 1195 3432; x_wconf 91' lang='lat' dir='ltr'><strong>iniit</strong></span> <span class='ocrx_word' id='word_1_203' title='bbox 1213 3382 1295 3431; x_wconf 91' lang='lat' dir='ltr'><strong>oon-</strong></span> <span class='ocrx_word' id='word_1_204' title='bbox 1322 3391 1324 3394; x_wconf 48' lang='lat'>&gt;</span> 
     </span>
     <span class='ocr_line' id='line_1_27' title="bbox 173 3473 1288 3577; baseline -0.001 -29"><span class='ocrx_word' id='word_1_205' title='bbox 173 3477 316 3576; x_wconf 78' lang='lat' dir='ltr'><strong>iugium.</strong></span> <span class='ocrx_word' id='word_1_206' title='bbox 345 3475 469 3551; x_wconf 90' lang='lat' dir='ltr'><strong>Scribit</strong></span> <span class='ocrx_word' id='word_1_207' title='bbox 492 3476 604 3564; x_wconf 89' lang='lat' dir='ltr'><strong>enim,</strong></span> <span class='ocrx_word' id='word_1_208' title='bbox 626 3476 814 3577; x_wconf 91' lang='lat' dir='ltr'><strong>quodcum</strong></span> <span class='ocrx_word' id='word_1_209' title='bbox 832 3477 957 3551; x_wconf 81' lang='lat' dir='ltr'><strong>frustra</strong></span> <span class='ocrx_word' id='word_1_210' title='bbox 978 3502 1035 3550; x_wconf 80' lang='lat' dir='ltr'><strong>rex</strong></span> <span class='ocrx_word' id='word_1_211' title='bbox 1058 3473 1288 3559; x_wconf 87' lang='lat' dir='ltr'><strong>Edildridam,</strong></span> 
     </span>
     <span class='ocr_line' id='line_1_28' title="bbox 173 3588 1295 3691; baseline -0.004 -25"><span class='ocrx_word' id='word_1_212' title='bbox 173 3617 234 3666; x_wconf 88' lang='lat' dir='ltr'><strong>sou</strong></span> <span class='ocrx_word' id='word_1_213' title='bbox 259 3607 298 3666; x_wconf 91' lang='lat' dir='ltr'><strong>ut</strong></span> <span class='ocrx_word' id='word_1_214' title='bbox 320 3617 395 3665; x_wconf 89' lang='lat' dir='ltr'><strong>eam</strong></span> <span class='ocrx_word' id='word_1_215' title='bbox 416 3606 534 3679; x_wconf 82' lang='lat' dir='ltr'><strong>vocat,</strong></span> <span class='ocrx_word' id='word_1_216' title='bbox 553 3591 810 3679; x_wconf 87' lang='lat' dir='ltr'><strong>Etheldredam,</strong></span> <span class='ocrx_word' id='word_1_217' title='bbox 835 3615 1034 3691; x_wconf 87' lang='lat' dir='ltr'><strong>recuperare</strong></span> <span class='ocrx_word' id='word_1_218' title='bbox 1050 3588 1193 3663; x_wconf 91' lang='lat' dir='ltr'><strong>adnisus</strong></span> <span class='ocrx_word' id='word_1_219' title='bbox 1211 3588 1295 3662; x_wconf 91' lang='lat' dir='ltr'><strong>luis·</strong></span> 
     </span>
     <span class='ocr_line' id='line_1_29' title="bbox 173 3703 1295 3807; baseline -0.004 -25"><span class='ocrx_word' id='word_1_220' title='bbox 173 3724 226 3782; x_wconf 90' lang='lat' dir='ltr'><strong>set</strong></span> <span class='ocrx_word' id='word_1_221' title='bbox 252 3708 475 3783; x_wconf 74' lang='lat' dir='ltr'><strong>«Eboracum</strong></span> <span class='ocrx_word' id='word_1_222' title='bbox 493 3707 597 3796; x_wconf 89' lang='lat' dir='ltr'><strong>redit,</strong></span> <span class='ocrx_word' id='word_1_223' title='bbox 625 3708 970 3807; x_wconf 79' lang='lat' dir='ltr'><strong>Ermemburgemque</strong></span> <span class='ocrx_word' id='word_1_224' title='bbox 994 3705 1060 3781; x_wconf 93' lang='lat' dir='ltr'><strong>sibi</strong></span> <span class='ocrx_word' id='word_1_225' title='bbox 1079 3703 1295 3778; x_wconf 87' lang='lat' dir='ltr'><strong>matrimonio</strong></span> 
     </span>
     <span class='ocr_line' id='line_1_30' title="bbox 174 3822 485 3921; baseline -0.01 -24"><span class='ocrx_word' id='word_1_226' title='bbox 174 3822 346 3921; x_wconf 84' lang='lat' dir='ltr'><strong>copularit</strong></span> <span class='ocrx_word' id='word_1_227' title='bbox 365 3826 485 3921; x_wconf 75' lang='grc'>(22).»</span> 
     </span>
    </p>

    <p class='ocr_par' dir='ltr' id='par_1_4' title="bbox 250 3934 1296 4042">
     <span class='ocr_line' id='line_1_31' title="bbox 250 3934 1296 4042; baseline 0 -32"><span class='ocrx_word' id='word_1_228' title='bbox 250 3938 299 4011; x_wconf 78' lang='lat' dir='ltr'><strong>Ex</strong></span> <span class='ocrx_word' id='word_1_229' title='bbox 312 3939 368 4013; x_wconf 91' lang='lat' dir='ltr'><strong>bis</strong></span> <span class='ocrx_word' id='word_1_230' title='bbox 386 3939 533 4042; x_wconf 88' lang='lat' dir='ltr'><strong>aliisque</strong></span> <span class='ocrx_word' id='word_1_231' title='bbox 552 3938 718 4014; x_wconf 89' lang='lat' dir='ltr'><strong>eiusmodi</strong></span> <span class='ocrx_word' id='word_1_232' title='bbox 736 3939 948 4014; x_wconf 89' lang='lat' dir='ltr'><strong>documentis</strong></span> <span class='ocrx_word' id='word_1_233' title='bbox 963 3939 1061 4013; x_wconf 89' lang='lat' dir='ltr'><strong>lacile</strong></span> <span class='ocrx_word' id='word_1_234' title='bbox 1073 3951 1126 4012; x_wconf 89' lang='lat' dir='ltr'><strong>est</strong></span> <span class='ocrx_word' id='word_1_235' title='bbox 1138 3934 1296 4035; x_wconf 76' lang='lat' dir='ltr'><strong>colligere</strong></span> 
     </span>
    </p>
   </div>
   <div class='ocr_carea' id='block_1_3' title="bbox 245 4196 1296 4422">
    <p class='ocr_par' dir='ltr' id='par_1_5' title="bbox 245 4196 1296 4422">
     <span class='ocr_line' id='line_1_32' title="bbox 246 4196 945 4263; baseline 0 -17"><span class='ocrx_word' id='word_1_236' title='bbox 246 4196 296 4259; x_wconf 79' lang='lat' dir='ltr'><strong>(to)</strong></span> <span class='ocrx_word' id='word_1_237' title='bbox 315 4197 388 4246; x_wconf 83' lang='lat' dir='ltr'><strong>Vttes</strong></span> <span class='ocrx_word' id='word_1_238' title='bbox 403 4200 523 4261; x_wconf 81' lang='lat' dir='ltr'><strong>potrum,</strong></span> <span class='ocrx_word' id='word_1_239' title='bbox 535 4210 590 4263; x_wconf 81' lang='lat' dir='ltr'><strong>cap.</strong></span> <span class='ocrx_word' id='word_1_240' title='bbox 603 4202 655 4249; x_wconf 81' lang='lat' dir='ltr'><strong>xx.</strong></span> <span class='ocrx_word' id='word_1_241' title='bbox 667 4196 706 4248; x_wconf 85' lang='lat' dir='ltr'><strong>ed.</strong></span> <span class='ocrx_word' id='word_1_242' title='bbox 722 4199 800 4247; x_wconf 80' lang='lat' dir='ltr'><strong>Maur.</strong></span> <span class='ocrx_word' id='word_1_243' title='bbox 813 4197 861 4247; x_wconf 86' lang='lat' dir='ltr'><strong>ool.</strong></span> <span class='ocrx_word' id='word_1_244' title='bbox 877 4203 945 4247; x_wconf 77' lang='lat'><strong>1252.</strong></span> 
     </span>
     <span class='ocr_line' id='line_1_33' title="bbox 246 4274 1210 4345; baseline -0.002 -19"><span class='ocrx_word' id='word_1_245' title='bbox 246 4275 297 4339; x_wconf 83' lang='lat' dir='ltr'><strong>(rt)</strong></span> <span class='ocrx_word' id='word_1_246' title='bbox 313 4278 383 4327; x_wconf 76' lang='lat' dir='ltr'><strong>Htst.</strong></span> <span class='ocrx_word' id='word_1_247' title='bbox 401 4277 504 4345; x_wconf 71' lang='lat' dir='ltr'><strong>nuptm.</strong></span> <span class='ocrx_word' id='word_1_248' title='bbox 519 4277 944 4329; x_wconf 76' lang='lat' dir='ltr'><strong>ttu.1V.c.x1n.sd.Bustt.1sot.</strong></span> <span class='ocrx_word' id='word_1_249' title='bbox 959 4277 1021 4327; x_wconf 81' lang='lat' dir='ltr'><strong>tom.</strong></span> <span class='ocrx_word' id='word_1_250' title='bbox 1036 4277 1080 4326; x_wconf 81' lang='lat'><strong>11¹.</strong></span> <span class='ocrx_word' id='word_1_251' title='bbox 1092 4274 1141 4326; x_wconf 88' lang='lat' dir='ltr'><strong>eol.</strong></span> <span class='ocrx_word' id='word_1_252' title='bbox 1157 4280 1210 4326; x_wconf 71' lang='lat' dir='ltr'><strong>tes.</strong></span> 
     </span>
     <span class='ocr_line' id='line_1_34' title="bbox 245 4354 1296 4422; baseline -0.004 -14"><span class='ocrx_word' id='word_1_253' title='bbox 245 4356 296 4421; x_wconf 82' lang='grc' dir='ltr'>(ιι)</span> <span class='ocrx_word' id='word_1_254' title='bbox 311 4358 340 4407; x_wconf 89' lang='lat' dir='ltr'><strong>In</strong></span> <span class='ocrx_word' id='word_1_255' title='bbox 363 4355 471 4408; x_wconf 74' lang='lat' dir='ltr'><strong>Historia</strong></span> <span class='ocrx_word' id='word_1_256' title='bbox 494 4357 585 4409; x_wconf 81' lang='lat' dir='ltr'><strong>Ellcnsi</strong></span> <span class='ocrx_word' id='word_1_257' title='bbox 603 4357 668 4422; x_wconf 85' lang='lat' dir='ltr'><strong>apud</strong></span> <span class='ocrx_word' id='word_1_258' title='bbox 687 4358 853 4409; x_wconf 85' lang='lat' dir='ltr'><strong>Wbartonnrn</strong></span> <span class='ocrx_word' id='word_1_259' title='bbox 873 4355 970 4420; x_wconf 72' lang='lat' dir='ltr'><strong>Aeolio</strong></span> <span class='ocrx_word' id='word_1_260' title='bbox 989 4357 1141 4421; x_wconf 69' lang='lat' dir='ltr'><strong>somapart.</strong></span> <span class='ocrx_word' id='word_1_261' title='bbox 1154 4357 1174 4407; x_wconf 86' lang='grc'><strong>1.</strong></span> <span class='ocrx_word' id='word_1_262' title='bbox 1190 4354 1296 4407; x_wconf 81' lang='lat' dir='ltr'><strong>bondinl</strong></span> 
     </span>
    </p>
   </div>
   <div class='ocr_carea' id='block_1_4' title="bbox 175 4441 1128 4559">
    <p class='ocr_par' dir='ltr' id='par_1_6' title="bbox 175 4441 1128 4559">
     <span class='ocr_line' id='line_1_35' title="bbox 175 4441 385 4500; baseline 0 -14"><span class='ocrx_word' id='word_1_263' title='bbox 175 4442 243 4488; x_wconf 83' lang='lat' dir='ltr'><strong>rent.</strong></span> <span class='ocrx_word' id='word_1_264' title='bbox 256 4448 311 4500; x_wconf 73' lang='lat' dir='ltr'><strong>pag.</strong></span> <span class='ocrx_word' id='word_1_265' title='bbox 329 4441 385 4489; x_wconf 84' lang='lat' dir='ltr'><strong>oss.</strong></span> 
     </span>
     <span class='ocr_line' id='line_1_36' title="bbox 1107 4515 1128 4559; baseline 0 0"><span class='ocrx_word' id='word_1_266' title='bbox 1107 4515 1128 4559; x_wconf 76' lang='lat' dir='ltr'><strong>s</strong></span> 
     </span>
    </p>
   </div>
   <div class='ocr_carea' id='block_1_5' title="bbox 0 0 1622 5084">
    <p class='ocr_par' dir='ltr' id='par_1_7' title="bbox 0 0 1622 5084">
     <span class='ocr_line' id='line_1_37' title="bbox 0 0 1622 5084; baseline 0 0"><span class='ocrx_word' id='word_1_267' title='bbox 0 0 1622 5084; x_wconf 95' lang='lat' dir='ltr'><strong> </strong></span> 
     </span>
    </p>
   </div>
  </div>
 </body>
</html>
